2185 2720
167 134 313 169 LXXVI
846 127 1372 157 PROLEGOMENA.

173 214 289 240 hunni-c
310 206 452 235 deiciant.
491 203 525 231 Id
546 203 588 230 ita
609 212 690 236 csse,
725 211 786 229 nou
814 202 911 230 solum
932 207 1073 230 ueterum
1101 201 1288 239 scriptorum
1307 201 1387 236 loci,
1418 201 1450 228 in
1481 202 1590 239 quibus
1611 205 1737 233 uerbum
1758 206 1830 234 illut
1850 211 2041 244 usurpatum,

171 268 279 290 uei-uui
300 256 363 293 ipsa
384 253 492 285 etiam,
513 250 588 288 quae
610 249 638 276 ei
659 248 779 284 subest,
799 248 846 276 uis
868 248 994 287 propria
1015 248 1114 277 docet.
1153 248 1232 276 Nam
1253 249 1334 275 coire.
1355 247 1407 286 qui
1429 258 1498 276 cum
1518 248 1620 286 aliquo
1642 250 1770 287 dicitur,
1791 263 1860 281 cum
1881 253 1983 292 aliquo
2004 254 2042 283 ad

171 305 288 344 aliquid
308 298 496 331 coniunctim
517 297 580 331 ire,
607 295 723 334 aliquid
744 295 934 324 coniunctim
957 305 1024 323 clun
1046 305 1082 322 co
1102 300 1209 334 petere
1230 295 1430 331 intellegitur.
1469 294 1575 332 ltaque
1596 296 1680 324 coire
1701 298 1877 328 candidatus
1898 311 1965 329 cum
1987 311 2041 329 so-

171 354 290 383 dalibus
312 358 373 377 non
402 348 504 383 potest
531 342 611 377 dici,
645 342 795 380 siqnidem
816 352 878 370 non
898 352 958 370 una
985 352 1053 370 cum
1074 342 1229 370 sodalibus
1250 341 1368 379 aliquid
1394 341 1492 380 petit,
1519 346 1565 370 set
1584 347 1702 371 tantum
1723 342 1756 370 iu
1775 346 1927 382 petitione
1947 347 1983 375 ab
2004 347 2043 376 iis

171 402 341 431 adimuntur,
381 394 524 421 Ceterum
545 389 617 417 uide
638 399 714 427 quae
741 389 778 416 ad
798 389 951 417 rationem
980 389 1126 417 coitionis
1154 388 1325 416 accuratius
1354 388 1592 425 intellegendam
1620 389 1652 417 in
1676 390 1792 418 Comm.
1822 392 1859 419 ad
1879 393 1912 421 C.
1933 393 2045 423 XXII.

171 448 197 488 ς,
218 448 262 475 55,
289 440 490 473 dubitabitis,
515 438 635 476 inquit,
655 438 731 474 quin
750 438 840 464 coitio
859 435 957 473 fite-ta
976 437 1017 463 sit
1038 446 1055 463 a
1074 446 1121 463 me
1141 435 1258 463 monita
1277 439 1357 463 sunt.
1396 435 1475 463 Loci
1495 441 1613 472 autem,
1642 437 1674 465 iu
1697 438 1809 476 quibus
1829 439 1958 467 uerbum
1977 451 2046 469 coe*

171 494 249 523 andi
269 490 472 525 coitionisque
492 495 545 520 eo,
566 494 626 522 quo
647 483 729 518 dixi,
750 493 841 511 sensu
861 487 1062 521 usurpatum,
1083 481 1115 510 hi
1137 487 1224 510 sunt:

245 539 317 567 Liu.
338 535 395 571 III,
414 535 460 563 35.
491 534 688 570 Deiectio-que
707 530 819 559 honore
834 541 893 568 per
913 531 1074 559 coitionem
1094 529 1213 557 (luobus
1233 530 1372 568 Quintiis
1391 545 1430 550 —
1448 540 1644 569 nequaquam
1667 531 1830 569 splendore
1851 532 1937 560 uitae
1950 542 2048 570 pares

172 586 358 617 decemuiros
378 586 462 609 creat
483 584 540 608 etc.

247 632 312 661 Cic.
332 639 390 668 pro
410 627 512 655 Plane.
533 625 567 654 C.
588 624 698 653 XXII.
718 622 746 664 §.
767 624 812 653 53.
845 623 1038 659 dubitabitis,
1058 624 1170 661 inquit,
1191 626 1267 662 quin
1287 625 1379 652 coitio
1399 624 1499 662 facta
1518 626 1572 662 sil,
1592 636 1662 654 cum
1682 626 1780 654 tribus
1793 627 1960 664 plerasque
1979 636 2050 655 cum

172 681 277 712 Plotio
297 676 403 705 tulerit
424 672 604 702 Plancius?
640 672 822 710 quibuscum
842 671 1027 700 conferenda
1047 675 1134 706 sunt,
1164 681 1241 709 quae
1260 671 1351 710 paulo
1372 676 1444 710 post
1463 669 1490 710 §.
1513 672 1556 699 54.
1580 671 1690 700 Cicero
1712 672 1808 709 dicit,
1834 672 1964 701 uerbum
1985 673 2050 701 cm·-

173 729 266 757 tionis
285 725 352 762 ipse
372 726 498 759 optume
519 718 692 757 explicans:
727 729 821 756 quam
841 720 984 746 conuenit
1005 717 1141 745 nondum
1169 720 1294 756 cognita
1308 720 1422 756 populi
1450 719 1611 747 uoluntate
1639 720 1712 756 lios,
1745 730 1842 759 quos
1860 721 1938 748 iam
1964 725 2046 747 tum

173 775 289 803 conia
300 775 415 798 actos
434 767 571 805 fuisse
591 766 712 799 dicis,
737 768 895 794 iacturam
913 775 1045 793 suarum
1065 765 1216 797 tribuum,
1242 776 1301 803 quo
1322 776 1376 794 uos
1395 766 1646 799 aclizmczreminis
1665 767 1791 804 secisse.

248 820 312 847 Cic.
339 817 376 845 ad
401 815 466 843 Att.
487 813 517 849 Ι,
546 822 588 848 17.
616 811 668 851 (T.
696 812 718 840 I.
746 823 775 851 p.
796 821 840 849 97.
869 810 915 839 ed.
943 810 1052 850 Sch..):
1084 813 1255 842 Lucceium
1280 814 1357 841 seito
1384 813 1580 841 consulatum
1609 813 1721 842 habere
1747 816 1781 842 in
1807 815 1910 842 animo
1936 814 2048 842 statim

169 876 283 909 petere.
322 865 396 894 Duo
416 863 497 890 enim
515 861 572 888 soli
592 860 740 888 dicuntur
755 860 900 896 petituri.
938 860 1052 888 Caesar
1071 870 1142 888 cum
1160 853 1202 889 eo*
1213 862 1293 888 coire
1307 871 1367 898 per
1385 860 1519 889 Arrium
1539 862 1677 898 cogitat,⁸
1709 867 1737 888 et
1758 860 1887 889 Bibulus
1906 870 1976 888 cum
1994 860 2050 888 lwe

173 929 204 946 se
221 919 317 953 putat
332 921 390 949 per
410 910 554 937 Pisonem
571 917 658 944 posse
679 908 835 944 coniungi.
1976 899 1981 901 ”

248 960 314 989 Cic.
335 956 371 985 ad
393 956 431 992 Q
452 955 490 983 fr.
511 953 568 989 III,
590 963 613 981 1.
634 953 686 992 (T.
708 953 747 982 II.
766 964 797 992 p.
818 962 880 981 222.
901 952 947 981 ed.
969 952 1078 993 Sch..):
1100 952 1191 990 Quod
1207 953 1315 982 scribis
1335 958 1364 981 te
1383 954 1508 982 audisse
1527 956 1561 982 in
1581 955 1817 983 candidatorum
1838 953 2050 982 consularium

174 1011 303 1039 coitione
325 1014 370 1032 me
390 1001 587 1039 interfizisse,
608 1001 643 1028 id
652 1000 778 1038 falsum
799 1006 850 1028 est.
888 1001 1051 1031 Eiusmodi
1070 1003 1152 1030 enim
1168 1003 1329 1039 pactiones
1348 1003 1381 1028 in.
1403 1011 1438 1029 ea
1458 1002 1588 1029 coitione
1603 1002 1716 1038 saetae
1736 1007 1828 1033 sunt,
1849 1011 1927 1039 quas
1943 1005 2052 1036 postea

175 1055 344 1084 sslemmius
365 1049 538 1088 patefecit,
575 1053 610 1075 ut
637 1057 723 1075 nemo
752 1046 848 1075 bonus
874 1049 1018 1076 interesse
1039 1049 1198 1083 debuerit;
1234 1054 1261 1077 et
1281 1049 1378 1076 simul
1395 1047 1472 1076 mihi
1492 1048 1735 1076 conmittenclum
1755 1058 1815 1075 non
1834 1047 1925 1085 ficit,
1951 1053 1986 1075 ut
2011 1047 2052 1074 iic

176 1099 361 1130 coitionibus
380 1099 573 1132 interessem,
594 1094 706 1133 quibus
726 1094 882 1123 ille-§salla
902 1095 1122 1124 excluderetur.

249 1147 365 1176 Eadem
385 1144 422 1172 de
442 1153 476 1172 re
497 1143 606 1171 Cicero
627 1142 720 1170 etiam
740 1142 778 1170 ad
797 1142 863 1170 Att.
884 1142 949 1177 IV,
973 1144 1014 1171 18.
1036 1142 1087 1182 (T.
1108 1142 1148 1171 II.
1168 1153 1198 1181 p.
1218 1143 1271 1172 311
1294 1153 1336 1181 sq.
1358 1142 1403 1170 cd.
1425 1140 1519 1179 sch..)
1539 1140 1675 1180 scripsit.

249 1195 357 1232 Itaque
377 1190 614 1224 manifestumst,
633 1189 768 1227 primum
788 1189 864 1226 legis
884 1189 1044 1225 Liciniae,
1065 1200 1140 1228 quae
1162 1190 1198 1217 de
1219 1190 1374 1218 sodaliciis
1394 1189 1470 1225 fuit,
1491 1193 1583 1226 caput
1603 1199 1665 1216 uon
1686 1187 1775 1223 illut,
1796 1197 1835 1215 ne
1856 1187 1923 1226 qui's
1945 1186 2053 1223 coiret,

177 1253 285 1273 uerum
304 1241 364 1269 hoc
386 1248 452 1267 esse
479 1237 635 1271 debuisse,
668 1246 707 1264 ne
735 1236 802 1274 quis
832 1236 865 1265 in
884 1237 1039 1275 petitione
1065 1237 1279 1266 sodalitatibus
1306 1238 1343 1266 ad
1371 1236 1584 1274 extorquenda
1608 1235 1719 1274 populi
1747 1235 1887 1272 suffragia
1904 1239 2054 1262 uteretur.

178 1288 391 1319 Nihilominus
412 1295 475 1313 non
496 1284 620 1319 dubito,
641 1283 715 1321 quin
735 1283 808 1312 illut
827 1293 949 1322 quoque
969 1283 1002 1312 111
1028 1284 1095 1321 lege
1116 1284 1174 1312 ista
1192 1284 1400 1322 perscriptum
1422 1283 1632 1321 sancitnmque
1652 1282 1766 1318 suerit,
1796 1292 1835 1310 110
1858 1281 1926 1320 quis
1946 1281 2054 1309 coiret.

178 1338 257 1366 Nam
279 1335 374 1363 coitio
394 1333 448 1360 illa
468 1331 504 1359 ad
523 1331 588 1359 uim
608 1330 801 1368 pertinebat,
823 1331 991 1369 siquidem,
1022 1336 1057 1359 ut
1077 1331 1130 1359 alii
1154 1331 1307 1359 candidati
1327 1330 1446 1358 honore
1468 1330 1681 1366 deicerentur,
1712 1330 1821 1358 effecit.
1859 1329 1935 1357 Fuit
1954 1333 2056 1356 autem

179 1386 230 1413 lex
250 1382 374 1411 Licinia
394 1390 500 1408 eorum
521 1388 624 1407 caussa
651 1378 726 1414 lata,
761 1378 812 1416 qui
841 1378 878 1405 ad
904 1377 1135 1416 adipiscendum
1154 1377 1306 1406 honorem
1326 1378 1390 1405 111111
1410 1377 1632 1406 adhibuissent.
1673 1376 1821 1412 Accedit,
1853 1375 1936 1414 quod
1956 1375 2052 1403 coitio

179 1433 234 1459 illa
254 1429 323 1458 ficri
344 1428 400 1457 uix
418 1427 538 1466 potuit,
572 1426 632 1454 nisi
653 1426 711 1461 ita,
744 1432 778 1455 ut
799 1425 970 1460 candidati,
1007 1425 1059 1463 (1111
1081 1425 1235 1460 coissent,
1264 1425 1421 1453 sodalibus
1443 1424 1479 1452 ad
1499 1434 1582 1459 rem,
1609 1434 1697 1462 quam
1716 1423 1881 1458 uolebant,
1901 1432 2054 1461 peragun-

180 1479 249 1506 dam
268 1480 438 1505 uterentur.
476 1474 637 1512 Denique,
672 1484 731 1511 quo
753 1473 904 1501 sententia
923 1482 990 1501 mea
1009 1483 1135 1511 prorsus
1156 1473 1370 1508 confirmatur,
1409 1482 1447 1499 ex
1467 1472 1532 1509 ipsa
1553 1472 1693 1499 oratione
1715 1469 1877 1498 Planciana
1897 1469 2054 1505 discimus,

182 1526 381 1553 Laterensem
401 1522 432 1551 id
452 1516 553 1561 ipsum
574 1520 700 1549 Plancio
722 1521 890 1557 obiecisse,
911 1520 993 1559 quod
1014 1520 1182 1548 coitionem
1202 1520 1336 1549 fecisset.
1376 1519 1458 1548 side
1479 1519 1513 1548 C.
1534 1518 1644 1547 XXII.
1666 1516 1693 1557 §
1713 1518 1767 1546 53..

1075 1593 1102 1634 §.
1132 1600 1158 1627 3.

886 1667 950 1699 De
989 1677 1150 1710 genere
1186 1667 1349 1704 indici,

456 1726 575 1766 Quod
597 1725 639 1758 in
663 1725 974 1758 sodaliciorum
1004 1735 1096 1756 reos
1126 1725 1221 1767 lege
1250 1724 1426 1756 Licinia
1450 1723 1689 1755 exercitum
1711 1721 1780 1752 sit.

260 1804 522 1842 Quemadmodum
541 1804 663 1842 grauius
684 1803 901 1832 sodaliciorum
927 1813 1017 1841 quam
1040 1803 1153 1831 ambiw
1193 1803 1246 1829 mi.
1261 1812 1310 1830 :cn
1330 1802 1407 1837 suit,
1441 1800 1483 1829 ita
1510 1800 1649 1828 acerbius
1671 1798 1762 1826 etiam
1782 1798 1815 1825 in
1835 1795 2054 1825 sodaliciorum

187 1864 271 1887 τως,
292 1860 380 1890 quam
400 1852 432 1879 111
453 1862 522 1887 cos,
550 1851 603 1889 qui
624 1851 660 1878 (10
681 1851 797 1879 ambitu
822 1849 973 1889 postulati
1001 1856 1104 1885 erant.
1137 1851 1139 1853 ’
1191 1850 1282 1877 'alum
1303 1849 1504 1877 constitutum
1526 1852 1598 1875 erat.
1639 1846 1748 1883 Neque
1768 1855 1826 1883 qua
1846 1844 1878 1871 111
1898 1853 1932 1871 rc
1952 1842 2055 1881 posita

186 1900 281 1928 suerit
306 1899 398 1926 huius
418 1899 514 1926 iudici
541 1898 706 1933 acerbitas,
734 1897 791 1925 etsi
810 1907 874 1925 11011
895 1903 939 1925 est
967 1897 1003 1925 ab
1032 1897 1085 1926 iis,
1198 1897 1234 1925 de
1260 1897 1325 1934 lege
1345 1895 1471 1924 Licinia
1497 1898 1724 1932 exposuerunt,
1751 1892 1824 1920 satis
1851 1890 2054 1925 intellecmm,

188 1947 364 1975 ‹-,.‚.uicctura
384 1950 501 1974 tantum
537 1945 687 1980 diuinari,
720 1955 828 1973 uerum
855 1955 894 1973 ex
920 1944 977 1973 hac
1011 1944 1076 1982 ipsa
1103 1955 1145 1970 ..v-1
1161 1944 1242 1972 iione
1269 1943 1342 1972 satis
1369 1952 1524 1982 superque
1551 1939 1752 1968 demonstrari
1781 1943 1892 1977 potest.
1940 1937 2056 1966 Scribit

189 1995 300 2022 Cicero
321 1991 354 2021 C.
375 1992 450 2020 XV.
471 1990 498 2030 §.
519 1992 580 2020 3G.:

262 2042 314 2068 Set
334 2040 502 2077 aliquando
517 2041 685 2067 'ueniamus
705 2040 749 2068 ad
766 2049 925 2076 caussam,
959 2040 994 2067 in
1015 2048 1078 2076 qua
1098 2045 1130 2066 lu
1154 2040 1275 2067 nomine
1294 2039 1370 2076 legis
1390 2037 1552 2068 Licinias,
1582 2040 1689 2073 quaest
1709 2034 1745 2062 cle
1765 2033 1938 2064 sodaliciis,
1958 2032 2056 2058 omnis

189 2087 324 2116 ambitus
344 2087 422 2123 leges
443 2085 606 2121 conplexus
627 2098 665 2114 es.
704 2086 813 2124 AVeque
833 2088 915 2114 enim
935 2088 1100 2124 quicquam
1125 2087 1206 2114 aliut
1226 2087 1260 2113 in
1279 2085 1339 2112 lzae
1356 2085 1420 2121 lege.
1447 2085 1509 2111 nisi
1534 2083 1726 2110 editicios
1755 2081 1911 2109 iudices
1936 2083 2056 2105 secutus

189 2145 229 2163 es,
251 2133 341 2170 Quod
356 2141 456 2170 genus
475 2132 661 2160 iudiciorum
681 2135 710 2161 si
729 2139 770 2161 est
798 2144 904 2162 aecum
924 2134 990 2161 ulla
1017 2134 1050 2160 iu
1070 2143 1120 2169 re,
1147 2135 1209 2161 nisi
1234 2133 1268 2160 in
1294 2131 1355 2159 lzac
1381 2129 1557 2163 tribuaria,
1583 2139 1643 2156 uon
1673 2128 1833 2165 intellego,
1862 2124 2056 2164 quamobrem

189 2187 315 2208 ,senatus
335 2179 390 2207 lzoe
411 2189 471 2206 uno
491 2179 525 2206 in
540 2188 652 2216 genere
673 2180 753 2208 trib
764 2191 805 2208 us
824 2181 889 2208 edi
910 2180 1093 2208 uoluerit
1113 2179 1159 2207 ab
1180 2183 1445 2207 aecussatore
1472 2186 1568 2214 neque
1589 2176 1715 2203 eandem
1736 2175 1898 2202 editionem
1916 2177 2057 2200 transtu-

192 2228 263 2254 terit
282 2228 316 2254 in
335 2231 451 2253 celeras
470 2235 614 2259 caussas,
641 2226 677 2254 de
702 2228 768 2263 ipso
789 2228 919 2265 denique
939 2226 1058 2254 ambitu
1078 2227 1271 2254 reiectionem
1289 2225 1368 2261 fieri
1388 2224 1522 2252 uoluerit
1542 2223 1682 2250 italicum
1701 2223 1904 2253 alternorum,
1929 2228 2057 2256 cumque

193 2274 312 2300 nullum
327 2282 426 2309 genus
446 2272 626 2300 acerbitatis
643 2275 919 2310 praetermitteret,
938 2273 993 2301 lzoc
1006 2269 1116 2301 'tamen
1135 2283 1232 2301 unum
1248 2271 1509 2310 praetereundum
1524 2272 1659 2308 putarit.

193 2334 225 2356 ct
245 2328 278 2355 C.
298 2328 390 2355 XVI.
409 2327 436 2367 §.
455 2329 501 2358 38.
521 2328 613 2357 haec:

272 2375 319 2403 Tu
339 2382 459 2408 autem,
478 2377 673 2409 Laterensis,
694 2386 770 2414 quas
790 2376 890 2405 tribus
910 2375 1060 2405 edidisti?
1082 2376 1296 2411 Terentinam,
1325 2375 1431 2404 credo:
1451 2375 1523 2414 ficit
1543 2380 1622 2403 certe
1641 2372 1677 2401 id
1693 2381 1800 2400 aecum
1819 2376 1848 2398 et
1868 2375 1948 2398 certe
1967 2380 2057 2407 expc-

195 2427 344 2451 ctatzmzst
367 2428 395 2450 et
406 2423 479 2460 fuit
499 2423 630 2460 (lignum
649 2425 825 2453 constantia
845 2429 908 2451 tua.
940 2423 1034 2451 Cuius
1054 2428 1089 2450 tu
1107 2421 1206 2450 trihus
1225 2422 1415 2451 uenditorem
1435 2428 1463 2450 et
1483 2426 1690 2458 corruptorem
1709 2422 1736 2445 et
1753 2422 1936 2454 sequestrem
1955 2418 2058 2446 Plan-
