2185 2720
777 125 801 153 c
821 125 849 152 A
869 126 906 154 P.
947 123 1041 153 XIX.
1061 121 1089 163 §.
1110 127 1154 155 48.
1175 139 1213 145 —
1231 125 1310 154 XX.
1330 124 1356 165 §.
1379 131 1424 159 49.
1983 138 2035 164 141

159 214 194 246 p.
216 200 350 234 LXIX.
374 200 681 232 demonstratumst.
724 199 858 231 Deinde
878 210 991 231 errare
1015 209 1072 230 eos
1096 198 1257 238 editores,
1290 200 1348 242 qui
1371 207 1449 243 post
1473 203 1594 234 consul
1616 212 1746 234 comma
1770 211 1906 245 ponant.
1951 206 2036 238 Pro-

159 259 278 297 pterea
303 252 394 284 enim
417 258 515 295 negat
529 252 647 284 Cicero
663 251 838 284 Plancium
862 261 1079 293 cormmpere
1101 249 1209 282 tribus
1231 251 1393 294 potuisse,
1417 253 1507 295 quod
1531 254 1704 297 superiora
1727 256 1861 286 comitia
1885 258 2036 298 primum

157 306 200 338 ab
223 305 390 337 eiusmodi
412 306 550 337 consule
574 304 692 336 haberi
718 311 835 348 coepta
858 305 942 344 sint,
980 304 1038 348 qui
1067 315 1144 335 cum
1177 304 1334 337 omnibus
1363 305 1399 336 in
1421 306 1522 337 rebus
1553 318 1684 338 summa
1707 309 1901 340 auctoritate
1923 309 2034 349 fuerit,

158 364 233 390 tum
261 359 350 402 ipsas
382 359 458 391 illas
487 358 632 390 ambitus
655 358 744 400 leges
767 357 962 401 pertulerit3
1011 368 1078 400 quo
1101 356 1282 399 significat,
1317 357 1471 389 minume
1493 359 1714 391 toleraturum
1739 361 1837 392 illum
1862 364 2035 395 consulem

158 411 282 452 fuisse,
305 418 343 443 ut
363 411 400 443 in
422 410 584 450 comitiis,
608 421 694 453 quae
715 410 789 454 ipse
810 410 967 450 haberet,
996 412 1109 453 ipsum
1131 410 1209 441 illut
1229 409 1376 450 facinus,
1409 411 1500 453 quod
1524 412 1730 454 grauissuma
1751 425 1862 456 poena
1883 416 2037 448 sancien-

160 463 244 495 dum
271 465 415 507 putarit,
449 463 690 496 admitteretur.
733 463 896 496 Alterum
919 469 1173 507 argumentum,
1214 474 1281 505 quo
1304 463 1480 495 Plancium
1508 465 1613 497 tribus
1638 477 1858 510 corrumpere
1879 480 1949 501 non
1970 481 2036 512 po-

158 516 262 549 tuisse
285 516 494 560 conprobare
516 516 645 557 studet,
678 516 745 549 hoc
767 523 832 557 est,
871 517 960 560 quod
983 517 1118 549 comitia
1147 516 1209 549 illa
1229 516 1340 548 subito
1363 523 1495 560 praeter
1519 517 1716 560 opinionem
1740 521 1892 553 omnium
1918 523 2035 554 haberi

160 576 278 613 coepta
295 570 374 601 sint.

243 637 477 681 Conparancli)
523 638 718 681 Conparare
739 643 778 670 ut
797 637 877 669 alibi
900 637 945 669 ita
967 637 1024 669 hic
1046 636 1230 679 significat,
1266 648 1351 679 quae
1374 638 1413 668 ad
1435 649 1508 670 rem
1533 638 1681 682 aliquam
1707 641 1887 683 gerendam
1919 655 2034 675 neces—

157 689 245 721 saria
265 696 362 729 suut,
385 702 522 734 parare,
545 691 662 731 nobis,
686 691 743 724 die
761 691 954 735 gello'rigen
980 689 1021 723 V
1019 689 1282 733 orbereitungen
1306 690 1442 735 trejffen.

250 757 402 791 Uocatae
424 760 557 800 tribus3
587 760 700 792 latum
722 758 955 803 suffragium3
986 758 1152 790 diribitae
1172 758 1335 798 tabellae,
1358 760 1598 792 renuntiatae.-
1623 761 1725 805 longe
1741 763 1949 805 plurumum
1969 778 2034 797 ua-

156 811 226 844 luit
247 812 431 856 Plancius)
475 813 566 846 Nolo
589 813 645 844 hic
666 818 840 855 repetere,
870 823 955 853 quae
977 811 1014 842 in
1036 811 1283 843 Dissertatione
1305 812 1345 842 de
1367 812 1610 854 significatione
1631 814 1729 845 uerbi
1751 816 1918 856 diribere,
1951 829 2034 860 quae

156 864 345 896 dissertatio
375 866 530 898 insertast
555 864 666 897 Praef.
694 864 734 896 ad
756 865 856 897 Uarr.
880 865 991 895 Lectt.
1024 875 1068 895 ex
1091 864 1162 895 cod.
1191 863 1265 895 Erf.
1291 870 1380 896 enot.
1411 876 1446 908 p.
1472 866 1862 909 CXXVI-CLVIII„
1902 870 1941 900 de
1971 871 2034 903 hoc

155 917 232 949 loco
258 929 293 960 p.
319 918 433 949 CXLI
454 929 527 960 sqq.
552 917 706 960 exposui.
749 916 862 948 Docui
891 916 957 955 ibi,
998 916 1183 948 necessario
1213 917 1377 950 diribitae
1401 929 1465 960 pro
1489 919 1622 961 uolgato
1653 921 1846 965 descriptae
1869 934 1913 954 ex
1936 930 2034 966 optu-

156 982 292 1002 morum
315 969 408 1001 codd.
432 970 628 1002 auctoritate
649 969 895 1002 restituendum
919 981 1004 1008 esse,
1047 969 1216 1011 simulque
1246 970 1408 1001 excidisse
1438 982 1556 1002 uocem
1579 972 1726 1005 tabellae
1753 981 1830 1016 post
1859 976 2034 1015 diribitae,

159 1034 260 1065 quam
284 1034 344 1065 ego
368 1033 438 1053 non
460 1021 611 1054 dubitaui
634 1023 744 1055 textui
766 1021 906 1054 inferre.
951 1022 1058 1055 Porro
1083 1029 1178 1054 exn-a
1201 1034 1336 1054 omnem
1361 1023 1625 1055 controuersiam
1648 1026 1762 1068 posui,
1786 1028 1935 1060 diribet-e
1957 1040 2034 1060 cum

155 1074 295 1118 reliquis
318 1075 354 1106 in
367 1075 450 1107 locis
473 1076 630 1108 omnibus
653 1083 727 1108 tum
749 1075 805 1108 hic
829 1075 973 1108 tabellas
997 1076 1033 1107 in
1051 1076 1155 1107 cistas
1178 1077 1346 1108 coniectas
1369 1076 1549 1119 disponere
1571 1077 1768 1120 significare.
1812 1080 1958 1122 Aliquid
1981 1088 2034 1112 ta-

155 1139 235 1159 men
258 1127 449 1160 etiamnunc
471 1129 535 1161 hoc
555 1129 592 1160 in
617 1129 692 1161 loco
714 1141 770 1160 me
793 1128 944 1169 offendit,
978 1128 1122 1160 uerbum
1145 1127 1219 1160 dico
1243 1130 1484 1168 renuntiatae,
1519 1130 1611 1171 quod
1633 1132 1744 1163 nescio
1767 1144 1810 1163 au
1831 1133 1871 1163 ab
1893 1134 2030 1176 antiquo

155 1181 339 1223 interprete
362 1180 510 1213 additum
533 1182 587 1214 sit.
632 1181 735 1224 Quod
758 1188 796 1213 ut
809 1182 954 1221 credam,
980 1181 1088 1213 tribus
1112 1193 1317 1214 conmoueor
1340 1182 1473 1213 caussis.
1519 1183 1673 1215 Primum
1697 1186 1895 1217 renuntiari
1918 1193 1949 1217 et
1966 1187 2032 1218 ho-

153 1236 262 1266 mines
293 1234 430 1277 quidem
459 1235 588 1275 solent,
623 1235 743 1278 quibus
767 1235 977 1277 magistratus
1001 1234 1213 1267 demandatus
1237 1241 1304 1275 est,
1340 1241 1371 1266 et
1393 1233 1552 1277 suffragia
1584 1236 1666 1277 dici,
1700 1249 1823 1269 uerum
1845 1251 2031 1281 numquam

156 1287 303 1320 tabellae
332 1293 388 1319 aut
418 1287 523 1319 dictae
552 1294 632 1320 sunt
659 1289 700 1319 ab
730 1288 875 1330 antiquis
904 1288 1124 1331 scriptoribus
1152 1287 1362 1319 renuntiatae
1390 1294 1447 1319 aut
1471 1295 1561 1320 recte
1584 1289 1648 1320 dici
1675 1297 1870 1332 potuerunt.
1915 1293 2031 1335 Itaque

152 1340 221 1372 iam
247 1340 319 1383 ipsa
341 1340 485 1372 elocutio
508 1353 570 1384 per
592 1353 628 1373 se
642 1341 771 1384 aliquid
793 1341 895 1372 habet
918 1341 1123 1373 offensionis.
1167 1340 1300 1373 Deinde
1322 1340 1437 1372 addito
1461 1342 1526 1373 hoc
1547 1343 1653 1374 uerbo
1677 1346 1896 1377 renuntiatae
1920 1357 2031 1377 mem-

152 1394 293 1425 brorum
316 1393 417 1425 etiam
439 1394 622 1436 aequalitas
646 1395 818 1433 euertitur,
843 1406 927 1437 quae
945 1394 1068 1426 omisso
1082 1406 1120 1426 eo
1135 1392 1314 1436 egregiast:
1349 1392 1500 1428 Uoc-atae
1513 1396 1642 1436 tJ-z‘bus3
1666 1399 1775 1430 latum
1794 1397 2029 1442 szffragz‘u7113

153 1446 318 1479 diribitae
342 1447 504 1480 tahellae:
529 1449 631 1492 longe
649 1448 854 1492 plurumum
876 1447 992 1480 ualuit
1005 1447 1184 1479 Plancius.
1229 1446 1388 1488 Denique
1410 1449 1514 1490 magis
1539 1449 1639 1480 etiam
1662 1450 1879 1492 intellegitur,
1904 1451 1962 1492 qui
1977 1451 2030 1482 fa-

154 1505 247 1531 ctum
269 1499 330 1539 sit,
358 1506 397 1530 ut
419 1512 489 1531 uox
513 1501 659 1533 tabellae
685 1500 917 1540 omitteretur,
947 1500 975 1532 si
998 1501 1219 1532 renuntiatae
1241 1499 1281 1530 ab
1303 1499 1489 1543 interprete
1511 1514 1614 1544 super
1636 1514 1754 1534 uocem
1777 1504 1923 1537 tabellae
1943 1505 2029 1536 scri-

153 1557 252 1595 ptum
274 1552 462 1585 statuimus.
506 1554 608 1586 Nunc
633 1554 725 1585 enim
750 1553 930 1596 genuinam
953 1564 1071 1585 uocem
1095 1552 1240 1585 tabellae
1254 1559 1389 1595 recepto
1406 1555 1510 1586 uerbo
1537 1556 1777 1598 superscripto,
1801 1555 1834 1586 id
1849 1556 1938 1598 quod
1954 1569 2028 1589 sae-

152 1616 340 1647 penumero
363 1605 399 1636 in
424 1605 487 1636 hac
513 1607 662 1638 oratione
684 1605 809 1639 factum
833 1606 1038 1638 ostendimus
1064 1606 1195 1648 Proleg.
1219 1606 1261 1637 L.
1286 1606 1329 1636 ΙΙ.
1356 1606 1393 1637 C.
1417 1607 1443 1638 I.
1469 1608 1498 1648 ἕ.
1523 1608 1570 1648 8.,
1601 1609 1777 1650 expulsam
1802 1620 1871 1640 esse
1893 1610 2028 1653 perspi-

152 1664 294 1689 cuumst.
342 1658 499 1690 Ceterum
522 1659 649 1691 tributa
671 1660 731 1691 illa
752 1659 856 1691 fuisse
876 1659 1010 1691 comitia
1032 1659 1198 1699 aedilicia,
1228 1658 1360 1701 Proleg.
1386 1660 1428 1690 L.
1452 1661 1513 1691 HI.
1538 1661 1576 1692 C.
1599 1661 1662 1695 IV.
1688 1663 1718 1703 §.
1745 1674 1773 1693 1.
1797 1661 1984 1694 docuimus.

236 1732 296 1765 An
319 1732 458 1764 tandem
479 1745 550 1765 una
576 1735 734 1766 centuria
754 1734 1010 1778 praerogatiua
1035 1739 1173 1765 tantum
1196 1732 1297 1765 habet
1319 1735 1552 1774 auctoritatis,
1576 1742 1615 1768 ut
1630 1747 1726 1767 nemo
1749 1747 1911 1779 umquam
1922 1737 2026 1780 prior

152 1798 228 1819 eam
250 1786 390 1824 tulerit,
422 1787 506 1829 quin
528 1787 750 1818 renuntiatus
775 1788 842 1819 sit.-
877 1793 915 1819 tu
937 1792 1000 1818 ant
1021 1787 1076 1819 his
1100 1787 1185 1829 ipsis
1210 1787 1359 1818 comitiis
1381 1789 1638 1827 consularibus,
1667 1794 1728 1820 aut
1752 1795 1841 1820 certe
1863 1790 1899 1820 in
1924 1790 2024 1821 illum

153 1851 284 1872 annum
305 1838 452 1870 aedilem
467 1839 656 1870 Plancium
669 1838 813 1883 factum
835 1839 992 1882 miraris)
1037 1839 1092 1870 Sic
1114 1839 1169 1870 hic
1193 1838 1285 1870 locus
1308 1838 1344 1869 in
1367 1839 1567 1872 editionibus
1590 1840 1661 1872 fere
1684 1842 1840 1873 omnibus
1863 1848 1938 1872 ante
1954 1842 2025 1873 Ga-

153 1891 323 1923 ratonium
345 1891 489 1934 scriptus
513 1891 669 1931 extabat,
706 1891 765 1934 qui
792 1892 924 1935 primus
950 1892 1176 1935 corruptelam
1206 1892 1382 1934 perspexit
1404 1893 1485 1923 haec
1513 1905 1673 1927 monens:
1715 1895 1837 1934 „Haec
1867 1894 1954 1925 nihil
1982 1895 2024 1925 ad

151 1945 327 1977 Plancium
350 1944 523 1976 disiunctio
546 1944 713 1987 pertinet,
745 1945 838 1977 cuius
860 1956 971 1987 neque
996 1945 1182 1976 centuriata
1204 1945 1339 1976 comitia
1361 1944 1499 1977 fuerunt
1521 1958 1632 1989 neque
1655 1947 1857 1986 consularia,
1890 1954 1939 1979 set
1962 1948 2024 1978 tri-

151 1999 233 2030 buta
258 2004 291 2029 et
313 1997 482 2029 aedilicia:
521 2009 600 2028 nam
624 1997 713 2039 quod
741 2009 780 2028 ea
802 1998 918 2030 consul
940 1997 1115 2036 habuerit,
1152 1999 1245 2031 cuius
1268 1999 1407 2042 propria
1428 2005 1573 2041 potestas
1597 2006 1683 2039 erat,
1720 2000 1891 2031 neminem
1912 2007 2023 2043 potest

150 2051 218 2083 nisi
239 2050 530 2093 inperitissumum
552 2050 687 2089 fallere,
712 2050 770 2093 qui
794 2050 930 2082 comitia
950 2051 1078 2082 nesciat
1099 2051 1140 2082 ab
1163 2052 1221 2091 iis,
1246 2052 1305 2093 qui
1327 2051 1462 2082 creandi
1485 2058 1601 2092 essent,
1626 2053 1874 2095 magistratibus
1896 2065 2022 2084 nomen

151 2104 312 2147 accipere.
359 2102 452 2144 Quid
483 2110 530 2134 est
554 2103 719 2145 denique,
761 2110 824 2136 aut
846 2110 936 2136 certe
958 2105 994 2136 in
1017 2105 1119 2136 illum
1143 2118 1294 2144 annum,
1331 2116 1408 2136 cum
1430 2104 1585 2137 Plancius
1613 2106 1768 2148 utrisque
1790 2106 1933 2137 comitiis
1955 2107 2022 2138 iam

150 2157 254 2189 fuerit
275 2157 311 2187 in
334 2167 460 2187 annum
483 2167 584 2187 suum
605 2156 819 2198 designatus?
861 2157 958 2188 Patet
980 2157 1130 2196 omnino,
1155 2157 1414 2189 disiunctionem
1435 2163 1539 2188 totam
1562 2158 1603 2189 ad
1621 2159 1918 2200 argumentationis
1941 2171 2022 2202 pro-

151 2210 239 2242 tasin
260 2209 441 2252 pertinere.
485 2208 523 2240 Id
548 2209 739 2252 praesidiis,
774 2221 859 2251 quae
887 2216 961 2241 tum
983 2210 1165 2249 habebam,
1202 2211 1284 2241 olim
1314 2210 1562 2253 praestiteram,
1596 2218 1630 2242 ut
1653 2212 1743 2243 unde
1765 2212 1890 2243 deiecta
1912 2212 2022 2244 fuerat

152 2262 395 2294 restitueretur.
442 2262 500 2293 Set
521 2262 632 2294 nescio
656 2262 843 2304 quomodo,
876 2261 967 2303 quod
989 2274 1057 2293 non
1079 2263 1135 2294 hic
1157 2263 1268 2294 solum
1292 2263 1422 2301 euenit,
1458 2263 1584 2295 excidit
1605 2264 1789 2295 adnotatio.
1833 2265 1895 2296 Est
1916 2265 2021 2307 igitur

153 2315 189 2346 in
210 2327 278 2347 uno
297 2314 419 2347 Franci
441 2313 570 2354 codice,
597 2315 634 2346 in
655 2327 742 2355 meo,
767 2321 798 2346 et
820 2315 856 2345 in
875 2315 1051 2346 Barberini
1073 2316 1233 2358 margine,
1257 2316 1339 2347 item
1361 2316 1397 2347 in
1419 2327 1486 2346 una
1506 2322 1620 2347 uetere
1643 2317 1784 2348 editione
1805 2324 1887 2360 aput
1911 2319 2020 2350 Grae-

152 2367 248 2398 uium
271 2367 324 2409 (de
346 2367 454 2399 tribus
479 2367 562 2398 meis
586 2379 676 2399 nunc
698 2379 767 2399 non
789 2367 1002 2410 reminiscor)
1025 2380 1093 2400 non
1115 2369 1374 2407 consularibus,
1407 2374 1456 2400 set
1479 2370 1615 2408 consul,
1657 2381 1741 2411 quae
1772 2370 1851 2401 alibi
1883 2383 2018 2413 quoque

153 2419 292 2461 contigit
317 2421 540 2462 permutatim
578 2420 686 2452 isdem
716 2427 828 2452 autem
862 2420 897 2451 in
920 2421 1014 2452 libris
1036 2422 1178 2464 aliisque
1200 2428 1374 2464 praeterea
1398 2422 1567 2453 ueteribus
1591 2422 1686 2453 editis
1708 2428 1807 2464 atque
1834 2423 1870 2454 in
1892 2424 2018 2455 Aldina
