<?xml version="1.0" encoding="UTF-8"?>
<!DOCTYPE html PUBLIC "-//W3C//DTD XHTML 1.0 Transitional//EN"
    "http://www.w3.org/TR/xhtml1/DTD/xhtml1-transitional.dtd">
<html xmlns="http://www.w3.org/1999/xhtml" xml:lang="en" lang="en">
 <head>
  <title>
</title>
<meta http-equiv="Content-Type" content="text/html;charset=utf-8" />
  <meta name='ocr-system' content='tesseract 3.04.00' />
  <meta name='ocr-capabilities' content='ocr_page ocr_carea ocr_par ocr_line ocrx_word'/>
</head>
<body>
  <div class='ocr_page' id='page_1' title='image "./oratioprocnplanc00ciceuoft/oratioprocnplanc00ciceuoft_0266.png"; bbox 0 0 2185 2720; ppageno 0'>
   <div class='ocr_carea' id='block_1_1' title="bbox 154 163 1371 203">
    <p class='ocr_par' dir='ltr' id='par_1_1' title="bbox 154 163 1371 203">
     <span class='ocr_line' id='line_1_1' title="bbox 154 163 1371 203; baseline -0.007 -1"><span class='ocrx_word' id='word_1_1' title='bbox 154 174 204 203; x_wconf 66' lang='grc'>118</span> <span class='ocrx_word' id='word_1_2' title='bbox 798 163 1371 194; x_wconf 85' lang='lat' dir='ltr'><strong>COMMENTARIUS.</strong></span> 
     </span>
    </p>
   </div>
   <div class='ocr_carea' id='block_1_2' title="bbox 149 237 2039 2493">
    <p class='ocr_par' dir='ltr' id='par_1_2' title="bbox 149 237 2031 1020">
     <span class='ocr_line' id='line_1_2' title="bbox 150 237 2023 282; baseline -0.002 -9"><span class='ocrx_word' id='word_1_3' title='bbox 150 242 238 273; x_wconf 86' lang='lat' dir='ltr'>cium</span> <span class='ocrx_word' id='word_1_4' title='bbox 261 238 401 272; x_wconf 84' lang='lat' dir='ltr'>fortasse</span> <span class='ocrx_word' id='word_1_5' title='bbox 425 240 465 271; x_wconf 89' lang='lat' dir='ltr'>de</span> <span class='ocrx_word' id='word_1_6' title='bbox 489 246 562 271; x_wconf 82' lang='lat' dir='ltr'>octo</span> <span class='ocrx_word' id='word_1_7' title='bbox 586 240 641 271; x_wconf 89' lang='lat' dir='ltr'>uel</span> <span class='ocrx_word' id='word_1_8' title='bbox 665 239 780 270; x_wconf 87' lang='lat' dir='ltr'>decem</span> <span class='ocrx_word' id='word_1_9' title='bbox 803 239 954 270; x_wconf 88' lang='lat' dir='ltr'>tribuum</span> <span class='ocrx_word' id='word_1_10' title='bbox 976 237 1152 269; x_wconf 88' lang='lat' dir='ltr'>uoluntate</span> <span class='ocrx_word' id='word_1_11' title='bbox 1183 244 1312 270; x_wconf 86' lang='lat' dir='ltr'>certum</span> <span class='ocrx_word' id='word_1_12' title='bbox 1336 237 1455 278; x_wconf 86' lang='lat' dir='ltr'>fuisse,</span> <span class='ocrx_word' id='word_1_13' title='bbox 1484 250 1667 282; x_wconf 87' lang='lat' dir='ltr'>earumque</span> <span class='ocrx_word' id='word_1_14' title='bbox 1697 239 1854 282; x_wconf 87' lang='lat' dir='ltr'>suffragia</span> <span class='ocrx_word' id='word_1_15' title='bbox 1876 250 1910 271; x_wconf 89' lang='lat' dir='ltr'>se</span> <span class='ocrx_word' id='word_1_16' title='bbox 1932 238 2023 270; x_wconf 89' lang='lat' dir='ltr'>latu-</span> 
     </span>
     <span class='ocr_line' id='line_1_3' title="bbox 149 291 2024 334; baseline -0.002 -10"><span class='ocrx_word' id='word_1_17' title='bbox 149 305 225 325; x_wconf 90' lang='lat' dir='ltr'>rum</span> <span class='ocrx_word' id='word_1_18' title='bbox 250 304 319 324; x_wconf 81' lang='lat' dir='ltr'>esse</span> <span class='ocrx_word' id='word_1_19' title='bbox 341 294 485 332; x_wconf 82' lang='lat' dir='ltr'>sciuisse,</span> <span class='ocrx_word' id='word_1_20' title='bbox 508 299 620 324; x_wconf 90' lang='lat' dir='ltr'>tamen</span> <span class='ocrx_word' id='word_1_21' title='bbox 635 292 662 324; x_wconf 86' lang='lat' dir='ltr'>is</span> <span class='ocrx_word' id='word_1_22' title='bbox 685 303 845 324; x_wconf 83' lang='lat' dir='ltr'>numerus</span> <span class='ocrx_word' id='word_1_23' title='bbox 868 303 937 323; x_wconf 87' lang='lat' dir='ltr'>non</span> <span class='ocrx_word' id='word_1_24' title='bbox 961 297 1073 322; x_wconf 82' lang='lat' dir='ltr'>tantus</span> <span class='ocrx_word' id='word_1_25' title='bbox 1099 296 1180 330; x_wconf 81' lang='lat' dir='ltr'>erat,</span> <span class='ocrx_word' id='word_1_26' title='bbox 1203 297 1241 322; x_wconf 92' lang='lat' dir='ltr'>ut</span> <span class='ocrx_word' id='word_1_27' title='bbox 1254 291 1371 323; x_wconf 90' lang='lat' dir='ltr'>aedilis</span> <span class='ocrx_word' id='word_1_28' title='bbox 1393 298 1506 334; x_wconf 87' lang='lat' dir='ltr'>posset</span> <span class='ocrx_word' id='word_1_29' title='bbox 1528 292 1645 323; x_wconf 85' lang='lat' dir='ltr'>creari.</span> <span class='ocrx_word' id='word_1_30' title='bbox 1690 292 1849 323; x_wconf 87' lang='lat' dir='ltr'>Totidem</span> <span class='ocrx_word' id='word_1_31' title='bbox 1872 291 2024 322; x_wconf 79' lang='lat' dir='ltr'>tribuum</span> 
     </span>
     <span class='ocr_line' id='line_1_4' title="bbox 149 343 2025 388; baseline -0.002 -11"><span class='ocrx_word' id='word_1_32' title='bbox 149 346 305 388; x_wconf 78' lang='lat' dir='ltr'>suffragia</span> <span class='ocrx_word' id='word_1_33' title='bbox 330 352 410 387; x_wconf 87' lang='lat' dir='ltr'>puta</span> <span class='ocrx_word' id='word_1_34' title='bbox 432 346 581 377; x_wconf 85' lang='lat' dir='ltr'>Plotium</span> <span class='ocrx_word' id='word_1_35' title='bbox 604 345 758 376; x_wconf 88' lang='lat' dir='ltr'>habuisse</span> <span class='ocrx_word' id='word_1_36' title='bbox 783 344 956 383; x_wconf 79' lang='lat' dir='ltr'>deuincta3</span> <span class='ocrx_word' id='word_1_37' title='bbox 980 355 1042 375; x_wconf 92' lang='lat' dir='ltr'>nec</span> <span class='ocrx_word' id='word_1_38' title='bbox 1063 343 1090 374; x_wconf 89' lang='lat' dir='ltr'>is</span> <span class='ocrx_word' id='word_1_39' title='bbox 1113 354 1249 385; x_wconf 88' lang='lat' dir='ltr'>sperare</span> <span class='ocrx_word' id='word_1_40' title='bbox 1270 350 1420 386; x_wconf 87' lang='lat' dir='ltr'>poterat,</span> <span class='ocrx_word' id='word_1_41' title='bbox 1443 356 1477 376; x_wconf 93' lang='lat' dir='ltr'>se</span> <span class='ocrx_word' id='word_1_42' title='bbox 1499 345 1644 376; x_wconf 88' lang='lat' dir='ltr'>aedilem</span> <span class='ocrx_word' id='word_1_43' title='bbox 1666 343 1820 376; x_wconf 85' lang='lat' dir='ltr'>futurum</span> <span class='ocrx_word' id='word_1_44' title='bbox 1846 355 1927 376; x_wconf 88' lang='lat' dir='ltr'>esse.</span> <span class='ocrx_word' id='word_1_45' title='bbox 1955 343 2025 376; x_wconf 85' lang='lat' dir='ltr'>At-</span> 
     </span>
     <span class='ocr_line' id='line_1_5' title="bbox 151 395 2024 441; baseline -0.001 -12"><span class='ocrx_word' id='word_1_46' title='bbox 151 399 248 441; x_wconf 87' lang='lat' dir='ltr'>quisi</span> <span class='ocrx_word' id='word_1_47' title='bbox 266 399 352 429; x_wconf 87' lang='lat' dir='ltr'>iuter</span> <span class='ocrx_word' id='word_1_48' title='bbox 378 404 559 439; x_wconf 85' lang='lat' dir='ltr'>utrumque</span> <span class='ocrx_word' id='word_1_49' title='bbox 575 398 805 435; x_wconf 87' lang='lat' dir='ltr'>conueniebat,</span> <span class='ocrx_word' id='word_1_50' title='bbox 830 397 960 438; x_wconf 87' lang='lat' dir='ltr'><strong>sibique</strong></span> <span class='ocrx_word' id='word_1_51' title='bbox 976 396 1121 427; x_wconf 90' lang='lat' dir='ltr'>inuicem</span> <span class='ocrx_word' id='word_1_52' title='bbox 1139 395 1173 426; x_wconf 89' lang='lat' dir='ltr'>id</span> <span class='ocrx_word' id='word_1_53' title='bbox 1192 396 1369 429; x_wconf 82' lang='lat' dir='ltr'>effecturos</span> <span class='ocrx_word' id='word_1_54' title='bbox 1393 408 1427 428; x_wconf 88' lang='lat' dir='ltr'>se</span> <span class='ocrx_word' id='word_1_55' title='bbox 1452 408 1521 428; x_wconf 88' lang='lat' dir='ltr'>esse</span> <span class='ocrx_word' id='word_1_56' title='bbox 1543 397 1796 439; x_wconf 73' lang='lat' dir='ltr'><strong>promittebant,</strong></span> <span class='ocrx_word' id='word_1_57' title='bbox 1821 403 1858 428; x_wconf 90' lang='lat' dir='ltr'>ut</span> <span class='ocrx_word' id='word_1_58' title='bbox 1872 408 1951 438; x_wconf 88' lang='lat' dir='ltr'>quas</span> <span class='ocrx_word' id='word_1_59' title='bbox 1960 395 2024 427; x_wconf 89' lang='lat' dir='ltr'>tri-</span> 
     </span>
     <span class='ocr_line' id='line_1_6' title="bbox 151 448 2026 491; baseline -0.002 -9"><span class='ocrx_word' id='word_1_60' title='bbox 151 452 211 483; x_wconf 88' lang='lat' dir='ltr'>bus</span> <span class='ocrx_word' id='word_1_61' title='bbox 238 450 390 482; x_wconf 82' lang='lat' dir='ltr'>Plancius</span> <span class='ocrx_word' id='word_1_62' title='bbox 413 461 448 481; x_wconf 90' lang='lat' dir='ltr'>se</span> <span class='ocrx_word' id='word_1_63' title='bbox 471 461 540 481; x_wconf 83' lang='lat' dir='ltr'>esse</span> <span class='ocrx_word' id='word_1_64' title='bbox 563 451 713 481; x_wconf 87' lang='lat' dir='ltr'>laturum</span> <span class='ocrx_word' id='word_1_65' title='bbox 735 449 874 488; x_wconf 87' lang='lat' dir='ltr'>sciebat,</span> <span class='ocrx_word' id='word_1_66' title='bbox 899 449 1080 481; x_wconf 89' lang='lat' dir='ltr'>earundem</span> <span class='ocrx_word' id='word_1_67' title='bbox 1103 448 1261 490; x_wconf 85' lang='lat' dir='ltr'>suffragia</span> <span class='ocrx_word' id='word_1_68' title='bbox 1284 449 1412 481; x_wconf 88' lang='lat' dir='ltr'>Plotius</span> <span class='ocrx_word' id='word_1_69' title='bbox 1434 448 1557 489; x_wconf 87' lang='lat' dir='ltr'>ferret,</span> <span class='ocrx_word' id='word_1_70' title='bbox 1591 450 1776 491; x_wconf 90' lang='lat' dir='ltr'>eodemque</span> <span class='ocrx_word' id='word_1_71' title='bbox 1799 448 1901 480; x_wconf 89' lang='lat' dir='ltr'>modo</span> <span class='ocrx_word' id='word_1_72' title='bbox 1923 448 2026 479; x_wconf 86' lang='lat' dir='ltr'>Plan-</span> 
     </span>
     <span class='ocr_line' id='line_1_7' title="bbox 151 498 2026 544; baseline -0.003 -8"><span class='ocrx_word' id='word_1_73' title='bbox 151 506 219 537; x_wconf 85' lang='lat' dir='ltr'>cius</span> <span class='ocrx_word' id='word_1_74' title='bbox 243 516 295 535; x_wconf 87' lang='lat' dir='ltr'>eas</span> <span class='ocrx_word' id='word_1_75' title='bbox 320 514 388 534; x_wconf 83' lang='lat' dir='ltr'>una</span> <span class='ocrx_word' id='word_1_76' title='bbox 410 503 517 533; x_wconf 89' lang='lat' dir='ltr'>tribus</span> <span class='ocrx_word' id='word_1_77' title='bbox 547 502 669 542; x_wconf 87' lang='lat' dir='ltr'>ferret,</span> <span class='ocrx_word' id='word_1_78' title='bbox 706 514 725 533; x_wconf 92' lang='lat' dir='ltr'>a</span> <span class='ocrx_word' id='word_1_79' title='bbox 748 502 868 544; x_wconf 87' lang='lat' dir='ltr'>quibus</span> <span class='ocrx_word' id='word_1_80' title='bbox 891 502 1020 534; x_wconf 90' lang='lat' dir='ltr'>Plotius</span> <span class='ocrx_word' id='word_1_81' title='bbox 1051 514 1085 533; x_wconf 88' lang='lat' dir='ltr'>se</span> <span class='ocrx_word' id='word_1_82' title='bbox 1116 501 1323 532; x_wconf 84' lang='lat' dir='ltr'>declaratum</span> <span class='ocrx_word' id='word_1_83' title='bbox 1350 501 1493 532; x_wconf 82' lang='lat' dir='ltr'>aedilem</span> <span class='ocrx_word' id='word_1_84' title='bbox 1522 501 1566 532; x_wconf 90' lang='lat' dir='ltr'>iri</span> <span class='ocrx_word' id='word_1_85' title='bbox 1596 502 1737 540; x_wconf 80' lang='lat' dir='ltr'>sciebat,</span> <span class='ocrx_word' id='word_1_86' title='bbox 1771 508 1844 532; x_wconf 85' lang='lat' dir='ltr'>tum</span> <span class='ocrx_word' id='word_1_87' title='bbox 1874 498 2026 543; x_wconf 84' lang='lat' dir='ltr'>profecto</span> 
     </span>
     <span class='ocr_line' id='line_1_8' title="bbox 152 552 2026 599; baseline -0.003 -10"><span class='ocrx_word' id='word_1_88' title='bbox 152 558 225 590; x_wconf 89' lang='lat' dir='ltr'>fieri</span> <span class='ocrx_word' id='word_1_89' title='bbox 249 569 318 588; x_wconf 92' lang='lat' dir='ltr'>nou</span> <span class='ocrx_word' id='word_1_90' title='bbox 341 555 469 599; x_wconf 87' lang='lat' dir='ltr'>potuit,</span> <span class='ocrx_word' id='word_1_91' title='bbox 509 555 589 596; x_wconf 91' lang='lat' dir='ltr'>quin</span> <span class='ocrx_word' id='word_1_92' title='bbox 613 555 715 586; x_wconf 90' lang='lat' dir='ltr'>ceteri</span> <span class='ocrx_word' id='word_1_93' title='bbox 740 555 964 598; x_wconf 74' lang='lat' dir='ltr'>conpetitore—s</span> <span class='ocrx_word' id='word_1_94' title='bbox 989 556 1264 593; x_wconf 87' lang='lat' dir='ltr'>dimouerentur,</span> <span class='ocrx_word' id='word_1_95' title='bbox 1299 553 1521 596; x_wconf 88' lang='lat' dir='ltr'>Planciusque</span> <span class='ocrx_word' id='word_1_96' title='bbox 1544 560 1576 585; x_wconf 88' lang='lat' dir='ltr'>et</span> <span class='ocrx_word' id='word_1_97' title='bbox 1598 554 1726 586; x_wconf 83' lang='lat' dir='ltr'>Plotius</span> <span class='ocrx_word' id='word_1_98' title='bbox 1750 554 1872 585; x_wconf 81' lang='lat' dir='ltr'>aediles</span> <span class='ocrx_word' id='word_1_99' title='bbox 1896 552 2026 584; x_wconf 88' lang='lat' dir='ltr'>fierent.</span> 
     </span>
     <span class='ocr_line' id='line_1_9' title="bbox 152 603 2028 650; baseline -0.004 -8"><span class='ocrx_word' id='word_1_100' title='bbox 152 609 329 642; x_wconf 88' lang='lat' dir='ltr'>Eiusmodi</span> <span class='ocrx_word' id='word_1_101' title='bbox 351 614 486 650; x_wconf 78' lang='lat' dir='ltr'>pactum</span> <span class='ocrx_word' id='word_1_102' title='bbox 509 614 621 638; x_wconf 88' lang='lat' dir='ltr'>autem</span> <span class='ocrx_word' id='word_1_103' title='bbox 644 619 683 638; x_wconf 89' lang='lat' dir='ltr'>eo</span> <span class='ocrx_word' id='word_1_104' title='bbox 706 606 850 638; x_wconf 88' lang='lat' dir='ltr'>faciliori</span> <span class='ocrx_word' id='word_1_105' title='bbox 879 608 1013 649; x_wconf 88' lang='lat' dir='ltr'>negotio</span> <span class='ocrx_word' id='word_1_106' title='bbox 1037 607 1155 639; x_wconf 87' lang='lat' dir='ltr'>confici</span> <span class='ocrx_word' id='word_1_107' title='bbox 1174 606 1303 650; x_wconf 86' lang='lat' dir='ltr'>potuit,</span> <span class='ocrx_word' id='word_1_108' title='bbox 1345 618 1411 649; x_wconf 93' lang='lat' dir='ltr'>quo</span> <span class='ocrx_word' id='word_1_109' title='bbox 1434 606 1664 648; x_wconf 88' lang='lat' dir='ltr'>unusquisque</span> <span class='ocrx_word' id='word_1_110' title='bbox 1688 618 1827 645; x_wconf 86' lang='lat' dir='ltr'>eorum,</span> <span class='ocrx_word' id='word_1_111' title='bbox 1866 605 1924 648; x_wconf 92' lang='lat' dir='ltr'>qui</span> <span class='ocrx_word' id='word_1_112' title='bbox 1955 603 2028 635; x_wconf 88' lang='lat' dir='ltr'>coi-</span> 
     </span>
     <span class='ocr_line' id='line_1_10' title="bbox 152 657 2028 702; baseline -0.003 -9"><span class='ocrx_word' id='word_1_113' title='bbox 152 662 248 700; x_wconf 88' lang='lat' dir='ltr'>bant,</span> <span class='ocrx_word' id='word_1_114' title='bbox 272 661 307 691; x_wconf 90' lang='lat' dir='ltr'>iu</span> <span class='ocrx_word' id='word_1_115' title='bbox 328 661 494 698; x_wconf 77' lang='lat' dir='ltr'>tribubus,</span> <span class='ocrx_word' id='word_1_116' title='bbox 520 671 599 702; x_wconf 86' lang='lat' dir='ltr'>quas</span> <span class='ocrx_word' id='word_1_117' title='bbox 622 659 686 690; x_wconf 91' lang='lat' dir='ltr'>sibi</span> <span class='ocrx_word' id='word_1_118' title='bbox 710 659 944 699; x_wconf 71' lang='grc'><strong>(161111111613111,</strong></span> <span class='ocrx_word' id='word_1_119' title='bbox 968 661 1147 702; x_wconf 79' lang='lat' dir='ltr'>gratiosior</span> <span class='ocrx_word' id='word_1_120' title='bbox 1170 665 1251 690; x_wconf 84' lang='lat' dir='ltr'>erat.</span> <span class='ocrx_word' id='word_1_121' title='bbox 1296 659 1413 700; x_wconf 81' lang='lat' dir='ltr'>Itaque</span> <span class='ocrx_word' id='word_1_122' title='bbox 1437 670 1521 701; x_wconf 89' lang='lat' dir='ltr'>quae</span> <span class='ocrx_word' id='word_1_123' title='bbox 1543 659 1650 690; x_wconf 87' lang='lat' dir='ltr'>tribus</span> <span class='ocrx_word' id='word_1_124' title='bbox 1672 659 1769 690; x_wconf 88' lang='lat' dir='ltr'>uerbi</span> <span class='ocrx_word' id='word_1_125' title='bbox 1792 669 1905 690; x_wconf 83' lang='lat' dir='ltr'>caussa</span> <span class='ocrx_word' id='word_1_126' title='bbox 1925 657 2028 688; x_wconf 85' lang='lat' dir='ltr'>Plan-</span> 
     </span>
     <span class='ocr_line' id='line_1_11' title="bbox 153 708 2030 754; baseline -0.003 -10"><span class='ocrx_word' id='word_1_127' title='bbox 153 714 203 745; x_wconf 90' lang='lat' dir='ltr'>cio</span> <span class='ocrx_word' id='word_1_128' title='bbox 225 712 322 743; x_wconf 90' lang='lat' dir='ltr'>uuice</span> <span class='ocrx_word' id='word_1_129' title='bbox 346 711 512 751; x_wconf 86' lang='lat' dir='ltr'>sauebant,</span> <span class='ocrx_word' id='word_1_130' title='bbox 535 723 587 743; x_wconf 88' lang='lat' dir='ltr'>eas</span> <span class='ocrx_word' id='word_1_131' title='bbox 611 723 686 743; x_wconf 91' lang='lat' dir='ltr'>cum</span> <span class='ocrx_word' id='word_1_132' title='bbox 708 712 842 743; x_wconf 87' lang='lat' dir='ltr'>alterius</span> <span class='ocrx_word' id='word_1_133' title='bbox 866 713 966 744; x_wconf 83' lang='lat' dir='ltr'>etiam</span> <span class='ocrx_word' id='word_1_134' title='bbox 990 713 1158 744; x_wconf 83' lang='lat' dir='ltr'>candidati</span> <span class='ocrx_word' id='word_1_135' title='bbox 1180 723 1302 743; x_wconf 89' lang='lat' dir='ltr'>nomen</span> <span class='ocrx_word' id='word_1_136' title='bbox 1326 711 1468 750; x_wconf 87' lang='lat' dir='ltr'>tabellis,</span> <span class='ocrx_word' id='word_1_137' title='bbox 1493 712 1623 754; x_wconf 89' lang='lat' dir='ltr'>quasin</span> <span class='ocrx_word' id='word_1_138' title='bbox 1638 712 1734 743; x_wconf 78' lang='lat' dir='ltr'>cistas</span> <span class='ocrx_word' id='word_1_139' title='bbox 1757 710 1951 748; x_wconf 87' lang='lat' dir='ltr'>coiciebant,</span> <span class='ocrx_word' id='word_1_140' title='bbox 1974 708 2030 740; x_wconf 88' lang='lat' dir='ltr'>in-</span> 
     </span>
     <span class='ocr_line' id='line_1_12' title="bbox 153 761 2029 808; baseline -0.003 -10"><span class='ocrx_word' id='word_1_141' title='bbox 153 766 299 798; x_wconf 85' lang='lat' dir='ltr'>scribere</span> <span class='ocrx_word' id='word_1_142' title='bbox 326 765 488 796; x_wconf 86' lang='lat' dir='ltr'>deberent</span> <span class='ocrx_word' id='word_1_143' title='bbox 503 783 544 788; x_wconf 94' lang='lat'>—</span> <span class='ocrx_word' id='word_1_144' title='bbox 558 776 634 796; x_wconf 88' lang='lat' dir='ltr'>nam</span> <span class='ocrx_word' id='word_1_145' title='bbox 661 764 818 795; x_wconf 87' lang='lat' dir='ltr'>binorum</span> <span class='ocrx_word' id='word_1_146' title='bbox 840 776 972 808; x_wconf 85' lang='lat' dir='ltr'>semper</span> <span class='ocrx_word' id='word_1_147' title='bbox 995 765 1251 796; x_wconf 85' lang='lat' dir='ltr'>candidatorum</span> <span class='ocrx_word' id='word_1_148' title='bbox 1275 763 1413 795; x_wconf 85' lang='lat' dir='ltr'>nomina</span> <span class='ocrx_word' id='word_1_149' title='bbox 1434 763 1474 795; x_wconf 88' lang='lat' dir='ltr'>ab</span> <span class='ocrx_word' id='word_1_150' title='bbox 1488 775 1687 806; x_wconf 88' lang='lat' dir='ltr'>unaquaque</span> <span class='ocrx_word' id='word_1_151' title='bbox 1709 765 1801 796; x_wconf 83' lang='lat' dir='ltr'>tribu</span> <span class='ocrx_word' id='word_1_152' title='bbox 1826 763 1862 794; x_wconf 90' lang='lat' dir='ltr'>in</span> <span class='ocrx_word' id='word_1_153' title='bbox 1885 761 2029 794; x_wconf 81' lang='lat' dir='ltr'>comitiis</span> 
     </span>
     <span class='ocr_line' id='line_1_13' title="bbox 153 816 2030 860; baseline -0.002 -10"><span class='ocrx_word' id='word_1_154' title='bbox 153 819 314 851; x_wconf 77' lang='lat' dir='ltr'>aediliciis</span> <span class='ocrx_word' id='word_1_155' title='bbox 337 817 438 849; x_wconf 90' lang='lat' dir='ltr'>simul</span> <span class='ocrx_word' id='word_1_156' title='bbox 460 817 591 848; x_wconf 84' lang='lat' dir='ltr'>tabellis</span> <span class='ocrx_word' id='word_1_157' title='bbox 614 817 751 848; x_wconf 87' lang='lat' dir='ltr'>inscribi</span> <span class='ocrx_word' id='word_1_158' title='bbox 774 817 928 848; x_wconf 86' lang='lat' dir='ltr'>debuisse</span> <span class='ocrx_word' id='word_1_159' title='bbox 950 824 1070 860; x_wconf 89' lang='lat' dir='ltr'>sponte</span> <span class='ocrx_word' id='word_1_160' title='bbox 1092 817 1301 859; x_wconf 87' lang='lat' dir='ltr'>intellegitur</span> <span class='ocrx_word' id='word_1_161' title='bbox 1322 835 1365 841; x_wconf 91' lang='lat'>—</span> <span class='ocrx_word' id='word_1_162' title='bbox 1387 816 1484 848; x_wconf 86' lang='lat' dir='ltr'>facile</span> <span class='ocrx_word' id='word_1_163' title='bbox 1506 823 1663 860; x_wconf 85' lang='lat' dir='ltr'>apparet,</span> <span class='ocrx_word' id='word_1_164' title='bbox 1688 816 1930 849; x_wconf 84' lang='lat' dir='ltr'>lubentissume</span> <span class='ocrx_word' id='word_1_165' title='bbox 1952 826 2030 847; x_wconf 90' lang='lat' dir='ltr'>cum</span> 
     </span>
     <span class='ocr_line' id='line_1_14' title="bbox 155 869 2030 912; baseline -0.002 -9"><span class='ocrx_word' id='word_1_166' title='bbox 155 871 269 903; x_wconf 82' lang='lat' dir='ltr'>Planci</span> <span class='ocrx_word' id='word_1_167' title='bbox 299 871 436 902; x_wconf 86' lang='lat' dir='ltr'>nomine</span> <span class='ocrx_word' id='word_1_168' title='bbox 468 870 556 901; x_wconf 89' lang='lat' dir='ltr'>Ploti</span> <span class='ocrx_word' id='word_1_169' title='bbox 580 881 704 900; x_wconf 89' lang='lat' dir='ltr'>nomen</span> <span class='ocrx_word' id='word_1_170' title='bbox 728 870 857 901; x_wconf 88' lang='lat' dir='ltr'>tabellis</span> <span class='ocrx_word' id='word_1_171' title='bbox 887 870 1107 912; x_wconf 89' lang='lat' dir='ltr'>inscripturas</span> <span class='ocrx_word' id='word_1_172' title='bbox 1136 869 1258 910; x_wconf 83' lang='lat' dir='ltr'>fuisse,</span> <span class='ocrx_word' id='word_1_173' title='bbox 1306 882 1382 902; x_wconf 91' lang='lat' dir='ltr'>cum</span> <span class='ocrx_word' id='word_1_174' title='bbox 1412 869 1447 900; x_wconf 87' lang='lat' dir='ltr'>id</span> <span class='ocrx_word' id='word_1_175' title='bbox 1475 870 1611 901; x_wconf 83' lang='lat' dir='ltr'>Plancio</span> <span class='ocrx_word' id='word_1_176' title='bbox 1642 870 1840 912; x_wconf 88' lang='lat' dir='ltr'>plurumum</span> <span class='ocrx_word' id='word_1_177' title='bbox 1870 869 2030 912; x_wconf 83' lang='lat' dir='ltr'>prodesse</span> 
     </span>
     <span class='ocr_line' id='line_1_15' title="bbox 155 922 2031 965; baseline -0.002 -9"><span class='ocrx_word' id='word_1_178' title='bbox 155 924 322 956; x_wconf 86' lang='lat' dir='ltr'>uiderent.</span> <span class='ocrx_word' id='word_1_179' title='bbox 347 941 389 947; x_wconf 93' lang='lat'>—</span> <span class='ocrx_word' id='word_1_180' title='bbox 435 924 595 954; x_wconf 85' lang='lat' dir='ltr'>Ceterum</span> <span class='ocrx_word' id='word_1_181' title='bbox 624 923 704 953; x_wconf 88' lang='lat' dir='ltr'>uide</span> <span class='ocrx_word' id='word_1_182' title='bbox 727 935 811 965; x_wconf 90' lang='lat' dir='ltr'>quae</span> <span class='ocrx_word' id='word_1_183' title='bbox 841 923 882 953; x_wconf 88' lang='lat' dir='ltr'>de</span> <span class='ocrx_word' id='word_1_184' title='bbox 904 923 1146 965; x_wconf 83' lang='lat' dir='ltr'>significatione</span> <span class='ocrx_word' id='word_1_185' title='bbox 1176 922 1273 954; x_wconf 90' lang='lat' dir='ltr'>uerbi</span> <span class='ocrx_word' id='word_1_186' title='bbox 1297 923 1455 954; x_wconf 82' lang='lat' dir='ltr'>coitionis</span> <span class='ocrx_word' id='word_1_187' title='bbox 1483 934 1502 953; x_wconf 85' lang='lat' dir='ltr'>a</span> <span class='ocrx_word' id='word_1_188' title='bbox 1523 923 1607 954; x_wconf 83' lang='lat' dir='ltr'>uiris</span> <span class='ocrx_word' id='word_1_189' title='bbox 1631 922 1736 954; x_wconf 81' lang='lat' dir='ltr'>doctis</span> <span class='ocrx_word' id='word_1_190' title='bbox 1759 934 1828 954; x_wconf 90' lang='lat' dir='ltr'>non</span> <span class='ocrx_word' id='word_1_191' title='bbox 1852 922 1929 954; x_wconf 84' lang='lat' dir='ltr'>satis</span> <span class='ocrx_word' id='word_1_192' title='bbox 1949 933 2031 965; x_wconf 86' lang='lat' dir='ltr'>per-</span> 
     </span>
     <span class='ocr_line' id='line_1_16' title="bbox 154 975 1392 1020; baseline -0.002 -11"><span class='ocrx_word' id='word_1_193' title='bbox 154 983 266 1020; x_wconf 82' lang='lat' dir='ltr'>specta</span> <span class='ocrx_word' id='word_1_194' title='bbox 288 976 419 1017; x_wconf 87' lang='lat' dir='ltr'>Proleg.</span> <span class='ocrx_word' id='word_1_195' title='bbox 442 976 483 1006; x_wconf 92' lang='lat' dir='ltr'>L.</span> <span class='ocrx_word' id='word_1_196' title='bbox 508 975 567 1006; x_wconf 85' lang='grc' dir='ltr'><strong>ΙΙΙ.</strong></span> <span class='ocrx_word' id='word_1_197' title='bbox 593 975 630 1006; x_wconf 85' lang='lat' dir='ltr'>C.</span> <span class='ocrx_word' id='word_1_198' title='bbox 654 975 713 1006; x_wconf 89' lang='lat' dir='ltr'>III.</span> <span class='ocrx_word' id='word_1_199' title='bbox 740 976 768 1016; x_wconf 84' lang='lat'>§.</span> <span class='ocrx_word' id='word_1_200' title='bbox 794 987 822 1007; x_wconf 81' lang='lat'>2.</span> <span class='ocrx_word' id='word_1_201' title='bbox 846 987 879 1018; x_wconf 85' lang='lat' dir='ltr'>p.</span> <span class='ocrx_word' id='word_1_202' title='bbox 903 977 1045 1008; x_wconf 78' lang='lat' dir='ltr'>LXXV</span> <span class='ocrx_word' id='word_1_203' title='bbox 1066 987 1139 1017; x_wconf 90' lang='lat' dir='ltr'>sqq.</span> <span class='ocrx_word' id='word_1_204' title='bbox 1163 976 1392 1018; x_wconf 79' lang='lat' dir='ltr'>exposuimus.</span> 
     </span>
    </p>

    <p class='ocr_par' dir='ltr' id='par_1_3' title="bbox 155 1026 2033 1222">
     <span class='ocr_line' id='line_1_17' title="bbox 239 1026 2033 1071; baseline -0.002 -11"><span class='ocrx_word' id='word_1_205' title='bbox 239 1029 417 1071; x_wconf 81' lang='lat' dir='ltr'>Sequitur,</span> <span class='ocrx_word' id='word_1_206' title='bbox 445 1034 483 1058; x_wconf 90' lang='lat' dir='ltr'>ut</span> <span class='ocrx_word' id='word_1_207' title='bbox 504 1027 624 1069; x_wconf 90' lang='lat' dir='ltr'>quibus</span> <span class='ocrx_word' id='word_1_208' title='bbox 649 1029 854 1070; x_wconf 86' lang='lat' dir='ltr'>argumentis</span> <span class='ocrx_word' id='word_1_209' title='bbox 880 1028 1072 1061; x_wconf 83' lang='lat' dir='ltr'>Laterensis</span> <span class='ocrx_word' id='word_1_210' title='bbox 1095 1027 1276 1059; x_wconf 88' lang='lat' dir='ltr'>coitionem</span> <span class='ocrx_word' id='word_1_211' title='bbox 1302 1039 1372 1059; x_wconf 92' lang='lat' dir='ltr'>esse</span> <span class='ocrx_word' id='word_1_212' title='bbox 1394 1027 1514 1059; x_wconf 83' lang='lat' dir='ltr'>factam</span> <span class='ocrx_word' id='word_1_213' title='bbox 1536 1029 1681 1071; x_wconf 89' lang='lat' dir='ltr'>probare</span> <span class='ocrx_word' id='word_1_214' title='bbox 1704 1027 1890 1067; x_wconf 86' lang='lat' dir='ltr'>studuerit,</span> <span class='ocrx_word' id='word_1_215' title='bbox 1913 1026 2033 1058; x_wconf 85' lang='lat' dir='ltr'>uidea-</span> 
     </span>
     <span class='ocr_line' id='line_1_18' title="bbox 155 1079 2032 1125; baseline -0.002 -11"><span class='ocrx_word' id='word_1_216' title='bbox 155 1095 241 1114; x_wconf 87' lang='lat' dir='ltr'>mus.</span> <span class='ocrx_word' id='word_1_217' title='bbox 287 1081 425 1114; x_wconf 85' lang='lat' dir='ltr'>Adtulit</span> <span class='ocrx_word' id='word_1_218' title='bbox 448 1080 506 1110; x_wconf 91' lang='lat' dir='ltr'>ille</span> <span class='ocrx_word' id='word_1_219' title='bbox 530 1079 613 1119; x_wconf 91' lang='lat' dir='ltr'>duo,</span> <span class='ocrx_word' id='word_1_220' title='bbox 639 1091 658 1110; x_wconf 94' lang='lat' dir='ltr'>a</span> <span class='ocrx_word' id='word_1_221' title='bbox 682 1080 845 1112; x_wconf 87' lang='lat' dir='ltr'>Cicerone</span> <span class='ocrx_word' id='word_1_222' title='bbox 867 1082 1019 1113; x_wconf 89' lang='lat' dir='ltr'>breuiter</span> <span class='ocrx_word' id='word_1_223' title='bbox 1041 1081 1164 1119; x_wconf 84' lang='lat' dir='ltr'>relata,</span> <span class='ocrx_word' id='word_1_224' title='bbox 1194 1081 1345 1124; x_wconf 80' lang='lat' dir='ltr'>primum</span> <span class='ocrx_word' id='word_1_225' title='bbox 1369 1082 1459 1124; x_wconf 80' lang='lat' dir='ltr'>quod</span> <span class='ocrx_word' id='word_1_226' title='bbox 1481 1081 1591 1113; x_wconf 77' lang='lat' dir='ltr'>tribus</span> <span class='ocrx_word' id='word_1_227' title='bbox 1608 1083 1793 1125; x_wconf 79' lang='lat' dir='ltr'>plerasque</span> <span class='ocrx_word' id='word_1_228' title='bbox 1815 1093 1892 1113; x_wconf 79' lang='lat' dir='ltr'>cum</span> <span class='ocrx_word' id='word_1_229' title='bbox 1913 1080 2032 1114; x_wconf 81' lang='lat' dir='ltr'>Plotio</span> 
     </span>
     <span class='ocr_line' id='line_1_19' title="bbox 155 1132 2031 1179; baseline -0.002 -11"><span class='ocrx_word' id='word_1_230' title='bbox 155 1136 276 1168; x_wconf 82' lang='lat' dir='ltr'>tulerit</span> <span class='ocrx_word' id='word_1_231' title='bbox 302 1134 489 1171; x_wconf 73' lang='lat' dir='ltr'>Plancius,</span> <span class='ocrx_word' id='word_1_232' title='bbox 525 1132 687 1172; x_wconf 88' lang='lat' dir='ltr'>alterum,</span> <span class='ocrx_word' id='word_1_233' title='bbox 724 1135 815 1178; x_wconf 73' lang='lat' dir='ltr'>quod</span> <span class='ocrx_word' id='word_1_234' title='bbox 843 1135 1028 1167; x_wconf 79' lang='lat' dir='ltr'>nonnullas</span> <span class='ocrx_word' id='word_1_235' title='bbox 1054 1134 1164 1167; x_wconf 77' lang='lat' dir='ltr'>tribus</span> <span class='ocrx_word' id='word_1_236' title='bbox 1188 1135 1332 1179; x_wconf 75' lang='lat' dir='ltr'>punctis</span> <span class='ocrx_word' id='word_1_237' title='bbox 1355 1145 1467 1178; x_wconf 77' lang='lat' dir='ltr'>paene</span> <span class='ocrx_word' id='word_1_238' title='bbox 1495 1134 1637 1166; x_wconf 77' lang='lat' dir='ltr'>totidem</span> <span class='ocrx_word' id='word_1_239' title='bbox 1665 1146 1742 1166; x_wconf 82' lang='lat' dir='ltr'>cum</span> <span class='ocrx_word' id='word_1_240' title='bbox 1763 1134 1881 1167; x_wconf 81' lang='lat' dir='ltr'>Plotio</span> <span class='ocrx_word' id='word_1_241' title='bbox 1909 1133 2031 1165; x_wconf 80' lang='lat' dir='ltr'>tulerit</span> 
     </span>
     <span class='ocr_line' id='line_1_20' title="bbox 156 1189 337 1222; baseline -0.022 0"><span class='ocrx_word' id='word_1_242' title='bbox 156 1189 337 1222; x_wconf 66' lang='lat' dir='ltr'>Plancius.</span> 
     </span>
    </p>

    <p class='ocr_par' dir='ltr' id='par_1_4' title="bbox 156 1237 2032 1335">
     <span class='ocr_line' id='line_1_21' title="bbox 240 1237 2032 1282; baseline -0.001 -11"><span class='ocrx_word' id='word_1_243' title='bbox 240 1241 293 1273; x_wconf 91' lang='lat' dir='ltr'>Ac</span> <span class='ocrx_word' id='word_1_244' title='bbox 314 1238 439 1282; x_wconf 86' lang='lat' dir='ltr'>prioris</span> <span class='ocrx_word' id='word_1_245' title='bbox 463 1237 600 1280; x_wconf 88' lang='lat' dir='ltr'>quidem</span> <span class='ocrx_word' id='word_1_246' title='bbox 623 1239 812 1280; x_wconf 86' lang='lat' dir='ltr'>argumenti</span> <span class='ocrx_word' id='word_1_247' title='bbox 834 1240 915 1271; x_wconf 88' lang='lat' dir='ltr'>haec</span> <span class='ocrx_word' id='word_1_248' title='bbox 937 1246 987 1272; x_wconf 84' lang='lat' dir='ltr'>est</span> <span class='ocrx_word' id='word_1_249' title='bbox 1008 1239 1191 1279; x_wconf 88' lang='lat' dir='ltr'>sententia,</span> <span class='ocrx_word' id='word_1_250' title='bbox 1214 1238 1254 1270; x_wconf 92' lang='lat' dir='ltr'>ab</span> <span class='ocrx_word' id='word_1_251' title='bbox 1277 1238 1519 1281; x_wconf 85' lang='lat' dir='ltr'>interpretibus</span> <span class='ocrx_word' id='word_1_252' title='bbox 1542 1251 1611 1271; x_wconf 89' lang='lat' dir='ltr'>non</span> <span class='ocrx_word' id='word_1_253' title='bbox 1633 1244 1824 1282; x_wconf 86' lang='lat' dir='ltr'>perspecta,</span> <span class='ocrx_word' id='word_1_254' title='bbox 1853 1238 2032 1282; x_wconf 87' lang='lat' dir='ltr'>plerasque</span> 
     </span>
     <span class='ocr_line' id='line_1_22' title="bbox 156 1291 1887 1335; baseline -0.002 -9"><span class='ocrx_word' id='word_1_255' title='bbox 156 1295 274 1331; x_wconf 87' lang='lat' dir='ltr'>tribus,</span> <span class='ocrx_word' id='word_1_256' title='bbox 301 1304 380 1335; x_wconf 86' lang='lat' dir='ltr'>quas</span> <span class='ocrx_word' id='word_1_257' title='bbox 406 1291 558 1321; x_wconf 86' lang='lat' dir='ltr'>Plancius</span> <span class='ocrx_word' id='word_1_258' title='bbox 581 1291 708 1331; x_wconf 90' lang='lat' dir='ltr'>tulerit,</span> <span class='ocrx_word' id='word_1_259' title='bbox 733 1304 798 1323; x_wconf 89' lang='lat' dir='ltr'>una</span> <span class='ocrx_word' id='word_1_260' title='bbox 818 1304 897 1324; x_wconf 89' lang='lat' dir='ltr'>cum</span> <span class='ocrx_word' id='word_1_261' title='bbox 921 1293 1055 1324; x_wconf 89' lang='lat' dir='ltr'>Plancio</span> <span class='ocrx_word' id='word_1_262' title='bbox 1075 1293 1224 1323; x_wconf 89' lang='lat' dir='ltr'>Plotium</span> <span class='ocrx_word' id='word_1_263' title='bbox 1247 1291 1412 1334; x_wconf 85' lang='lat' dir='ltr'>suffragiis</span> <span class='ocrx_word' id='word_1_264' title='bbox 1435 1292 1503 1324; x_wconf 90' lang='lat' dir='ltr'>suis</span> <span class='ocrx_word' id='word_1_265' title='bbox 1527 1291 1710 1323; x_wconf 86' lang='lat' dir='ltr'>declarasse</span> <span class='ocrx_word' id='word_1_266' title='bbox 1732 1291 1887 1323; x_wconf 89' lang='lat' dir='ltr'>aedilem.</span> 
     </span>
    </p>

    <p class='ocr_par' dir='ltr' id='par_1_5' title="bbox 156 1343 2036 1862">
     <span class='ocr_line' id='line_1_23' title="bbox 240 1343 2033 1386; baseline -0.002 -8"><span class='ocrx_word' id='word_1_267' title='bbox 240 1347 294 1378; x_wconf 89' lang='lat' dir='ltr'>Ex</span> <span class='ocrx_word' id='word_1_268' title='bbox 318 1345 376 1381; x_wconf 84' lang='lat' dir='ltr'>iis,</span> <span class='ocrx_word' id='word_1_269' title='bbox 404 1355 487 1386; x_wconf 90' lang='lat' dir='ltr'>quae</span> <span class='ocrx_word' id='word_1_270' title='bbox 512 1343 552 1374; x_wconf 91' lang='lat' dir='ltr'>de</span> <span class='ocrx_word' id='word_1_271' title='bbox 576 1344 680 1374; x_wconf 89' lang='lat' dir='ltr'>uerbo</span> <span class='ocrx_word' id='word_1_272' title='bbox 703 1345 862 1377; x_wconf 78' lang='lat' dir='ltr'>coitionis</span> <span class='ocrx_word' id='word_1_273' title='bbox 884 1346 1094 1385; x_wconf 90' lang='lat' dir='ltr'>monuimus,</span> <span class='ocrx_word' id='word_1_274' title='bbox 1118 1344 1247 1377; x_wconf 83' lang='lat' dir='ltr'>facilest</span> <span class='ocrx_word' id='word_1_275' title='bbox 1268 1345 1459 1383; x_wconf 84' lang='lat' dir='ltr'>intellectu,</span> <span class='ocrx_word' id='word_1_276' title='bbox 1483 1356 1542 1376; x_wconf 91' lang='lat' dir='ltr'>cur</span> <span class='ocrx_word' id='word_1_277' title='bbox 1564 1345 1627 1376; x_wconf 89' lang='lat' dir='ltr'>ista</span> <span class='ocrx_word' id='word_1_278' title='bbox 1649 1356 1702 1376; x_wconf 88' lang='lat' dir='ltr'>res</span> <span class='ocrx_word' id='word_1_279' title='bbox 1725 1343 1901 1376; x_wconf 85' lang='lat' dir='ltr'>Laterensi</span> <span class='ocrx_word' id='word_1_280' title='bbox 1922 1343 2033 1376; x_wconf 89' lang='lat' dir='ltr'>uideri</span> 
     </span>
     <span class='ocr_line' id='line_1_24' title="bbox 157 1396 2034 1440; baseline -0.001 -10"><span class='ocrx_word' id='word_1_281' title='bbox 157 1399 312 1431; x_wconf 87' lang='lat' dir='ltr'>debuerit</span> <span class='ocrx_word' id='word_1_282' title='bbox 336 1397 561 1440; x_wconf 88' lang='lat' dir='ltr'>suspicionem</span> <span class='ocrx_word' id='word_1_283' title='bbox 585 1396 738 1427; x_wconf 91' lang='lat' dir='ltr'>coitionis</span> <span class='ocrx_word' id='word_1_284' title='bbox 764 1397 898 1428; x_wconf 89' lang='lat' dir='ltr'>habere.</span> <span class='ocrx_word' id='word_1_285' title='bbox 944 1398 1006 1429; x_wconf 90' lang='lat' dir='ltr'>Ille</span> <span class='ocrx_word' id='word_1_286' title='bbox 1028 1398 1075 1430; x_wconf 90' lang='lat' dir='ltr'>sic</span> <span class='ocrx_word' id='word_1_287' title='bbox 1096 1399 1368 1429; x_wconf 83' lang='lat' dir='ltr'>ratiocinabatur.</span> <span class='ocrx_word' id='word_1_288' title='bbox 1413 1397 1449 1429; x_wconf 93' lang='lat' dir='ltr'>Si</span> <span class='ocrx_word' id='word_1_289' title='bbox 1471 1403 1607 1428; x_wconf 81' lang='lat' dir='ltr'>cunctus</span> <span class='ocrx_word' id='word_1_290' title='bbox 1630 1397 1776 1440; x_wconf 82' lang='lat' dir='ltr'>populus</span> <span class='ocrx_word' id='word_1_291' title='bbox 1798 1397 1892 1428; x_wconf 90' lang='lat' dir='ltr'>nulla</span> <span class='ocrx_word' id='word_1_292' title='bbox 1913 1408 2034 1429; x_wconf 88' lang='lat' dir='ltr'>corru-</span> 
     </span>
     <span class='ocr_line' id='line_1_25' title="bbox 156 1449 2032 1496; baseline -0.002 -12"><span class='ocrx_word' id='word_1_293' title='bbox 156 1459 234 1496; x_wconf 86' lang='lat' dir='ltr'>ptus</span> <span class='ocrx_word' id='word_1_294' title='bbox 257 1451 435 1494; x_wconf 75' lang='lat' dir='ltr'>largitione</span> <span class='ocrx_word' id='word_1_295' title='bbox 460 1450 557 1481; x_wconf 84' lang='lat' dir='ltr'>unice</span> <span class='ocrx_word' id='word_1_296' title='bbox 580 1449 715 1479; x_wconf 87' lang='lat' dir='ltr'>Plancio</span> <span class='ocrx_word' id='word_1_297' title='bbox 739 1455 771 1480; x_wconf 89' lang='lat' dir='ltr'>et</span> <span class='ocrx_word' id='word_1_298' title='bbox 794 1449 904 1480; x_wconf 92' lang='lat' dir='ltr'>Plotio</span> <span class='ocrx_word' id='word_1_299' title='bbox 935 1449 1087 1490; x_wconf 84' lang='lat' dir='ltr'>fauisset,</span> <span class='ocrx_word' id='word_1_300' title='bbox 1121 1450 1343 1493; x_wconf 87' lang='lat' dir='ltr'>probabilest,</span> <span class='ocrx_word' id='word_1_301' title='bbox 1379 1450 1531 1481; x_wconf 91' lang='lat' dir='ltr'>omnium</span> <span class='ocrx_word' id='word_1_302' title='bbox 1561 1450 1699 1480; x_wconf 88' lang='lat' dir='ltr'>omnino</span> <span class='ocrx_word' id='word_1_303' title='bbox 1730 1450 1881 1481; x_wconf 87' lang='lat' dir='ltr'>tribuum</span> <span class='ocrx_word' id='word_1_304' title='bbox 1908 1462 2032 1482; x_wconf 80' lang='lat' dir='ltr'>maxu-</span> 
     </span>
     <span class='ocr_line' id='line_1_26' title="bbox 159 1501 2036 1546; baseline -0.001 -9"><span class='ocrx_word' id='word_1_305' title='bbox 159 1517 249 1537; x_wconf 87' lang='lat' dir='ltr'>mam</span> <span class='ocrx_word' id='word_1_306' title='bbox 273 1510 403 1546; x_wconf 80' lang='lat' dir='ltr'>partem</span> <span class='ocrx_word' id='word_1_307' title='bbox 426 1503 564 1534; x_wconf 87' lang='lat' dir='ltr'>tabellas</span> <span class='ocrx_word' id='word_1_308' title='bbox 588 1502 702 1532; x_wconf 87' lang='lat' dir='ltr'>Planci</span> <span class='ocrx_word' id='word_1_309' title='bbox 734 1508 766 1533; x_wconf 88' lang='lat' dir='ltr'>et</span> <span class='ocrx_word' id='word_1_310' title='bbox 789 1501 878 1532; x_wconf 85' lang='lat' dir='ltr'>Ploti</span> <span class='ocrx_word' id='word_1_311' title='bbox 903 1503 1097 1534; x_wconf 87' lang='lat' dir='ltr'>nominibus</span> <span class='ocrx_word' id='word_1_312' title='bbox 1126 1503 1301 1546; x_wconf 87' lang='lat' dir='ltr'>inscriptas</span> <span class='ocrx_word' id='word_1_313' title='bbox 1330 1503 1365 1534; x_wconf 87' lang='lat' dir='ltr'>in</span> <span class='ocrx_word' id='word_1_314' title='bbox 1387 1503 1482 1534; x_wconf 87' lang='lat' dir='ltr'>cistas</span> <span class='ocrx_word' id='word_1_315' title='bbox 1512 1501 1614 1534; x_wconf 87' lang='lat' dir='ltr'>fuisse</span> <span class='ocrx_word' id='word_1_316' title='bbox 1646 1502 1883 1534; x_wconf 87' lang='lat' dir='ltr'>coniecturam.</span> <span class='ocrx_word' id='word_1_317' title='bbox 1925 1501 2036 1544; x_wconf 85' lang='lat' dir='ltr'>Atqui</span> 
     </span>
     <span class='ocr_line' id='line_1_27' title="bbox 157 1554 2035 1598; baseline -0.002 -8"><span class='ocrx_word' id='word_1_318' title='bbox 157 1570 219 1591; x_wconf 90' lang='lat' dir='ltr'>nec</span> <span class='ocrx_word' id='word_1_319' title='bbox 248 1558 397 1589; x_wconf 89' lang='lat' dir='ltr'>tulerant</span> <span class='ocrx_word' id='word_1_320' title='bbox 427 1556 525 1586; x_wconf 89' lang='lat' dir='ltr'>ambo</span> <span class='ocrx_word' id='word_1_321' title='bbox 556 1555 663 1585; x_wconf 88' lang='lat' dir='ltr'>omnis</span> <span class='ocrx_word' id='word_1_322' title='bbox 696 1554 824 1594; x_wconf 85' lang='lat' dir='ltr'>tribus,</span> <span class='ocrx_word' id='word_1_323' title='bbox 858 1566 920 1585; x_wconf 89' lang='lat' dir='ltr'>nec</span> <span class='ocrx_word' id='word_1_324' title='bbox 947 1556 1027 1587; x_wconf 88' lang='lat' dir='ltr'>alias</span> <span class='ocrx_word' id='word_1_325' title='bbox 1050 1557 1203 1588; x_wconf 89' lang='lat' dir='ltr'>Plancius</span> <span class='ocrx_word' id='word_1_326' title='bbox 1231 1557 1311 1588; x_wconf 91' lang='lat' dir='ltr'>alias</span> <span class='ocrx_word' id='word_1_327' title='bbox 1340 1556 1490 1594; x_wconf 85' lang='lat' dir='ltr'>Plotius,</span> <span class='ocrx_word' id='word_1_328' title='bbox 1527 1561 1577 1586; x_wconf 90' lang='lat' dir='ltr'>set</span> <span class='ocrx_word' id='word_1_329' title='bbox 1606 1567 1686 1598; x_wconf 90' lang='lat' dir='ltr'>quas</span> <span class='ocrx_word' id='word_1_330' title='bbox 1716 1556 1870 1587; x_wconf 89' lang='lat' dir='ltr'>Plancius</span> <span class='ocrx_word' id='word_1_331' title='bbox 1901 1555 2035 1587; x_wconf 86' lang='lat' dir='ltr'>easdem</span> 
     </span>
     <span class='ocr_line' id='line_1_28' title="bbox 159 1607 2034 1655; baseline -0.001 -14"><span class='ocrx_word' id='word_1_332' title='bbox 159 1622 265 1655; x_wconf 86' lang='lat' dir='ltr'>paene</span> <span class='ocrx_word' id='word_1_333' title='bbox 289 1609 397 1640; x_wconf 79' lang='lat' dir='ltr'>omnis</span> <span class='ocrx_word' id='word_1_334' title='bbox 421 1608 550 1639; x_wconf 89' lang='lat' dir='ltr'>Plotius</span> <span class='ocrx_word' id='word_1_335' title='bbox 577 1607 676 1637; x_wconf 87' lang='lat' dir='ltr'>etiam</span> <span class='ocrx_word' id='word_1_336' title='bbox 699 1607 788 1637; x_wconf 84' lang='lat' dir='ltr'>tulit.</span> <span class='ocrx_word' id='word_1_337' title='bbox 834 1608 905 1638; x_wconf 88' lang='lat' dir='ltr'>Iam</span> <span class='ocrx_word' id='word_1_338' title='bbox 927 1608 955 1639; x_wconf 88' lang='lat' dir='ltr'>si</span> <span class='ocrx_word' id='word_1_339' title='bbox 978 1609 1169 1641; x_wconf 87' lang='lat' dir='ltr'>Laterensis</span> <span class='ocrx_word' id='word_1_340' title='bbox 1193 1610 1256 1640; x_wconf 89' lang='lat' dir='ltr'>hoc</span> <span class='ocrx_word' id='word_1_341' title='bbox 1277 1615 1452 1652; x_wconf 88' lang='lat' dir='ltr'>praeterea</span> <span class='ocrx_word' id='word_1_342' title='bbox 1475 1615 1673 1651; x_wconf 89' lang='lat' dir='ltr'>conpertum</span> <span class='ocrx_word' id='word_1_343' title='bbox 1697 1608 1854 1648; x_wconf 84' lang='lat' dir='ltr'>habebat,</span> <span class='ocrx_word' id='word_1_344' title='bbox 1886 1608 1921 1639; x_wconf 91' lang='lat' dir='ltr'>id</span> <span class='ocrx_word' id='word_1_345' title='bbox 1943 1607 2034 1650; x_wconf 83' lang='lat' dir='ltr'>quod</span> 
     </span>
     <span class='ocr_line' id='line_1_29' title="bbox 159 1660 2036 1704; baseline -0.002 -9"><span class='ocrx_word' id='word_1_346' title='bbox 159 1663 233 1695; x_wconf 86' lang='lat' dir='ltr'>fieri</span> <span class='ocrx_word' id='word_1_347' title='bbox 256 1661 352 1693; x_wconf 88' lang='lat' dir='ltr'>facile</span> <span class='ocrx_word' id='word_1_348' title='bbox 376 1660 506 1703; x_wconf 86' lang='lat' dir='ltr'>potuit,</span> <span class='ocrx_word' id='word_1_349' title='bbox 541 1660 576 1691; x_wconf 92' lang='lat' dir='ltr'>in</span> <span class='ocrx_word' id='word_1_350' title='bbox 598 1660 702 1690; x_wconf 89' lang='lat' dir='ltr'>altera</span> <span class='ocrx_word' id='word_1_351' title='bbox 731 1665 827 1702; x_wconf 87' lang='lat' dir='ltr'>parte</span> <span class='ocrx_word' id='word_1_352' title='bbox 856 1660 1025 1701; x_wconf 85' lang='lat' dir='ltr'>tribuum,</span> <span class='ocrx_word' id='word_1_353' title='bbox 1064 1674 1143 1704; x_wconf 89' lang='lat' dir='ltr'>quas</span> <span class='ocrx_word' id='word_1_354' title='bbox 1167 1662 1320 1693; x_wconf 90' lang='lat' dir='ltr'>Plancius</span> <span class='ocrx_word' id='word_1_355' title='bbox 1350 1668 1383 1693; x_wconf 89' lang='lat' dir='ltr'>et</span> <span class='ocrx_word' id='word_1_356' title='bbox 1405 1661 1534 1692; x_wconf 81' lang='lat' dir='ltr'>Plotius</span> <span class='ocrx_word' id='word_1_357' title='bbox 1558 1661 1723 1699; x_wconf 83' lang='lat' dir='ltr'>tulerant,</span> <span class='ocrx_word' id='word_1_358' title='bbox 1756 1660 1908 1692; x_wconf 86' lang='lat' dir='ltr'>minume</span> <span class='ocrx_word' id='word_1_359' title='bbox 1932 1662 2036 1692; x_wconf 88' lang='lat' dir='ltr'>Plan-</span> 
     </span>
     <span class='ocr_line' id='line_1_30' title="bbox 160 1712 2034 1757; baseline -0.002 -9"><span class='ocrx_word' id='word_1_360' title='bbox 160 1717 266 1755; x_wconf 82' lang='lat' dir='ltr'>cium,</span> <span class='ocrx_word' id='word_1_361' title='bbox 300 1715 336 1745; x_wconf 91' lang='lat' dir='ltr'>in</span> <span class='ocrx_word' id='word_1_362' title='bbox 359 1715 464 1744; x_wconf 87' lang='lat' dir='ltr'>altera</span> <span class='ocrx_word' id='word_1_363' title='bbox 486 1713 638 1744; x_wconf 86' lang='lat' dir='ltr'>minume</span> <span class='ocrx_word' id='word_1_364' title='bbox 661 1713 810 1743; x_wconf 88' lang='lat' dir='ltr'>Plotium</span> <span class='ocrx_word' id='word_1_365' title='bbox 840 1712 942 1744; x_wconf 86' lang='lat' dir='ltr'>fuisse</span> <span class='ocrx_word' id='word_1_366' title='bbox 976 1714 1179 1756; x_wconf 86' lang='lat' dir='ltr'>gratiosum:</span> <span class='ocrx_word' id='word_1_367' title='bbox 1213 1721 1285 1746; x_wconf 89' lang='lat' dir='ltr'>tum</span> <span class='ocrx_word' id='word_1_368' title='bbox 1319 1713 1488 1757; x_wconf 89' lang='lat' dir='ltr'>profecto,</span> <span class='ocrx_word' id='word_1_369' title='bbox 1523 1724 1599 1743; x_wconf 86' lang='lat' dir='ltr'>cum</span> <span class='ocrx_word' id='word_1_370' title='bbox 1621 1713 1842 1744; x_wconf 88' lang='lat' dir='ltr'>nihilominus</span> <span class='ocrx_word' id='word_1_371' title='bbox 1862 1713 1903 1744; x_wconf 92' lang='lat' dir='ltr'>ab</span> <span class='ocrx_word' id='word_1_372' title='bbox 1926 1713 2034 1745; x_wconf 87' lang='lat' dir='ltr'>isdem</span> 
     </span>
     <span class='ocr_line' id='line_1_31' title="bbox 159 1764 2034 1813; baseline -0.002 -13"><span class='ocrx_word' id='word_1_373' title='bbox 159 1780 265 1813; x_wconf 80' lang='lat' dir='ltr'>paene</span> <span class='ocrx_word' id='word_1_374' title='bbox 292 1766 447 1798; x_wconf 87' lang='lat' dir='ltr'>omnibus</span> <span class='ocrx_word' id='word_1_375' title='bbox 471 1765 641 1804; x_wconf 85' lang='lat' dir='ltr'>tribubus,</span> <span class='ocrx_word' id='word_1_376' title='bbox 665 1777 745 1807; x_wconf 87' lang='lat' dir='ltr'>quas</span> <span class='ocrx_word' id='word_1_377' title='bbox 768 1765 922 1797; x_wconf 87' lang='lat' dir='ltr'>Plancius</span> <span class='ocrx_word' id='word_1_378' title='bbox 945 1767 1086 1806; x_wconf 91' lang='lat' dir='ltr'>tulerat,</span> <span class='ocrx_word' id='word_1_379' title='bbox 1113 1767 1263 1798; x_wconf 85' lang='lat' dir='ltr'>Plotium</span> <span class='ocrx_word' id='word_1_380' title='bbox 1286 1766 1386 1798; x_wconf 87' lang='lat' dir='ltr'>etiam</span> <span class='ocrx_word' id='word_1_381' title='bbox 1409 1767 1613 1798; x_wconf 86' lang='lat' dir='ltr'>declaratum</span> <span class='ocrx_word' id='word_1_382' title='bbox 1635 1765 1779 1796; x_wconf 87' lang='lat' dir='ltr'>aedilem</span> <span class='ocrx_word' id='word_1_383' title='bbox 1801 1764 2034 1807; x_wconf 74' lang='lat' dir='ltr'>intellexisset,</span> 
     </span>
     <span class='ocr_line' id='line_1_32' title="bbox 159 1818 1299 1862; baseline -0.004 -8"><span class='ocrx_word' id='word_1_384' title='bbox 159 1820 346 1854; x_wconf 86' lang='lat' dir='ltr'>necessario</span> <span class='ocrx_word' id='word_1_385' title='bbox 371 1818 544 1849; x_wconf 90' lang='lat' dir='ltr'>Plancium</span> <span class='ocrx_word' id='word_1_386' title='bbox 568 1829 643 1848; x_wconf 89' lang='lat' dir='ltr'>cum</span> <span class='ocrx_word' id='word_1_387' title='bbox 668 1819 776 1850; x_wconf 89' lang='lat' dir='ltr'>Plotio</span> <span class='ocrx_word' id='word_1_388' title='bbox 799 1818 941 1850; x_wconf 87' lang='lat' dir='ltr'>coiuisse</span> <span class='ocrx_word' id='word_1_389' title='bbox 963 1819 1125 1862; x_wconf 89' lang='lat' dir='ltr'>suspicari</span> <span class='ocrx_word' id='word_1_390' title='bbox 1148 1819 1299 1850; x_wconf 79' lang='lat' dir='ltr'>debebat.</span> 
     </span>
    </p>

    <p class='ocr_par' dir='ltr' id='par_1_6' title="bbox 161 1869 2039 2493">
     <span class='ocr_line' id='line_1_33' title="bbox 245 1869 2036 1914; baseline -0.002 -10"><span class='ocrx_word' id='word_1_391' title='bbox 245 1875 347 1905; x_wconf 85' lang='lat' dir='ltr'>Istam</span> <span class='ocrx_word' id='word_1_392' title='bbox 371 1883 452 1902; x_wconf 90' lang='lat' dir='ltr'>uero</span> <span class='ocrx_word' id='word_1_393' title='bbox 475 1871 701 1913; x_wconf 86' lang='lat' dir='ltr'>suspicionem</span> <span class='ocrx_word' id='word_1_394' title='bbox 726 1871 944 1902; x_wconf 89' lang='lat' dir='ltr'>uehementer</span> <span class='ocrx_word' id='word_1_395' title='bbox 966 1871 1081 1914; x_wconf 85' lang='lat' dir='ltr'>augeri</span> <span class='ocrx_word' id='word_1_396' title='bbox 1107 1873 1300 1914; x_wconf 83' lang='lat' dir='ltr'>oportebat,</span> <span class='ocrx_word' id='word_1_397' title='bbox 1335 1871 1363 1903; x_wconf 90' lang='lat' dir='ltr'>si</span> <span class='ocrx_word' id='word_1_398' title='bbox 1386 1870 1609 1902; x_wconf 87' lang='lat' dir='ltr'>demonstrari</span> <span class='ocrx_word' id='word_1_399' title='bbox 1631 1870 1760 1913; x_wconf 88' lang='lat' dir='ltr'>potuit,</span> <span class='ocrx_word' id='word_1_400' title='bbox 1797 1871 1833 1902; x_wconf 91' lang='lat' dir='ltr'>in</span> <span class='ocrx_word' id='word_1_401' title='bbox 1855 1869 1962 1902; x_wconf 87' lang='lat' dir='ltr'>isdem</span> <span class='ocrx_word' id='word_1_402' title='bbox 1984 1876 2036 1902; x_wconf 88' lang='lat' dir='ltr'>ta-</span> 
     </span>
     <span class='ocr_line' id='line_1_34' title="bbox 161 1923 2035 1968; baseline -0.003 -9"><span class='ocrx_word' id='word_1_403' title='bbox 161 1926 258 1959; x_wconf 87' lang='lat' dir='ltr'>bellis</span> <span class='ocrx_word' id='word_1_404' title='bbox 281 1935 387 1968; x_wconf 89' lang='lat' dir='ltr'>paene</span> <span class='ocrx_word' id='word_1_405' title='bbox 411 1923 566 1954; x_wconf 88' lang='lat' dir='ltr'>omnibus</span> <span class='ocrx_word' id='word_1_406' title='bbox 589 1923 696 1954; x_wconf 84' lang='lat' dir='ltr'>tribus</span> <span class='ocrx_word' id='word_1_407' title='bbox 720 1924 910 1963; x_wconf 86' lang='lat' dir='ltr'>cuiusdam,</span> <span class='ocrx_word' id='word_1_408' title='bbox 942 1924 977 1955; x_wconf 91' lang='lat' dir='ltr'>in</span> <span class='ocrx_word' id='word_1_409' title='bbox 1002 1924 1122 1966; x_wconf 90' lang='lat' dir='ltr'>quibus</span> <span class='ocrx_word' id='word_1_410' title='bbox 1145 1925 1258 1955; x_wconf 87' lang='lat' dir='ltr'>Planci</span> <span class='ocrx_word' id='word_1_411' title='bbox 1288 1936 1412 1955; x_wconf 89' lang='lat' dir='ltr'>nomen</span> <span class='ocrx_word' id='word_1_412' title='bbox 1436 1923 1635 1965; x_wconf 86' lang='lat' dir='ltr'>inscriptum</span> <span class='ocrx_word' id='word_1_413' title='bbox 1663 1930 1751 1963; x_wconf 87' lang='lat' dir='ltr'>erat,</span> <span class='ocrx_word' id='word_1_414' title='bbox 1786 1924 1876 1955; x_wconf 90' lang='lat' dir='ltr'>Ploti</span> <span class='ocrx_word' id='word_1_415' title='bbox 1900 1934 2035 1963; x_wconf 87' lang='lat' dir='ltr'>nomen,</span> 
     </span>
     <span class='ocr_line' id='line_1_35' title="bbox 161 1974 2035 2020; baseline -0.002 -8"><span class='ocrx_word' id='word_1_416' title='bbox 161 1980 299 2012; x_wconf 87' lang='lat' dir='ltr'>alterius</span> <span class='ocrx_word' id='word_1_417' title='bbox 330 1976 464 2015; x_wconf 84' lang='lat' dir='ltr'>aedilis,</span> <span class='ocrx_word' id='word_1_418' title='bbox 499 1974 601 2007; x_wconf 86' lang='lat' dir='ltr'>fuisse</span> <span class='ocrx_word' id='word_1_419' title='bbox 630 1976 812 2018; x_wconf 85' lang='lat' dir='ltr'>scriptum,</span> <span class='ocrx_word' id='word_1_420' title='bbox 850 1977 993 2019; x_wconf 87' lang='lat' dir='ltr'>ideoque</span> <span class='ocrx_word' id='word_1_421' title='bbox 1016 1977 1151 2008; x_wconf 84' lang='lat' dir='ltr'>eosdem</span> <span class='ocrx_word' id='word_1_422' title='bbox 1182 1977 1335 2008; x_wconf 87' lang='lat' dir='ltr'>homines</span> <span class='ocrx_word' id='word_1_423' title='bbox 1358 1988 1464 2020; x_wconf 86' lang='lat' dir='ltr'>paene</span> <span class='ocrx_word' id='word_1_424' title='bbox 1484 1976 1592 2007; x_wconf 90' lang='lat' dir='ltr'>omnis</span> <span class='ocrx_word' id='word_1_425' title='bbox 1615 1976 1722 2007; x_wconf 89' lang='lat' dir='ltr'>tribus</span> <span class='ocrx_word' id='word_1_426' title='bbox 1745 1977 1854 2016; x_wconf 88' lang='lat' dir='ltr'>illius,</span> <span class='ocrx_word' id='word_1_427' title='bbox 1890 1989 2035 2019; x_wconf 88' lang='lat' dir='ltr'>quorum</span> 
     </span>
     <span class='ocr_line' id='line_1_36' title="bbox 161 2028 2035 2073; baseline -0.001 -10"><span class='ocrx_word' id='word_1_428' title='bbox 161 2031 321 2073; x_wconf 73' lang='lat' dir='ltr'>suffragia</span> <span class='ocrx_word' id='word_1_429' title='bbox 344 2028 496 2060; x_wconf 86' lang='lat' dir='ltr'>Plancius</span> <span class='ocrx_word' id='word_1_430' title='bbox 527 2029 668 2067; x_wconf 89' lang='lat' dir='ltr'>tulerat,</span> <span class='ocrx_word' id='word_1_431' title='bbox 701 2030 846 2060; x_wconf 89' lang='lat' dir='ltr'>alterum</span> <span class='ocrx_word' id='word_1_432' title='bbox 874 2030 1018 2060; x_wconf 90' lang='lat' dir='ltr'>aedilem</span> <span class='ocrx_word' id='word_1_433' title='bbox 1049 2030 1199 2061; x_wconf 86' lang='lat' dir='ltr'>Plotium</span> <span class='ocrx_word' id='word_1_434' title='bbox 1231 2030 1424 2061; x_wconf 89' lang='lat' dir='ltr'>declarasse.</span> <span class='ocrx_word' id='word_1_435' title='bbox 1470 2029 1572 2070; x_wconf 86' lang='lat' dir='ltr'>Quod</span> <span class='ocrx_word' id='word_1_436' title='bbox 1603 2041 1805 2071; x_wconf 88' lang='lat' dir='ltr'>quamquam</span> <span class='ocrx_word' id='word_1_437' title='bbox 1832 2030 2035 2069; x_wconf 84' lang='lat' dir='ltr'>Laterensis,</span> 
     </span>
     <span class='ocr_line' id='line_1_37' title="bbox 163 2081 2035 2125; baseline -0.001 -10"><span class='ocrx_word' id='word_1_438' title='bbox 163 2085 218 2117; x_wconf 83' lang='lat' dir='ltr'>cui</span> <span class='ocrx_word' id='word_1_439' title='bbox 246 2082 447 2115; x_wconf 88' lang='lat' dir='ltr'>tabellarum</span> <span class='ocrx_word' id='word_1_440' title='bbox 476 2081 762 2123; x_wconf 84' lang='lat' dir='ltr'>inspiciendarum</span> <span class='ocrx_word' id='word_1_441' title='bbox 787 2089 932 2125; x_wconf 86' lang='lat' dir='ltr'>potestas</span> <span class='ocrx_word' id='word_1_442' title='bbox 962 2093 1032 2113; x_wconf 90' lang='grc'><strong>11011</strong></span> <span class='ocrx_word' id='word_1_443' title='bbox 1064 2088 1148 2113; x_wconf 87' lang='grc'><strong>65561</strong></span> <span class='ocrx_word' id='word_1_444' title='bbox 1171 2082 1264 2122; x_wconf 85' lang='lat' dir='ltr'>data,</span> <span class='ocrx_word' id='word_1_445' title='bbox 1298 2089 1388 2114; x_wconf 83' lang='lat' dir='ltr'>certo</span> <span class='ocrx_word' id='word_1_446' title='bbox 1421 2082 1566 2124; x_wconf 88' lang='lat' dir='ltr'>probare</span> <span class='ocrx_word' id='word_1_447' title='bbox 1588 2082 1740 2113; x_wconf 86' lang='lat' dir='ltr'>minume</span> <span class='ocrx_word' id='word_1_448' title='bbox 1763 2083 1892 2125; x_wconf 87' lang='lat' dir='ltr'>potuit,</span> <span class='ocrx_word' id='word_1_449' title='bbox 1924 2089 2035 2114; x_wconf 88' lang='lat' dir='ltr'>tamen</span> 
     </span>
     <span class='ocr_line' id='line_1_38' title="bbox 163 2134 2036 2177; baseline -0.002 -8"><span class='ocrx_word' id='word_1_450' title='bbox 163 2135 365 2169; x_wconf 87' lang='lat' dir='ltr'>conclude1e</span> <span class='ocrx_word' id='word_1_451' title='bbox 388 2135 462 2165; x_wconf 90' lang='lat' dir='ltr'>iure</span> <span class='ocrx_word' id='word_1_452' title='bbox 486 2146 528 2165; x_wconf 79' lang='lat' dir='ltr'>ex</span> <span class='ocrx_word' id='word_1_453' title='bbox 552 2145 590 2165; x_wconf 92' lang='lat' dir='ltr'>eo</span> <span class='ocrx_word' id='word_1_454' title='bbox 613 2135 741 2177; x_wconf 86' lang='lat' dir='ltr'>potuit,</span> <span class='ocrx_word' id='word_1_455' title='bbox 784 2135 875 2177; x_wconf 88' lang='lat' dir='ltr'>quod</span> <span class='ocrx_word' id='word_1_456' title='bbox 899 2135 1007 2167; x_wconf 88' lang='lat' dir='ltr'>tribus</span> <span class='ocrx_word' id='word_1_457' title='bbox 1031 2135 1191 2177; x_wconf 86' lang='lat' dir='ltr'>quasdam</span> <span class='ocrx_word' id='word_1_458' title='bbox 1214 2135 1355 2166; x_wconf 88' lang='lat' dir='ltr'>totidem</span> <span class='ocrx_word' id='word_1_459' title='bbox 1378 2146 1483 2177; x_wconf 87' lang='lat' dir='ltr'>paene</span> <span class='ocrx_word' id='word_1_460' title='bbox 1505 2134 1638 2177; x_wconf 87' lang='lat' dir='ltr'>punctis</span> <span class='ocrx_word' id='word_1_461' title='bbox 1661 2135 1835 2166; x_wconf 88' lang='lat' dir='ltr'>Plancium</span> <span class='ocrx_word' id='word_1_462' title='bbox 1857 2146 1933 2166; x_wconf 90' lang='lat' dir='ltr'>cum</span> <span class='ocrx_word' id='word_1_463' title='bbox 1955 2135 2036 2166; x_wconf 86' lang='lat' dir='ltr'>Plo-</span> 
     </span>
     <span class='ocr_line' id='line_1_39' title="bbox 162 2187 2035 2230; baseline -0.002 -9"><span class='ocrx_word' id='word_1_464' title='bbox 162 2191 211 2223; x_wconf 80' lang='lat' dir='ltr'>tio</span> <span class='ocrx_word' id='word_1_465' title='bbox 234 2189 350 2221; x_wconf 88' lang='lat' dir='ltr'>tulisse</span> <span class='ocrx_word' id='word_1_466' title='bbox 372 2187 558 2219; x_wconf 87' lang='lat' dir='ltr'>audiuerat.</span> <span class='ocrx_word' id='word_1_467' title='bbox 603 2188 708 2230; x_wconf 86' lang='lat' dir='ltr'>Finge</span> <span class='ocrx_word' id='word_1_468' title='bbox 731 2188 838 2226; x_wconf 89' lang='lat' dir='ltr'>enim,</span> <span class='ocrx_word' id='word_1_469' title='bbox 874 2188 1047 2219; x_wconf 86' lang='lat' dir='ltr'>Plancium</span> <span class='ocrx_word' id='word_1_470' title='bbox 1078 2194 1111 2219; x_wconf 87' lang='lat' dir='ltr'>et</span> <span class='ocrx_word' id='word_1_471' title='bbox 1134 2188 1284 2219; x_wconf 88' lang='lat' dir='ltr'>Plotium</span> <span class='ocrx_word' id='word_1_472' title='bbox 1315 2188 1441 2219; x_wconf 85' lang='lat' dir='ltr'>tribum</span> <span class='ocrx_word' id='word_1_473' title='bbox 1472 2188 1681 2230; x_wconf 83' lang='lat' dir='ltr'>quampiam,</span> <span class='ocrx_word' id='word_1_474' title='bbox 1715 2199 1799 2230; x_wconf 88' lang='lat' dir='ltr'>quae</span> <span class='ocrx_word' id='word_1_475' title='bbox 1830 2199 1872 2219; x_wconf 87' lang='lat' dir='ltr'>ex</span> <span class='ocrx_word' id='word_1_476' title='bbox 1902 2192 2035 2218; x_wconf 88' lang='lat' dir='ltr'>centum</span> 
     </span>
     <span class='ocr_line' id='line_1_40' title="bbox 163 2239 2037 2283; baseline -0.003 -8"><span class='ocrx_word' id='word_1_477' title='bbox 163 2242 356 2275; x_wconf 88' lang='lat' dir='ltr'>homiuibus</span> <span class='ocrx_word' id='word_1_478' title='bbox 380 2239 586 2279; x_wconf 81' lang='lat' dir='ltr'>constiterit,</span> <span class='ocrx_word' id='word_1_479' title='bbox 612 2240 658 2272; x_wconf 89' lang='lat' dir='ltr'>ita</span> <span class='ocrx_word' id='word_1_480' title='bbox 679 2241 805 2279; x_wconf 89' lang='lat' dir='ltr'>tulisse,</span> <span class='ocrx_word' id='word_1_481' title='bbox 829 2246 868 2271; x_wconf 90' lang='lat' dir='ltr'>ut</span> <span class='ocrx_word' id='word_1_482' title='bbox 889 2240 1042 2271; x_wconf 88' lang='lat' dir='ltr'>Plancius</span> <span class='ocrx_word' id='word_1_483' title='bbox 1066 2240 1234 2282; x_wconf 88' lang='lat' dir='ltr'>octoginta</span> <span class='ocrx_word' id='word_1_484' title='bbox 1256 2246 1289 2270; x_wconf 90' lang='lat' dir='ltr'>et</span> <span class='ocrx_word' id='word_1_485' title='bbox 1312 2239 1389 2279; x_wconf 82' lang='lat' dir='ltr'>duo,</span> <span class='ocrx_word' id='word_1_486' title='bbox 1413 2241 1541 2272; x_wconf 90' lang='lat' dir='ltr'>Plotius</span> <span class='ocrx_word' id='word_1_487' title='bbox 1564 2240 1774 2283; x_wconf 85' lang='lat' dir='ltr'>septuaginta</span> <span class='ocrx_word' id='word_1_488' title='bbox 1796 2245 1829 2271; x_wconf 90' lang='lat' dir='ltr'>et</span> <span class='ocrx_word' id='word_1_489' title='bbox 1851 2245 1924 2270; x_wconf 89' lang='lat' dir='ltr'>octo</span> <span class='ocrx_word' id='word_1_490' title='bbox 1946 2250 2037 2281; x_wconf 87' lang='lat' dir='ltr'>pun-</span> 
     </span>
     <span class='ocr_line' id='line_1_41' title="bbox 164 2291 2037 2335; baseline -0.002 -9"><span class='ocrx_word' id='word_1_491' title='bbox 164 2302 233 2334; x_wconf 83' lang='lat' dir='ltr'>cta,</span> <span class='ocrx_word' id='word_1_492' title='bbox 257 2294 378 2325; x_wconf 86' lang='lat' dir='ltr'>Pedius</span> <span class='ocrx_word' id='word_1_493' title='bbox 400 2293 522 2335; x_wconf 81' lang='lat' dir='ltr'>uiginti</span> <span class='ocrx_word' id='word_1_494' title='bbox 543 2299 577 2324; x_wconf 89' lang='lat' dir='ltr'>et</span> <span class='ocrx_word' id='word_1_495' title='bbox 599 2291 682 2330; x_wconf 86' lang='lat' dir='ltr'>duo,</span> <span class='ocrx_word' id='word_1_496' title='bbox 712 2292 904 2323; x_wconf 84' lang='lat' dir='ltr'>Laterensis</span> <span class='ocrx_word' id='word_1_497' title='bbox 928 2293 1112 2323; x_wconf 88' lang='lat' dir='ltr'>octodecim</span> <span class='ocrx_word' id='word_1_498' title='bbox 1134 2292 1258 2323; x_wconf 84' lang='lat' dir='ltr'>ferret:</span> <span class='ocrx_word' id='word_1_499' title='bbox 1291 2292 1410 2334; x_wconf 89' lang='lat' dir='ltr'>ecquid</span> <span class='ocrx_word' id='word_1_500' title='bbox 1433 2294 1677 2332; x_wconf 88' lang='lat' dir='ltr'>uerosimilius‚</span> <span class='ocrx_word' id='word_1_501' title='bbox 1708 2304 1807 2335; x_wconf 84' lang='lat' dir='ltr'>quam</span> <span class='ocrx_word' id='word_1_502' title='bbox 1828 2292 2037 2334; x_wconf 82' lang='lat' dir='ltr'>septuaginta</span> 
     </span>
     <span class='ocr_line' id='line_1_42' title="bbox 167 2344 2036 2387; baseline -0.002 -8"><span class='ocrx_word' id='word_1_503' title='bbox 167 2354 200 2379; x_wconf 85' lang='lat' dir='ltr'>et</span> <span class='ocrx_word' id='word_1_504' title='bbox 223 2353 296 2378; x_wconf 82' lang='lat' dir='ltr'>octo</span> <span class='ocrx_word' id='word_1_505' title='bbox 321 2346 393 2385; x_wconf 87' lang='lat' dir='ltr'>illa,</span> <span class='ocrx_word' id='word_1_506' title='bbox 420 2357 503 2387; x_wconf 91' lang='lat' dir='ltr'>quae</span> <span class='ocrx_word' id='word_1_507' title='bbox 526 2345 605 2376; x_wconf 90' lang='lat' dir='ltr'>tulit</span> <span class='ocrx_word' id='word_1_508' title='bbox 630 2345 775 2383; x_wconf 80' lang='lat' dir='ltr'>Plotius,</span> <span class='ocrx_word' id='word_1_509' title='bbox 801 2345 957 2387; x_wconf 81' lang='lat' dir='ltr'>suffragia</span> <span class='ocrx_word' id='word_1_510' title='bbox 979 2346 1019 2376; x_wconf 90' lang='lat' dir='ltr'>ab</span> <span class='ocrx_word' id='word_1_511' title='bbox 1042 2344 1148 2376; x_wconf 84' lang='lat' dir='ltr'>isdem</span> <span class='ocrx_word' id='word_1_512' title='bbox 1175 2356 1245 2376; x_wconf 87' lang='lat' dir='ltr'>esse</span> <span class='ocrx_word' id='word_1_513' title='bbox 1267 2345 1461 2376; x_wconf 89' lang='lat' dir='ltr'>hominibus</span> <span class='ocrx_word' id='word_1_514' title='bbox 1487 2346 1567 2384; x_wconf 87' lang='lat' dir='ltr'>lata,</span> <span class='ocrx_word' id='word_1_515' title='bbox 1593 2345 1650 2387; x_wconf 90' lang='lat' dir='ltr'>qui</span> <span class='ocrx_word' id='word_1_516' title='bbox 1673 2344 1844 2375; x_wconf 84' lang='lat' dir='ltr'>Plancium</span> <span class='ocrx_word' id='word_1_517' title='bbox 1868 2345 2036 2387; x_wconf 87' lang='lat' dir='ltr'>octoginta</span> 
     </span>
     <span class='ocr_line' id='line_1_43' title="bbox 167 2396 2039 2440; baseline -0.002 -8"><span class='ocrx_word' id='word_1_518' title='bbox 167 2407 201 2432; x_wconf 89' lang='lat' dir='ltr'>et</span> <span class='ocrx_word' id='word_1_519' title='bbox 224 2399 353 2430; x_wconf 87' lang='lat' dir='ltr'>duobus</span> <span class='ocrx_word' id='word_1_520' title='bbox 376 2397 540 2440; x_wconf 80' lang='lat' dir='ltr'>suffragiis</span> <span class='ocrx_word' id='word_1_521' title='bbox 564 2398 707 2429; x_wconf 86' lang='lat' dir='ltr'>aedilem</span> <span class='ocrx_word' id='word_1_522' title='bbox 731 2398 1007 2430; x_wconf 85' lang='lat' dir='ltr'>declarauerant&#39;?</span> <span class='ocrx_word' id='word_1_523' title='bbox 1032 2409 1234 2439; x_wconf 84' lang='lat' dir='ltr'>quamquam</span> <span class='ocrx_word' id='word_1_524' title='bbox 1258 2396 1331 2428; x_wconf 82' lang='lat' dir='ltr'>fieri</span> <span class='ocrx_word' id='word_1_525' title='bbox 1354 2398 1470 2440; x_wconf 90' lang='lat' dir='ltr'>utique</span> <span class='ocrx_word' id='word_1_526' title='bbox 1491 2397 1623 2440; x_wconf 88' lang='lat' dir='ltr'>potuit,</span> <span class='ocrx_word' id='word_1_527' title='bbox 1649 2402 1686 2427; x_wconf 92' lang='lat' dir='ltr'>ut</span> <span class='ocrx_word' id='word_1_528' title='bbox 1709 2396 1749 2426; x_wconf 89' lang='lat' dir='ltr'>de</span> <span class='ocrx_word' id='word_1_529' title='bbox 1771 2396 1981 2438; x_wconf 87' lang='lat' dir='ltr'>septuaginta</span> <span class='ocrx_word' id='word_1_530' title='bbox 2003 2402 2039 2428; x_wconf 80' lang='lat' dir='ltr'>et</span> 
     </span>
     <span class='ocr_line' id='line_1_44' title="bbox 167 2449 2038 2493; baseline -0.003 -8"><span class='ocrx_word' id='word_1_531' title='bbox 167 2459 241 2485; x_wconf 87' lang='lat' dir='ltr'>octo</span> <span class='ocrx_word' id='word_1_532' title='bbox 265 2451 331 2482; x_wconf 80' lang='grc'><strong>11115</strong></span> <span class='ocrx_word' id='word_1_533' title='bbox 353 2450 537 2492; x_wconf 84' lang='lat' dir='ltr'>suffragiis,</span> <span class='ocrx_word' id='word_1_534' title='bbox 564 2462 648 2493; x_wconf 88' lang='lat' dir='ltr'>quae</span> <span class='ocrx_word' id='word_1_535' title='bbox 669 2450 797 2482; x_wconf 77' lang='lat' dir='ltr'>Plotius</span> <span class='ocrx_word' id='word_1_536' title='bbox 820 2450 959 2490; x_wconf 69' lang='lat' dir='ltr'>tulerat,</span> <span class='ocrx_word' id='word_1_537' title='bbox 986 2450 1108 2492; x_wconf 81' lang='lat' dir='ltr'>uiginti</span> <span class='ocrx_word' id='word_1_538' title='bbox 1133 2456 1166 2482; x_wconf 85' lang='lat' dir='ltr'>et</span> <span class='ocrx_word' id='word_1_539' title='bbox 1189 2449 1254 2481; x_wconf 90' lang='lat' dir='ltr'>duo</span> <span class='ocrx_word' id='word_1_540' title='bbox 1277 2450 1317 2481; x_wconf 90' lang='lat' dir='ltr'>ab</span> <span class='ocrx_word' id='word_1_541' title='bbox 1343 2450 1416 2481; x_wconf 84' lang='lat' dir='ltr'>aliis</span> <span class='ocrx_word' id='word_1_542' title='bbox 1439 2451 1505 2481; x_wconf 84' lang='lat' dir='ltr'>lata</span> <span class='ocrx_word' id='word_1_543' title='bbox 1528 2455 1651 2489; x_wconf 83' lang='lat' dir='ltr'>essent,</span> <span class='ocrx_word' id='word_1_544' title='bbox 1682 2459 1782 2490; x_wconf 87' lang='lat' dir='ltr'>quam</span> <span class='ocrx_word' id='word_1_545' title='bbox 1805 2449 1845 2480; x_wconf 88' lang='lat' dir='ltr'>ab</span> <span class='ocrx_word' id='word_1_546' title='bbox 1867 2449 1925 2489; x_wconf 89' lang='lat' dir='ltr'>iis,</span> <span class='ocrx_word' id='word_1_547' title='bbox 1951 2461 2038 2492; x_wconf 89' lang='lat' dir='ltr'>quo-</span> 
     </span>
    </p>
   </div>
  </div>
 </body>
</html>
