2185 2720
816 122 841 152 C
861 122 889 150 A
910 124 950 152 Ρ.
990 121 1047 151 VI.
1066 119 1094 161 §-
1115 126 1161 153 16.
1180 136 1220 143 —
1244 122 1317 151 VII.
1337 122 1364 162 ς.
1388 130 1430 156 17.
2033 129 2068 156 ss

169 203 264 243 patet
284 198 394 229 multo
418 197 593 230 uenustius
616 196 821 240 pleniusque
852 197 979 228 dictum
1003 207 1091 235 esse,
1123 208 1224 238 quam
1247 197 1274 227 si
1297 198 1444 229 secundo
1469 199 1542 230 loco
1566 198 1712 230 uerbum
1736 198 1867 230 ademit
1890 198 2067 240 omisisset,

169 258 204 283 et
227 256 279 283 set
301 263 368 282 non
393 256 455 281 etc.
481 250 679 293 scripsisset.
726 250 919 281 Similluma
942 249 1100 291 exempla
1124 248 1165 279 ad
1193 260 1271 280 eum
1294 250 1406 281 locum
1433 252 1648 283 nouissumus
1673 251 1784 282 editor
1807 251 1941 281 adtulit.

253 303 324 336 Cur
348 304 412 335 iste
428 305 550 346 potius
583 315 687 347 qnam.
709 303 818 346 ego?)
862 302 1024 345 Amplius
1058 313 1180 343 urgere
1210 303 1404 334 Laterensis
1429 305 1629 335 Ciceronem
1661 305 1818 347 fingitur,
1853 309 1903 342 et,
1939 302 1966 334 si
1995 315 2064 336 non

167 355 213 388 sit
227 355 391 397 dignitate
414 356 534 394 uictus,
558 357 705 398 reliquas
731 367 892 397 quaerere
916 366 1055 393 caussas,
1080 355 1201 396 quibus
1224 363 1400 387 conmotus
1425 357 1571 398 populus
1588 357 1773 395 Plancium,
1798 367 1866 387 non
1883 367 1917 386 se
1933 354 2063 386 fecerit.

255 409 358 449 Quod
379 409 466 441 milii
489 414 575 440 esset
595 409 861 451 grauissnmwn
884 408 915 439 si
940 408 1105 446 dicerem,
1144 413 1194 439 set
1221 408 1349 451 inpune
1374 415 1488 440 tamen
1512 409 1666 441 deberem
1689 411 1823 442 dic-ere:
1865 421 1933 439 non
1956 406 2061 450 recte)

169 461 433 493 Grauissumum
458 467 529 491 erat
553 461 729 499 Ciceroni,
754 461 782 492 si
807 460 936 491 dicebat
961 471 1029 490 non
1051 465 1141 490 recte
1164 460 1340 491 Plancium
1364 462 1541 492 Laterensi
1565 473 1635 494 esse
1657 462 1902 504 praepositum,
1926 472 1970 491 ex
1994 471 2062 502 quo

167 513 329 555 consequi
357 513 554 552 uidebatur,
583 519 622 544 ut
644 513 821 544 Plancium
852 512 1032 554 largitione
1058 513 1225 555 populum
1255 514 1446 556 corrupisse
1483 514 1693 545 concederet.
1738 514 1869 545 Tamen
1892 519 1993 555 negat
2014 524 2061 551 se,

163 568 194 602 si
216 568 281 600 hoc
304 566 441 605 diceret,
468 565 592 596 debere
614 566 742 608 puniri,
765 566 800 596 id
824 572 883 604 est,
907 577 1056 596 caussam
1080 565 1194 595 Planci
1218 565 1362 607 perdere
1385 566 1596 605 existumari,
1621 578 1697 597 cum
1720 567 1885 608 populus,
1909 566 1942 596 id
1969 564 2061 607 quod

164 632 268 664 supra
291 618 425 657 docuit,
466 618 539 650 sine
565 619 691 650 iudicio
715 618 930 660 magistratus
954 629 1068 648 creare
1091 617 1213 655 soleat,
1255 617 1401 660 ideoque
1425 630 1467 650 ex
1491 631 1548 658 eo,
1593 617 1683 661 quod
1709 617 1782 659 quis
1806 629 1875 648 non
1900 624 1991 648 recte
2017 616 2062 649 sit

160 672 280 712 factus,
304 671 459 702 minume
477 677 648 713 sequatur,
673 677 710 702 ut
726 671 907 712 largitione
928 669 1118 712 corrupisse
1148 670 1316 713 populum
1339 671 1524 703 censendus
1545 671 1598 711 sit,
1622 682 1767 713 cumque
1789 670 1911 714 populi
1933 669 2061 702 factum

164 726 245 759 licet
266 736 335 756 non
359 723 577 766 probandum
600 729 713 754 tamen
735 722 914 754 ferendum
938 723 992 754 sit.

246 777 345 812 Nam
372 776 458 820 qnid
483 777 708 819 adsequerer,
738 776 770 807 si
791 776 855 807 illa
880 781 1033 807 extrema
1056 775 1255 819 defensione
1276 777 1407 818 uterer)
1452 776 1693 814 Permirumst,
1731 775 1903 818 quomodo
1927 776 2059 807 Grute-

162 842 238 869 rus,
263 828 487 866 Garatonius,
512 834 545 859 et
569 828 720 860 Orellius
743 839 807 870 pro
830 829 1037 871 ccdseqnerer
1066 835 1183 859 contra
1206 830 1359 860 omnium
1383 829 1537 861 codicum
1560 829 1797 860 auctoritatem
1824 828 1970 860 scribere
1994 828 2059 860 acl-

160 894 340 928 sequerere
362 881 557 923 potuerint,
583 880 674 923 quod
698 886 830 911 tantum
852 880 964 919 abest,
988 888 1027 912 ut
1052 881 1187 923 uolgata
1209 882 1378 924 scriptura
1400 883 1522 914 melius
1545 882 1607 920 sit,
1635 888 1673 912 ut
1695 893 1714 912 a
1736 881 1903 912 sententia
1924 880 1990 912 loci
2013 880 2058 912 sit

161 936 431 969 alienissumum.
477 933 672 965 Secundum
700 932 854 964 codicum
889 933 1092 975 scripturam
1126 935 1292 977 particula
1321 948 1402 967 nam
1430 935 1517 966 ratio
1541 933 1696 965 redditur
1724 933 1927 972 sententiae,
1970 944 2057 975 quae

161 988 288 1028 uerbis,
313 988 406 1031 quod
425 988 512 1019 milli
532 1004 575 1011 -
597 987 756 1022 dicerem,
781 986 993 1018 continetur:
1025 988 1103 1018 nolo
1123 994 1239 1019 aldem
1256 989 1381 1026 elic-ere,
1403 988 1591 1020 Plancium
1613 1000 1680 1019 non
1704 993 1793 1019 recte
1812 986 1950 1028 factum
1973 997 2055 1018 esse.

158 1043 279 1084 Itaque
304 1051 419 1072 sensus
444 1039 549 1071 totius
572 1039 638 1070 loci
661 1038 717 1069 hic
740 1044 806 1070 est:
831 1039 922 1070 Nolo
946 1045 1058 1070 autem
1081 1040 1211 1079 dicere,
1236 1040 1409 1071 Plancium
1432 1052 1501 1072 non
1524 1046 1615 1071 recte
1637 1051 1708 1070 esse
1730 1038 1873 1070 sactum:
1897 1050 1976 1069 nam
1998 1037 2055 1069 ni-

158 1094 210 1126 hil
232 1094 400 1133 lucrarer,
426 1093 455 1124 si
477 1093 540 1124 ista
563 1098 718 1123 extrema
741 1089 936 1122 defensione
959 1098 1094 1132 uterer,
1126 1092 1294 1134 populum
1320 1092 1410 1134 quod
1434 1094 1598 1124 uoluisset
1620 1092 1752 1129 fecisse,
1784 1103 1853 1122 non
1878 1091 1969 1133 quod
1993 1090 2055 1121 de-

156 1147 303 1185 buisset3
327 1158 393 1187 qua
415 1146 546 1177 ratione
569 1156 638 1176 non
661 1144 739 1175 satis
763 1143 980 1175 defenderem
1004 1145 1190 1183 Plancium,
1215 1151 1266 1176 set
1289 1144 1467 1177 ferendum
1489 1152 1620 1177 tantum
1643 1144 1765 1187 populi
1788 1143 1913 1174 sactum
1937 1149 2054 1175 osten-

158 1199 289 1232 derem.
332 1199 423 1232 Uolo
453 1210 537 1229 uero
570 1197 709 1229 omnino
743 1196 927 1228 desendele
950 1197 1144 1236 Plancium,
1182 1209 1219 1228 ac
1252 1198 1390 1238 docere,
1428 1205 1520 1230 recte
1548 1198 1754 1230 aedilitatem
1778 1208 1798 1228 a
1819 1197 1949 1240 populo
1980 1206 2052 1228 esse

157 1253 333 1298 adeptum.
377 1251 437 1285 Ad
461 1251 497 1283 id
518 1250 632 1294 ipsum
654 1255 768 1281 autem
791 1249 982 1281 docendum
1006 1249 1205 1292 adgreditur
1228 1262 1299 1294 cap.
1323 1254 1490 1295 sequenti.

983 1339 1012 1372 C
1022 1337 1053 1372 A
1064 1338 1103 1371 P.
1142 1339 1225 1374 VII.

242 1414 274 1456 §.
301 1425 349 1456 17.
373 1413 445 1454 Qui
467 1423 598 1455 semper
615 1412 776 1455 patuerit
799 1411 1022 1453 [hominibus]
1047 1412 1133 1443 ortis
1155 1413 1218 1444 7100
1239 1419 1356 1444 nostro
1380 1413 1532 1457 equestri
1554 1413 1638 1453 loco)
1664 1413 1735 1444 Cur
1759 1412 1846 1444 ortis
1869 1421 1912 1443 ex
1927 1410 1954 1442 B
1969 1409 2044 1442 etE

153 1467 343 1510 receperim
374 1473 408 1498 et
437 1465 631 1498 hominibus
661 1464 756 1495 uncis
785 1464 999 1502 incluserim,
1036 1465 1168 1507 Proleg.
1199 1467 1241 1497 L.
1262 1467 1304 1497 ΙΙ.
1337 1467 1375 1498 C.
1400 1468 1425 1498 I.
1451 1467 1481 1507 §.
1505 1466 1535 1497 3.
1561 1466 1715 1507 exposui.
1760 1467 1815 1497 Ne
1838 1464 1912 1506 quis
1935 1470 2050 1495 autem

154 1520 397 1552 mliominibzcs
409 1519 449 1550 ad
470 1518 697 1560 integritatem
723 1517 885 1550 orationis
907 1516 1037 1558 requiri
1059 1523 1167 1559 putet,
1195 1517 1347 1549 conferat
1371 1519 1408 1550 C.
1424 1519 1546 1552 XXV.
1571 1521 1601 1561 §.
1618 1519 1669 1551 60.
1693 1524 1744 1551 set
1766 1519 1849 1551 haec
1865 1517 1953 1562 pari
1975 1517 2047 1549 loco

155 1574 226 1605 orti
247 1580 329 1605 sunt
352 1571 620 1605 innumerabiles
642 1570 708 1601 alii
730 1570 914 1601 consecuti.

240 1627 498 1659 Contentionetn
520 1623 691 1663 nostram)
739 1622 827 1654 Uide
851 1633 936 1663 quae
960 1621 1032 1653 dixi
1056 1624 1162 1663 §.16.
1190 1635 1223 1667 p.
1248 1624 1289 1655 80
1311 1636 1380 1666 sq..

238 1678 457 1722 Aliquando)
502 1675 592 1708 Uide
616 1675 747 1717 Proleg.
771 1675 813 1705 L.
838 1675 881 1705 II.
907 1675 944 1706 C.
969 1675 995 1705 I.
1023 1676 1052 1715 ξ.
1078 1675 1107 1707 8.
1132 1687 1165 1717 p.
1189 1677 1324 1707 XLII..

241 1732 369 1764 Omnes
405 1736 517 1762 tecum
545 1729 702 1771 equitnm
729 1729 970 1759 Romanorum
990 1726 1071 1770 filii
1104 1728 1325 1772 petiuerunt)
1383 1729 1544 1761 Adtende
1574 1729 1616 1761 ad
1647 1729 1851 1761 breuitatem
1879 1726 2046 1760 dictionis.

153 1784 278 1816 Sensus
302 1790 369 1816 est:
400 1794 534 1820 omnes,
567 1780 625 1822 qui
648 1786 760 1811 tecum
783 1780 998 1821 petiuerunt,
1022 1781 1175 1822 equitum
1200 1781 1300 1811 Rom.
1326 1781 1386 1812 filii
1412 1782 1563 1813 fuerunt.

239 1836 347 1869 Nihil
370 1837 446 1868 dico
469 1831 634 1877 amplius)
681 1832 798 1862 Tacite
821 1832 1002 1874 significat,
1033 1845 1088 1864 eos
1117 1833 1280 1874 dignitate
1304 1833 1484 1866 inferiores
1506 1834 1610 1866 fuisse
1630 1834 1786 1876 Plancio,
1811 1846 1908 1867 ausos
1931 1840 2045 1866 tamen

152 1899 224 1920 esse
247 1900 323 1919 cum
347 1890 531 1920 Laterense
554 1886 589 1916 in
612 1884 793 1916 aedilitatis
817 1885 982 1927 petitione
1004 1885 1220 1916 contendere.
1255 1887 1472 1918 MANUTIUS.

238 1941 309 1973 Cur
333 1946 371 1972 tn
394 1939 488 1982 huic)
534 1936 663 1969 Confer
687 1937 820 1978 Proleg.
844 1938 886 1968 L.
912 1938 953 1968 II.
980 1938 1018 1968 C.
1046 1939 1070 1968 Ι.
1097 1939 1126 1979 §.
1151 1938 1194 1969 5..

238 1993 311 2033 Qui
333 1993 545 2035 Iongissume
567 2003 589 2022 a
611 1995 643 2021 te
664 1988 772 2032 afzcz't)
795 1990 881 2021 Satis
905 1991 994 2021 hunc
1020 1990 1132 2020 locum
1156 1990 1288 2033 Proleg.
1312 1991 1354 2023 L.
1379 1992 1439 2024 III.
1466 1993 1504 2024 C.
1521 1993 1583 2025 IV.
1608 1993 1636 2034 ἕ.
1655 2004 1684 2025 2.
1709 2004 1744 2032 ρ.
1763 1991 1958 2025 LXXXIII
1970 2002 2043 2034 sqq.

153 2045 433 2090 explanauimus,
462 2044 520 2074 ubi
544 2043 715 2073 editorum
740 2042 841 2073 etiam
864 2042 1021 2084 priorum
1044 2043 1085 2073 ad
1111 2043 1142 2073 11.
1167 2044 1279 2074 locum
1303 2043 1536 2076 adnotationes
1564 2057 1766 2088 cognoscere
1789 2046 1879 2076 licet.

233 2098 385 2131 Fabium
407 2096 596 2140 fornicem)
642 2095 697 2127 Sic
727 2107 843 2126 omnes
866 2102 1002 2138 praeter
1028 2095 1241 2127 Vv‘eiskium.
1286 2097 1316 2127 Is
1341 2097 1442 2128 habet
1464 2098 1679 2137 Fabianum,
1714 2104 1752 2129 ut
1775 2104 1825 2129 est
1847 2099 1873 2130 Ι.
1897 2098 1975 2130 Act.
2005 2096 2043 2128 in

152 2151 257 2185 Uerr.
284 2162 318 2192 7,
356 2162 404 2192 19.
435 2155 468 2180 et
490 2155 572 2191 aput
594 2147 783 2180 Asconium
815 2147 857 2178 ad
887 2160 965 2179 eum
990 2148 1114 2179 locum.
1161 2150 1288 2180 Contra
1318 2149 1359 2180 de
1383 2151 1478 2181 Orat.
1503 2151 1553 2187 ΙΙ,
1581 2153 1631 2193 67.
1662 2152 1709 2182 ad
1729 2150 1904 2193 fornicem
1926 2151 2044 2189 Fabii,

148 2202 241 2245 quod
264 2202 377 2244 ipsum
401 2202 540 2233 laudans
565 2200 711 2242 Quintil.
736 2200 805 2237 VI,
830 2200 864 2238 5,
890 2201 940 2242 67.
966 2201 1105 2232 exhibet
1128 2202 1176 2232 ad
1187 2202 1366 2245 fornicem
1388 2202 1548 2235 Fahizmz.
1593 2204 1679 2234 Tres
1703 2203 1806 2244 igitur
1829 2203 1865 2233 hi
1888 2202 1982 2233 modi
2006 2202 2043 2233 in

147 2267 212 2287 usu
232 2255 397 2287 uidentur
420 2255 533 2286 fuisse.
579 2253 730 2284 Pertinet
753 2253 818 2283 huc
835 2252 1130 2284 Pseudo-Fronto
1154 2254 1195 2284 de
1218 2255 1419 2286 differentiis
1441 2255 1684 2286 uocabulorum
1710 2267 1744 2297 p.
1763 2254 1834 2296 274.
1859 2254 1910 2285 ed.
1928 2254 2042 2285 Berol.

149 2307 331 2352 Pompei
350 2309 527 2351 portis-us,
558 2306 589 2337 si
606 2306 782 2348 possidet3
814 2305 1044 2349 Pompeia,
1073 2306 1105 2337 si
1125 2306 1346 2349 publicczuit3
1378 2308 1667 2351 Pompeiana,
1696 2308 1786 2339 siin
1809 2308 1957 2340 alterius
1980 2307 2043 2339 clo-

147 2361 371 2393 minationem
393 2361 499 2392 uenit.
545 2358 749 2391 ORELLms.

234 2413 279 2446 In
301 2426 353 2446 me
376 2414 491 2457 ipsum
515 2411 680 2455 incurrit)
724 2412 780 2443 Ex
803 2409 928 2451 uerbis,
953 2423 1037 2453 quae
1059 2417 1230 2452 secuntur,
1258 2411 1294 2444 in
1318 2416 1350 2444 te
1373 2413 1487 2457 ipsum
1510 2412 1752 2451 incubuerunt,
1774 2413 1874 2444 ualde
1898 2412 1935 2444 fit
1956 2423 2041 2455 pro-

1561 2465 1621 2496 23*
