2185 2720
155 168 212 199 228
786 159 1360 194 COMMENTARIUS.

884 262 914 298 C
939 259 1044 298 ΑΡ.
1093 263 1292 300 XXXVII.

246 339 277 382 §.
301 349 352 382 90.
396 335 476 380 Ego
499 347 581 369 uero
603 346 645 369 ne
667 333 954 368 inmortalitatem
975 335 1113 379 quidem
1133 353 1178 361 -
1197 336 1336 379 uellem)
1377 334 1451 378 Ego
1472 344 1555 366 uero
1579 343 1624 366 ne
1644 333 1740 366 illam
1767 333 1904 376 quidem
1925 347 2021 369 mor.

161 400 231 425 tem
262 398 445 434 optassem,
479 401 564 432 quae
586 388 801 420 inmortalem
831 387 974 429 gloriam
1001 389 1103 428 mihi,
1140 388 1191 420 rei
1214 388 1369 431 publicae
1396 394 1509 420 autem
1535 387 1696 420 damnum
1717 393 1880 429 parasset,
1915 388 2023 422 multo

160 445 274 477 minus
297 455 381 482 eam,
406 454 491 485 quae
512 453 621 484 neque
643 440 729 473 mihi
750 440 966 472 inmortalem
987 441 1130 484 gloriam
1157 447 1188 473 et
1208 441 1259 473 rei
1282 441 1437 484 publicae
1457 439 1643 484 perniciem
1663 439 1846 471 adtulisset.
1890 439 2023 482 Quibus

161 497 273 530 uerbis
297 496 414 528 Cicero
437 496 480 527 ad
502 493 691 527 Laterensis
713 492 838 524 dictum
859 492 904 525 ita
925 492 1124 537 respondet,
1147 499 1187 524 ut
1207 505 1276 525 non
1298 494 1390 531 illut,
1414 492 1504 536 quod
1525 492 1600 534 quis
1620 498 1788 535 expectet,
1811 492 1969 524 lubenter
1988 503 2026 525 se

161 550 251 583 mori
273 548 420 580 uoluisse
441 547 619 591 significet,
641 552 692 578 set
711 552 749 577 ut
770 545 898 587 doceat,
931 557 967 579 se
988 557 1031 578 ne
1053 545 1082 578 si
1104 544 1215 578 oblata
1236 545 1373 589 quidem
1393 557 1484 579 mors
1505 544 1624 578 fuisset
1643 545 1810 588 accipere,
1833 545 1942 578 multo
1958 545 2027 578 mi·

162 614 226 636 nus
249 612 372 644 cupere
397 601 562 632 debuisse.

256 655 376 687 Uitam
397 651 593 694 ediderunt)
636 651 742 684 Recte
764 650 850 682 hanc
872 656 1091 693 optumorum
1114 650 1266 683 codicum
1293 650 1495 694 scripturam
1517 649 1622 683 tuitus
1645 660 1723 681 cum
1745 649 1893 682 Graeuio
1916 651 2028 683 Gara-

162 707 274 741 tonius
298 713 365 746 est,
405 706 463 748 qui
485 703 630 738 conferri
651 704 679 735 Ι.
702 703 740 735 F.
769 702 984 735 Gronouium
1007 703 1050 735 ad
1074 703 1164 736 Gell.
1187 703 1256 744 ΠΙ,
1293 704 1343 736 15.
1374 702 1484 744 iubet,
1520 702 1603 735 loeis
1625 702 1794 736 Tullianis
1822 702 2028 736 locutionem

162 762 276 794 uitam
297 760 395 792 edere
416 757 698 791 conmunientem.

250 812 363 846 Ciuile
382 809 616 856 praesidium)
659 809 741 841 Non
762 813 852 839 recte
874 807 1067 840 Manutius:
1106 809 1215 846 „Non
1237 809 1328 840 enim
1351 809 1382 841 ei
1405 814 1559 841 mortuus
1585 819 1686 852 opem
1714 808 1809 840 illam
1836 807 1926 840 ferre
1947 819 2030 852 pos-

163 869 278 900 sem„“
322 866 455 898 Docent
477 863 567 894 enim
589 861 693 893 uerba
715 862 752 893 in
772 866 979 905 perpetuum
1002 871 1073 891 non
1096 860 1293 893 Ciceronem
1314 861 1425 894 solum
1447 862 1585 894 nomine
1609 863 1727 895 ciuilis
1743 862 1903 906 praesidi
1923 860 2031 903 sigui-

165 919 270 958 ficari,
292 924 342 950 set
365 916 472 949 omnis
497 914 647 953 omnum,
671 913 729 956 qui
745 919 861 944 contra
878 912 1040 955 inprobos
1065 912 1147 944 ciuis
1169 914 1220 945 rei
1242 926 1276 957 p.
1299 925 1447 946 caussam
1468 915 1663 958 suscipiant.
1705 914 1784 945 Hoc
1799 913 1894 946 dicit:
1917 914 2030 946 Nemo

164 972 203 1004 iu
223 978 397 1015 posterum
421 980 496 1001 meo
519 967 678 1010 exemplo
700 965 847 998 monitus
872 977 971 997 ausus
996 971 1081 998 esset
1103 972 1219 999 contra
1241 967 1404 1000 eiusmodi
1425 967 1596 1007 homines,
1637 967 1751 1009 quales
1775 965 1930 999 Clodiani
1954 964 2032 998 fue-

165 1031 262 1064 runt,
296 1035 369 1055 rem
390 1022 560 1066 publicam
587 1019 779 1052 defendere.

257 1076 320 1109 Uis
345 1076 466 1119 aliqua
486 1073 609 1114 morbi)
653 1073 747 1106 Ante
770 1071 900 1104 exitum
924 1071 1023 1105 illum
1045 1071 1144 1112 uitae,
1168 1083 1268 1115 quem
1291 1077 1411 1104 natura
1431 1071 1662 1116 praescripsit3
1687 1077 1868 1115 propterea
1888 1070 2032 1103 subiun-

166 1130 232 1174 git,
255 1134 319 1162 aut
341 1133 470 1160 natura
492 1128 588 1171 ipsa.-
612 1131 730 1157 natura
751 1125 842 1158 enim
864 1125 1003 1157 iuuenes
1027 1136 1177 1167 quoque,
1200 1137 1269 1157 non
1290 1125 1389 1158 modo
1411 1137 1506 1157 senes
1528 1125 1731 1157 moriuntur.
1774 1124 1990 1156 MANUTIUS.

251 1182 401 1215 Auxilia
415 1179 647 1224 posteritatis)
693 1178 854 1218 Auxilia,
879 1190 962 1221 quae
984 1179 1021 1210 in
1042 1184 1215 1220 posterum
1237 1178 1360 1209 habere
1381 1184 1493 1221 posset
1511 1190 1565 1210 res
1587 1177 1732 1221 publica.
1773 1176 1989 1208 LIANUTIUS.

251 1234 377 1275 Qualis
407 1233 444 1265 in
473 1244 527 1265 me
555 1232 731 1264 retinendo
753 1230 888 1275 fuisset
915 1236 1055 1264 senatus
1072 1231 1291 1275 populusque
1312 1231 1504 1275 Romanus)
1548 1232 1630 1264 Non
1648 1229 1822 1262 retinendo
1846 1239 1890 1260 ne
1910 1227 1975 1260 iret
1993 1227 2033 1260 in

167 1287 328 1320 exilium:
355 1296 424 1317 non
445 1284 535 1315 enim
557 1290 690 1315 senatus
714 1295 802 1323 eum,
825 1284 972 1327 populus
996 1284 1171 1315 Romanus
1194 1284 1351 1323 retin'uit3
1377 1290 1425 1316 set
1444 1283 1636 1325 retinendo,
1662 1283 1699 1315 id
1721 1289 1771 1314 est
1791 1279 2031 1320 conseruando,

167 1338 393 1377 restituendo,
432 1337 469 1368 iu
499 1348 565 1379 quo
591 1337 737 1379 populus
758 1336 932 1368 Romanus
962 1347 1041 1367 cum
1070 1342 1186 1368 senatu
1212 1337 1343 1379 egregie
1367 1337 1544 1369 consensit.
1576 1338 1791 1370 MANUTIUS.
1834 1333 2033 1366 Retinerine

167 1399 314 1437 poterat,
349 1390 407 1433 qui
429 1390 496 1421 iam
521 1389 700 1421 exolabat?
740 1389 833 1420 cuius
857 1389 1054 1431 exemplum
1084 1389 1299 1421 restitutionis
1323 1390 1581 1432 expectabatur?
1624 1387 1798 1421 Manutius
1820 1386 1946 1419 frustra
1969 1398 2034 1418 ex-

167 1447 281 1490 plicat,
304 1446 340 1477 in
362 1455 415 1477 me
437 1442 670 1475 conseruando
693 1447 727 1474 et
744 1442 974 1474 restituendo.-
997 1442 1058 1473 hac
1081 1441 1172 1475 enim
1193 1442 1322 1473 ratione
1344 1442 1453 1474 aliena
1475 1441 1612 1484 quaeuis
1634 1452 1672 1472 ac
1692 1439 1866 1472 dissimilia
1888 1438 2033 1470 coniun-

169 1511 236 1542 gas.
282 1497 416 1530 Macula
438 1501 488 1526 est
509 1494 649 1526 omnino
672 1494 905 1536 abstergenda,
937 1505 1037 1536 quam
1059 1493 1272 1536 inprudentes
1294 1495 1505 1537 reliquimus.
1550 1495 1600 1527 Ut
1620 1493 1728 1532 sensi,
1751 1491 1929 1524 emendaui
1951 1502 2035 1522 con-

169 1552 299 1590 festim,
332 1551 368 1582 in
391 1561 443 1581 me
464 1547 686 1581 restituendo.
731 1546 823 1588 Quid
847 1547 938 1578 enim
959 1547 1111 1579 facilius?
1157 1548 1213 1579 Set
1234 1546 1270 1578 in
1292 1547 1357 1579 hoc
1376 1547 1449 1590 ipso
1473 1546 1670 1590 explicando
1694 1544 1935 1577 elaborandum
1955 1542 2034 1576 suit.

169 1606 261 1637 Nam
283 1604 318 1634 in
340 1601 478 1644 reliquis
501 1600 663 1632 dubitatio
688 1599 868 1631 uidebatur
894 1600 1014 1638 inesse,
1049 1606 1163 1631 utrum
1191 1606 1324 1632 senatus
1353 1601 1567 1643 populusque
1592 1600 1790 1632 Ciceronem
1816 1596 2034 1629 restituturus

170 1657 293 1695 suerit,
319 1667 362 1687 an
385 1666 503 1686 eorum
524 1653 749 1692 uoluntatem,
773 1664 858 1694 quae
881 1652 982 1684 dubia
1004 1664 1073 1684 non
1095 1659 1173 1691 erat,
1199 1652 1250 1684 uis
1271 1652 1374 1684 fuerit
1397 1653 1509 1695 aliqua
1530 1652 1729 1696 inpeditura.
1772 1650 1866 1682 Hinc
1885 1648 2032 1692 suspicio

171 1709 390 1747 iniciebatur,
413 1707 556 1738 uerbum
578 1706 716 1738 sortasse
737 1705 816 1737 illut
836 1705 1036 1739 mendosum
1059 1716 1129 1736 esse
1150 1704 1338 1746 delendum,
1362 1712 1399 1738 ut
1422 1716 1650 1748 quaecumque
1672 1704 1732 1735 illa
1753 1708 1839 1734 esset
1859 1701 2034 1740 dubitatio,

172 1768 287 1805 aperte
310 1759 561 1803 significaretur.
603 1759 658 1790 Sic
679 1758 769 1790 enim
791 1757 1008 1790 haberemus:
1036 1758 1151 1802 qualis
1163 1757 1316 1802 ficturus
1339 1759 1376 1791 in
1397 1770 1450 1791 me
1464 1757 1599 1802 fuisset
1621 1757 1655 1789 S.
1677 1757 1722 1789 P.
1745 1755 1787 1796 Q.
1808 1754 1874 1787 R„
1919 1753 2035 1795 Quae-

173 1816 239 1848 siui
265 1814 462 1855 diligenter3
485 1811 731 1844 dubitationem
751 1810 867 1842 induci
889 1822 958 1842 nou
981 1816 1135 1854 oportere
1156 1811 1321 1851 intellexi,
1344 1812 1473 1843 nullam
1494 1810 1636 1854 proinde
1656 1809 1729 1842 uim
1740 1805 1944 1850 amputando
1965 1818 2037 1839 esse

175 1866 390 1899 inferendam
398 1878 407 1905 3
441 1871 489 1897 set
515 1863 713 1904 locutionis,
752 1875 836 1906 quae
858 1863 1000 1896 mirifica
1021 1863 1107 1896 mihi
1129 1875 1207 1896 sane
1228 1875 1266 1895 ac
1288 1864 1463 1906 singularis
1486 1862 1623 1902 accidit,
1651 1860 1818 1893 rationem
1839 1870 1909 1890 non
1931 1870 2038 1902 expe-

175 1921 316 1953 diebam.
362 1919 544 1960 Postquam
572 1928 628 1948 me
656 1915 692 1948 in
714 1928 850 1949 omnem
881 1923 1011 1958 partem
1041 1917 1193 1956 uersam,
1231 1917 1366 1959 repperi
1388 1916 1525 1951 tandem
1547 1915 1654 1947 adfine
1680 1911 1808 1955 aliquid
1830 1911 1867 1942 in
1889 1912 2039 1944 oratione

178 1979 256 2016 post
276 1972 346 2003 red.
370 1972 407 2003 in
427 1981 497 2002 sen.
520 1969 632 2001 habita
654 1980 680 2000 c.
701 1968 750 2001 4.:
785 1969 918 2009 Quodsi
939 1969 980 2009 Q.
1003 1970 1166 2002 Metellus
1188 1970 1249 2002 illo
1273 1975 1421 2013 tempore
1442 1969 1562 2001 consul
1573 1967 1726 2013 fuisset,
1753 1963 1940 2004 dubitatis,
1971 1976 2038 2009 quo

178 2027 295 2058 animo
312 2023 431 2068 fuerit
453 2023 489 2054 in
514 2034 567 2055 me
589 2022 822 2055 conseruando
833 2021 1006 2065 ficturus,
1030 2034 1131 2065 quom
1155 2023 1191 2054 in
1214 2022 1423 2054 restituendo
1445 2027 1621 2054 auctorem
1632 2019 1752 2064 fuisse
1773 2018 2040 2061 adscriptorem-

180 2090 244 2122 que
275 2076 451 2110 uideatis?
494 2074 675 2106 Manifeste
704 2074 752 2106 ibi
785 2073 921 2113 dicitur,
959 2074 1042 2116 quin
1069 2087 1124 2106 me
1153 2074 1256 2106 fuerit
1294 2080 1560 2106 conseruaturus.
1603 2073 1671 2106 Hic
1707 2077 1821 2103 autem
1855 2080 1932 2101 cum
1968 2079 2039 2101 uox

181 2131 373 2174 exemplum
394 2127 640 2160 dubitationem
661 2125 820 2158 excludat
841 2138 995 2166 omnem,
1021 2126 1125 2169 idque
1147 2127 1258 2159 solum
1279 2126 1420 2169 spectari
1440 2126 1569 2166 iubeat,
1598 2124 1689 2169 quod
1713 2123 1867 2155 effectum
1888 2120 1966 2161 fuit,
1994 2120 2040 2152 ita

181 2183 338 2214 similiter
360 2179 624 2223 intellegendum
646 2185 712 2212 est:
735 2190 810 2211 mea
830 2189 922 2210 mors
944 2179 1142 2221 peremisset
1162 2179 1241 2211 illut
1262 2180 1479 2223 exemplum,
1508 2179 1598 2222 quod
1621 2189 1677 2210 me
1698 2183 1766 2209 tam
1786 2174 1948 2214 studiose,
1970 2178 2041 2204 tam

182 2234 366 2267 honorifice
388 2232 596 2267 restituendo
619 2238 750 2263 senatus
772 2231 987 2274 populusque
1009 2231 1121 2271 dedit,
1151 2243 1195 2264 ne
1218 2232 1291 2273 quis
1313 2243 1434 2275 parum
1457 2231 1494 2263 in
1514 2238 1689 2275 posterum
1713 2230 1863 2262 animose
1883 2237 1921 2257 ac
1941 2223 2042 2256 forti-

183 2295 233 2319 ter
255 2288 342 2319 tueri
362 2298 433 2318 rem
456 2285 625 2329 publicam
648 2284 826 2316 dubitaret.
869 2285 909 2316 In
923 2285 985 2316 hac
1006 2284 1169 2316 sententia
1191 2284 1293 2315 uerba
1314 2285 1358 2316 ita
1380 2284 1576 2316 cohaerent:
1598 2284 1735 2317 auxilia
1753 2278 1967 2326 posteritatis
1988 2289 2041 2310 es-

184 2347 260 2373 sent
283 2341 474 2378 inminuta,
510 2338 601 2383 quod
622 2342 841 2381 peremptum
869 2342 956 2369 esset
978 2349 1054 2369 mea
1075 2342 1182 2369 morte
1213 2337 1251 2369 id
1272 2338 1482 2381 exemplum,
1518 2337 1632 2382 qualis
1661 2337 1779 2379 (quam
1799 2337 1908 2375 gratus
1930 2330 1965 2361 in
1985 2342 2042 2362 me

185 2399 286 2435 atque
309 2392 495 2430 studiosus,
532 2401 632 2432 quam
661 2389 711 2420 rei
733 2389 884 2432 publicae
906 2390 1153 2421 conseruandae
1178 2389 1330 2432 cupidus)
1349 2389 1501 2433 futurus
1524 2391 1561 2422 in
1582 2401 1635 2422 me
1656 2384 1863 2421 restituendo
1893 2382 1943 2424 (ut
1966 2383 2041 2423 fuit,

187 2456 292 2487 quom
313 2455 367 2476 me
389 2443 547 2485 restituit)
570 2440 704 2486 fuisset
731 2448 870 2475 senatus
889 2442 1106 2487 populusque
1129 2442 1320 2475 Romanus.
1363 2442 1472 2486 Supra
1500 2453 1529 2473 c.
1552 2452 1603 2485 29.
1633 2441 1684 2474 Et
1709 2448 1911 2483 quemquam
1932 2442 2041 2480 putas
