2185 2720
155 139 214 168 L11
817 134 1347 167 PROLEGOMENA.

153 213 221 241 rell.
241 213 268 239 si
287 211 324 239 id
347 215 418 239 ante
437 211 510 239 Lat.
530 214 658 247 ponunt.
677 222 715 231 -
740 208 775 238 C.
795 209 990 239 XXXVIII.
1017 207 1044 248 §.
1064 218 1109 246 91.
1136 210 1186 236 εἰη
1212 214 1317 237 autem
1344 208 1513 246 aliquando
1541 210 1607 238 sine
1631 211 1696 240 ullo
1717 214 1764 242 rei
1778 222 1814 251 p.
1833 212 2016 242 detrimento

152 260 281 297 respic-io
301 259 394 286 etiam
415 258 545 285 salutem
565 263 631 284 tum
646 266 764 291 meam5
784 256 827 285 sic
849 257 875 286 B
895 262 926 285 et
944 256 990 293 Ε,
1008 255 1077 284 rell.
1097 256 1267 293 aliquando
1286 260 1358 293 post
1376 256 1471 283 etiam
1489 255 1662 286 conlocant.

226 306 341 334 Contra
361 303 468 341 glossis
494 303 602 341 utique
621 304 734 333 similia
753 314 852 343 neque
871 303 910 333 ad
929 313 1050 332 sensum
1069 303 1241 331 necessaria
1258 303 1314 331 illa
1332 303 1428 331 uerba
1447 307 1534 339 sunt,
1561 313 1637 341 quae
1656 303 1689 332 in
1709 310 1852 343 quattuor
1870 306 1919 336 his
1938 307 2016 336 locis

153 353 271 382 uarium
294 353 396 379 locum
415 350 448 377 in
468 349 627 378 codicibus
648 357 814 389 occupant:

226 399 260 427 C.
281 397 339 425 XI.
359 395 387 435 §.
407 405 452 430 27.
495 397 584 426 Uitia
608 398 778 427 mehercule
806 399 866 428 C'n.
886 399 1040 426 Planci
1065 407 1112 425 res
1133 405 1203 430 eae,
1233 397 1270 425 de
1289 396 1400 434 quihus
1419 397 1488 425 dixi
1497 416 1507 432 ‚
1533 402 1635 435 tegere
1649 404 1840 435 potueram,-
1871 411 1909 430 ne
1928 407 1964 430 ιιι
1981 403 2018 431 in

151 458 187 475 εα
207 448 293 477 uita,
314 445 350 471 de
370 454 432 482 qua
450 445 515 471 iam
541 444 659 477 dicam,
690 451 734 473 tot
760 451 791 474 et
815 451 907 473 tanta
931 446 1113 473 adiumenla
1139 443 1213 472 huic
1237 443 1348 472 honori
1365 443 1471 481 sui-sse
1489 446 1607 473 mirere.
1646 445 1697 474 Sic
1716 446 1742 474 B
1761 452 1793 475 et
1811 447 1855 484 Ε,
1873 447 1942 475 rell.
1963 448 2017 477 Cn.

150 494 268 522 Planci
287 492 392 529 inepte
411 497 482 529 post
501 502 555 519 eae
574 497 703 530 ponunt.

226 538 260 567 C.
281 538 340 565 XI.
360 535 388 576 5.
407 540 452 566 28.
491 539 579 566 ‚Huic
597 540 625 565 si
647 544 771 576 praesto
791 538 936 575 suerint,
967 540 1095 576 gratius
1115 548 1145 566 se
1164 538 1346 566 ciuitatibus
1365 539 1430 566 suis
1440 537 1589 575 facturos
1602 546 1738 577 putant,
1770 549 1865 578 quam
1882 541 1910 568 si
1928 540 2019 578 lega·

150 589 264 615 tionem
282 594 392 612 suam
413 591 441 611 et
462 585 614 612 mandata
633 585 832 621 confecerint.
870 585 921 613 Sic
941 586 966 613 Β
987 592 1016 614 01
1036 586 1080 622 Ε;
1099 585 1168 613 rell.
1189 595 1279 612 suam
1298 585 1445 614 omittunt
1465 591 1496 615 et
1512 590 1585 624 post
1603 587 1755 615 mandata
1773 591 1896 626 ponunt
1913 597 1982 615 sua.

224 632 258 661 C.
279 631 442 659 XXXVI.
462 629 489 669 5.
509 633 554 668 89.
595 632 709 667 Quem,
742 638 778 660 ut
794 638 882 668 potes
902 643 938 660 es:
957 633 1064 660 multis
1084 633 1209 665 audire,
1243 633 1299 669 qui
1319 638 1384 660 tum
1403 632 1596 670 adfuerunt,
1620 639 1783 662 constat
1807 635 2019 663 inuitis-samio

150 682 228 709 nire<
248 679 335 707 bonis
355 679 484 707 cessisse.
523 678 574 706 Sic
593 678 619 706 B
640 684 670 706 et
689 679 732 714 Ἐς
752 679 819 707 rell.
840 685 960 708 constat
979 679 1085 716 inepte
1104 685 1174 707 ante
1195 679 1281 708 bonis
1299 685 1430 718 ponunt.

224 727 258 755 C,
279 724 384 753 XLII.
404 723 431 763 §.
456 725 516 753 103.
555 725 676 761 -‘olite,
703 727 835 758 iudices,
859 735 916 762 per
943 736 997 753 uos
1015 726 1188 763 fortunas,
1217 736 1277 763 per
1295 727 1406 756 liberos
1432 733 1610 762 uestros,
1637 719 1774 757 ἰηὶήιὶειὲσ
1793 729 1868 757 mei-s
1885 742 1924 749 —
1943 727 2020 756 dare

150 776 312 803 laetitiam.
352 772 403 799 Sic
424 772 447 799 B
469 777 500 799 et
519 772 562 807 E;
582 772 651 800 rell.
674 779 774 800 uester
792 778 1054 811 pronomen-post
1072 773 1226 811 fortunas
1245 780 1366 811 ponunt
1383 781 1506 803 uestras
1525 775 1705 803 scribentes.

223 820 260 848 In
280 830 342 848 uno
362 818 475 846 horum
494 818 650 854 locorum,
671 820 706 848 C.
726 820 888 848 XXXVI.
915 819 943 859 5.
963 823 1026 856 89.‚
1052 819 1112 847 iam
1131 820 1246 849 Bakius
1256 842 1265 857 ,
1294 822 1382 850 cuius
1402 822 1633 850 adnotationem
1652 821 1872 851 commentario
1891 820 2019 856 inserui,

149 869 281 899 uerbum
301 871 423 897 constat
443 866 482 894 ob
509 876 575 894 eam
601 866 696 904 ipsam
717 877 851 896 caussam
871 866 1041 895 insiticium
1060 867 1199 904 putauit,
1228 868 1311 905 quod
1338 869 1372 897 in
1397 869 1467 897 fam.
1493 868 1605 898 tertiae
1624 868 1783 896 codicibus
1803 868 1898 896 alium
1915 867 2021 895 locum

149 923 240 954 atque
260 915 293 943 in
312 915 337 942 B
359 918 389 941 et
409 913 435 940 E
458 923 607 951 occupare
622 914 750 942 uiderat.
780 914 889 952 Neque
906 914 1065 952 quisquam
1084 920 1169 942 recte
1189 925 1206 942 a
1227 915 1335 944 Tullio
1355 921 1476 944 constat
1493 914 1632 953 potuisse
1652 916 1756 945 omitti
1770 914 1904 954 negabit.
1932 913 2021 941 Idem

149 973 226 992 uero
248 961 284 989 de
305 961 405 989 tribus
425 961 554 999 reliquis
574 961 650 989 locis
670 962 768 997 ualet,
804 961 837 988 111
857 961 968 999 quibus
988 961 1055 989 sine
1074 961 1140 989 ullo
1166 971 1270 990 sensus
1298 963 1485 992 detrimento
1513 962 1616 990 abesse
1641 963 1737 991 uerba
1763 971 1870 1002 posse,
1889 969 2022 999 quorum

150 1019 225 1047 uaga
249 1010 283 1036 111
312 1008 469 1036 codicibus
496 1008 582 1036 sedes
609 1015 669 1043 cst,
695 1018 786 1036 nemo
814 1018 877 1036 0011
905 1008 1006 1046 primo
1036 1014 1162 1047 aspectu
1187 1008 1356 1046 intelleget⁴
1395 1008 1610 1037 Nihilominus
1639 1010 1697 1038 etsi
1723 1010 1791 1049 ipse
1817 1009 1874 1038 uix
1901 1006 2021 1041 dubito,

150 1057 225 1096 quin
246 1055 352 1094 spuria
371 1055 449 1090 sint,
478 1055 578 1082 eicere
598 1061 699 1083 tamen
718 1055 824 1090 nolui,
852 1065 920 1083 cum
940 1065 1040 1093 neque
1060 1055 1233 1083 orationem
1252 1056 1468 1085 conmaculent
1487 1061 1534 1092 et,
1560 1056 1594 1084 id
1614 1056 1696 1094 quod
1714 1066 1856 1085 maxume
1875 1064 1924 1084 me
1942 1053 2023 1083 reti-

149 1104 235 1138 nnit,
257 1102 419 1141 quominus
440 1102 563 1129 exolare
583 1103 739 1137 iuberem,
769 1112 859 1140 saepe
878 1102 955 1129 alibi
974 1102 1007 1132 10
1027 1102 1096 1130 sam.
1117 1102 1227 1131 tertiae
1255 1103 1415 1131 codicibus
1436 1103 1582 1132 Tulliana
1599 1103 1695 1131 uerba
1712 1104 1790 1132 falso
1810 1104 1910 1133 locata
1927 1109 2022 1139 repe·

149 1151 287 1184 1111111111,
308 1149 351 1176 ita
370 1155 405 1177 ut
425 1159 464 1176 ex
485 1150 571 1177 uario
593 1149 659 1183 illo,
680 1149 732 1186 qui
752 1148 786 1176 in
816 1148 974 1177 codicibus
1001 1155 1066 1186 est,
1093 1150 1259 1178 uerborum
1279 1149 1388 1179 ordine
1408 1155 1543 1186 certum,
1570 1160 1630 1188 quo
1650 1149 1781 1179 uerbum
1799 1149 1926 1189 aliquod
1943 1157 2020 1187 spu-

149 1198 232 1227 rium
251 1206 316 1225 esse
337 1196 479 1231 euincas,
509 1200 718 1234 argumentum
740 1195 879 1234 depromi
899 1202 1038 1235 nequeat.

1036 1282 1063 1324 5.
1090 1289 1135 1316 16.

226 1344 387 1381 Sequiffnr,
414 1349 448 1371 ut
470 1344 506 1371 de
527 1344 565 1372 115
585 1344 662 1372 locis
683 1353 887 1382 exponamus,
922 1345 955 1373 in
979 1345 1089 1383 quibus
1109 1344 1263 1382 plurumi,
1296 1349 1348 1372 aut
1367 1344 1474 1381 multi,
1503 1346 1562 1372 'aut
1579 1344 1688 1382 pauci,
1715 1350 1767 1374 aut
1785 1353 1864 1372 unus
1886 1340 2022 1371 familiae

152 1392 261 1422 tertiae
283 1391 381 1419 ctdcx
409 1391 524 1429 aliquid
552 1391 708 1419 0101111101.
748 1391 852 1429 Atque
880 1393 971 1420 unius
993 1393 1117 1430 quidem
1143 1392 1214 1419 sam.
1235 1392 1345 1421 tertiae
1364 1392 1456 1428 libri,
1482 1392 1612 1420 uerbum
1632 1401 1728 1419 unum
1746 1391 1799 1419 uel
1818 1390 1909 1429 plura
1927 1387 2023 1416 omit-

150 1439 262 1473 tentis,
291 1438 366 1466 licet
393 1437 431 1464 ad
460 1439 630 1466 sententiae
658 1438 867 1475 integritatem
893 1449 958 1468 non
984 1440 1046 1468 sint
1067 1438 1261 1475 jneccssaria,
1288 1444 1389 1468 tamen
1410 1438 1523 1474 exiis,
1552 1448 1629 1476 quae
1648 1438 1687 1466 de
1706 1437 1826 1476 origine
1846 1441 1877 1464 et
1896 1433 2023 1464 familiis

151 1486 292 1514 codicum
313 1485 527 1522 exposuimus,
552 1485 715 1513 manifesto
745 1491 872 1523 apparet
899 1487 1016 1515 01111100
1035 1497 1160 1526 prorsus
1182 1486 1396 1514 auctoritatem
1423 1495 1488 1514 esse
1514 1495 1613 1524 posse.
1652 1484 1785 1513 Accedit
1810 1482 1894 1522 qnod
1918 1481 2023 1510 nullus

152 1538 235 1561 extat
256 1533 324 1561 sam.
346 1530 457 1559 tertiae
485 1531 595 1567 codex,
631 1532 719 1560 cuius
738 1531 883 1561 librarius
910 1543 972 1561 non
999 1544 1089 1572 saepe
1115 1534 1147 1561 in
1173 1543 1240 1561 eam
1266 1539 1386 1571 partem
1411 1532 1565 1572 peccarit,
1598 1537 1634 1560 ut
1663 1530 1796 1569 genuina
1815 1530 1905 1559 Tulli
1927 1528 2026 1558 uerba

152 1580 318 1609 omitteret.
357 1578 463 1615 Itaque
484 1588 583 1616 neque
611 1579 727 1607 codicis
747 1579 933 1608 Drcsdensis
960 1581 1130 1619 scriptura,
1161 1580 1195 1609 C.
1215 1579 1272 1608 VI.
1292 1577 1320 1618 §.
1343 1580 1385 1608 16.
1406 1579 1489 1617 quod
1506 1581 1614 1616 agitur
1635 1577 1822 1614 omittentis,
1847 1577 1913 1606 ullo
1933 1575 2025 1604 modo

152 1627 282 1655 debebat
302 1636 319 1654 a
340 1625 509 1654 Garatonio
538 1627 681 1664 probari,
709 1635 808 1663 neque
839 1627 1001 1665 quicquam
1022 1628 1136 1656 certius
1156 1633 1216 1662 est,
1246 1636 1335 1664 quam
1362 1626 1395 1653 111
1415 1627 1483 1662 Mc,
1513 1625 1566 1663 qui
1586 1625 1619 1653 C.
1640 1624 1768 1653 XXIV.
1788 1622 1816 1663 §.
1836 1625 1881 1662 59.
1901 1624 2026 1659 scripsit

150 1679 223 1712 post
238 1680 333 1710 poeta
353 1683 416 1701 non
436 1673 611 1710 adgnoscit,
638 1678 688 1701 aut
707 1672 903 1710 neglegentia
922 1680 973 1703 aut
993 1675 1153 1710 consulto,
1188 1683 1257 1701 cum
1276 1672 1368 1701 modo
1388 1672 1470 1702 idem
1489 1673 1620 1701 uerbum
1639 1671 1819 1709 praecedat,
1838 1671 1875 1699 ab
1894 1669 2025 1705 librario

153 1721 300 1749 omissum
326 1730 399 1748 esse.
439 1720 550 1758 Neque
575 1730 670 1758 porro
699 1725 751 1748 aut
779 1720 813 1748 C.
833 1720 911 1748 XX.
938 1719 966 1760 §.
987 1722 1032 1750 50.
1056 1721 1231 1759 grauitati-s
1260 1730 1346 1748 esse
1368 1726 1511 1757 putasses
1537 1725 1610 1747 tuae
1635 1718 1766 1747 uerbum
1785 1727 1847 1746 esse
1866 1716 1957 1744 unius
1975 1716 2026 1753 κδ

153 1767 352 1801 auctoritate,
377 1773 429 1795 aut
457 1767 490 1795 C.
510 1766 671 1795 XXVIII.
698 1765 724 1805 5.
745 1768 790 1806 69.
818 1774 1036 1797 conseruatum
1060 1776 1145 1794 esse
1175 1768 1366 1795 meminerim
1392 1766 1474 1794 idem
1499 1766 1648 1802 uerbum,
1683 1765 1766 1804 quod
1791 1764 1826 1792 111
1850 1764 1905 1793 Ma
1929 1763 2026 1800 deest,

154 1814 297 1842 omittere
317 1813 400 1843 licet.

228 1854 331 1889 Porro
354 1861 446 1889 unius
476 1862 567 1889 ctiam
595 1861 710 1889 codicis
739 1863 892 1902 scriptura
913 1861 1086 1897 dicendast,
1122 1870 1198 1898 quae
1224 1859 1258 1888 111
1284 1860 1428 1899 pluribus
1453 1860 1523 1889 fam.
1549 1859 1660 1889 tertiae
1681 1859 1838 1887 codicibus
1858 1857 2027 1897 reperitur,

155 1920 229 1947 quos
251 1909 288 1936 ad
308 1909 399 1936 11111115
421 1908 535 1936 codicis
557 1908 647 1936 fidem
668 1915 839 1944 correctos,
872 1911 925 1938 uel
944 1909 1066 1948 potius,
1099 1913 1135 1936 ut
1155 1908 1261 1936 uerius
1282 1908 1397 1944 (1101110,
1428 1912 1592 1946 corruptos
1612 1915 1678 1934 esse
1697 1905 1790 1934 certis
1811 1905 1916 1934 doceri
1935 1915 2028 1944 argu-

155 1956 266 1985 mentis
286 1960 398 1994 potcst..
438 1955 485 1982 Ita
512 1955 600 1983 ualde
621 1955 755 1990 errabit,
786 1956 839 1994 qui
859 1958 892 1986 C.
913 1955 1056 1985 XXXV.
1076 1952 1104 1993 5.
1124 1954 1170 1983 86.
1209 1956 1263 1983 Set
1282 1961 1356 1983 sunt
1375 1955 1453 1983 haec
1473 1955 1592 1983 leuiora
1598 1963 1611 1988 ;
1630 1954 1689 1982 illa
1707 1963 1780 1981 uero
1796 1954 1917 1991 grauia
1935 1958 2029 1991 atque

155 2013 270 2040 magna
290 2002 323 2029 in
345 2001 451 2029 codice
470 2002 630 2040 principe,
664 2012 702 2030 ex
723 2012 782 2040 quo
803 2002 872 2030 fani.
893 2001 1041 2031 seciuldae
1069 2008 1100 2030 ct
1119 2002 1230 2030 tertiae
1251 2002 1372 2030 codices
1399 2001 1461 2030 orti
1481 2006 1568 2037 sunt,
1601 2010 1666 2028 non
1685 2000 1827 2029 extitisse
1845 2006 1920 2029 sunt
1937 2004 2028 2039 putet

154 2055 337 2088 propterea,
358 2049 440 2086 quod
459 2051 527 2084 Ma,
547 2049 610 2083 Le,
631 2053 661 2075 et
681 2048 713 2076 H
733 2049 885 2078 omittant.
924 2050 1005 2078 Nam
1026 2049 1084 2078 etsi
1112 2049 1174 2088 ipsi
1192 2049 1271 2077 mihi
1290 2050 1421 2078 uerbum
1447 2055 1521 2076 sunt
1539 2057 1603 2076 non
1622 2047 1735 2076 inutile
1754 2052 1874 2076 tantum
1893 2053 1940 2077 set
1957 2056 2028 2076 mo-

154 2097 266 2125 lestum
287 2095 379 2124 etiam
400 2105 464 2123 esse
485 2101 515 2123 01
535 2100 643 2123 contra
662 2095 751 2123 Tulli
778 2097 1031 2125 consuetudinem
1052 2096 1129 2135 (uid.
1150 2094 1273 2135 comm.)
1294 2096 1431 2125 additum
1450 2095 1593 2132 uidetur,
1625 2100 1728 2124 tamen
1748 2104 1814 2123 eam
1833 2095 1873 2123 ob
1893 2100 2028 2123 caussam

155 2144 290 2171 minume
312 2142 403 2171 debet
423 2149 599 2181 suspectum
620 2152 700 2178 esse,
721 2142 804 2180 quod
823 2143 855 2170 in
875 2143 975 2172 tribus
994 2143 1058 2171 illis
1079 2143 1169 2171 libris
1189 2143 1284 2172 abest.
1321 2143 1448 2172 Etenim
1467 2148 1681 2181 praeterquam
1701 2142 1785 2180 quod
1803 2148 1866 2171 tres
1883 2141 1933 2178 illi
1951 2139 2028 2168 libri

156 2190 256 2218 nihilo
276 2189 345 2228 plus
367 2199 456 2227 quam
476 2199 555 2218 unus
575 2190 644 2218 fam.
664 2190 776 2218 tertiae
796 2190 896 2219 codex
913 2190 1106 2220 auctoritatis
1125 2190 1251 2228 liabent,
1278 2190 1312 2219 id
1335 2190 1419 2229 quod
1444 2200 1484 2219 ex
1511 2190 1566 2228 iis,
1595 2199 1672 2229 quae
1696 2189 1731 2218 in
1749 2194 1824 2220 nota
1838 2187 1866 2227 *)
1886 2185 2027 2226 exposui,

226 2329 247 2359 ‘J
267 2327 325 2358 Ma,
341 2327 396 2359 Le,
416 2333 443 2352 et
462 2327 488 2353 H
507 2327 555 2352 etsi
577 2336 609 2353 ex
627 2336 679 2352 uuo
698 2327 848 2361 eodemque
875 2327 968 2352 codice
994 2328 1140 2361 descriptos
1161 2336 1219 2353 esse
1236 2337 1290 2354 non
1307 2337 1385 2362 posse
1403 2328 1483 2354 statui
1501 2327 1622 2360 uidetur,
1646 2331 1788 2361 propterea
1805 2323 1877 2358 quod
1893 2330 2026 2351 nonnum-

157 2380 234 2405 quam
253 2371 424 2396 uehementer
443 2381 457 2396 a
475 2381 503 2396 se
522 2372 695 2403 dissentiunt,
721 2377 809 2397 tamen
833 2371 885 2395 hoc
912 2373 1003 2404 negari
1029 2373 1103 2397 nullo
1127 2372 1207 2397 modo
1225 2377 1330 2406 potest,
1359 2372 1393 2397 ad
1410 2373 1487 2397 unius
1505 2372 1565 2397 sam.
1582 2371 1677 2396 tertiae
1694 2368 1794 2394 codicis
1812 2368 1891 2393 fidem
1907 2367 1952 2393 hic
1969 2366 2026 2392 illic

158 2420 305 2446 correctos,
323 2415 367 2439 uel
386 2415 472 2447 potius
491 2420 628 2450 corruptos
646 2423 712 2441 esse.
748 2415 826 2442 Patet
847 2415 901 2441 hoc
919 2424 953 2441 ex
970 2416 1042 2441 miris
1062 2417 1177 2451 aliquot,
1206 2425 1269 2450 quas
1294 2417 1492 2442 consentienter
1507 2414 1653 2449 praebent,
1681 2411 1849 2447 corruptelis.
1881 2411 1922 2437 Ita
1939 2412 1964 2446 §.
1983 2411 2026 2438 15.
