2185 2720
171 178 207 205 90
830 162 1396 194 COMMENTARIUS.

171 244 295 277 nitatis
318 241 536 274 uehementer
558 243 757 278 mouentur,
793 237 860 270 hoc
888 250 988 271 sensu
1010 238 1099 270 dicta
1121 249 1192 269 esse
1213 242 1322 279 patet:
1362 235 1547 279 municipia
1571 248 1628 277 eo,
1665 238 1757 280 quod
1778 238 1952 271 uicinitate
1975 250 2057 270 con-

171 298 286 328 iuncta
307 299 406 332 sunt,
431 293 454 324 1.
475 304 504 323 8.
531 291 622 334 quod
645 290 757 321 uicina
780 289 844 322 sibi
867 297 962 330 sunt,
992 302 1198 333 magnopere
1227 290 1457 332 inpelluntur,
1488 295 1527 320 ut
1549 289 1585 320 111
1608 290 1764 322 omuibus
1787 292 1886 323 rebus
1909 291 2057 322 inuicem

172 359 207 382 se
229 347 402 378 adiuuent.
448 343 552 385 Quod
575 343 687 385 ipsum
710 354 788 374 cum
809 343 846 374 iu
868 343 1093 386 municipium
1118 343 1350 374 Tusculanum
1377 348 1410 373 et
1434 341 1587 373 finituma
1608 342 1760 373 minume
1783 343 1887 383 cadat,
1915 344 1956 375 de
1980 343 2058 386 qui-

175 401 235 433 bus
259 400 290 440 §.
317 399 366 430 25.
390 396 490 438 plane
513 395 722 426 contrarium
745 394 852 434 dicat,
887 407 1048 427 monens:
1085 396 1135 427 sic
1158 401 1190 426 te
1214 395 1382 426 Plancius
1405 394 1467 426 hoc
1489 406 1556 425 non
1580 395 1691 427 solum
1715 396 1904 438 municipi,
1938 409 2061 428 uerum

175 454 280 486 etiam
303 448 499 482 uicinitatis
523 459 648 490 genere
671 447 849 486 uincebat,
873 448 943 479 nisi
956 447 1058 491 forte
1081 455 1112 480 te
1134 447 1335 486 Labicana,
1358 452 1421 479 aut
1445 446 1602 485 Gabina,
1631 453 1694 480 auc
1715 448 1909 480 Bouillana
1934 449 2063 480 uicini-

176 510 230 536 eas
251 501 463 539 adiuuabat,
487 500 610 544 quibus
632 512 648 532 e
670 500 872 543 manicipiis
895 500 956 531 uix
979 501 1051 532 iam
1073 501 1133 544 qui
1156 511 1294 532 carnem
1316 500 1460 532 Latinis
1484 505 1606 542 petant
1629 500 1871 542 reperiuntur.-
1904 499 2062 531 certissu-

176 559 314 592 mumst‚
340 552 420 584 addi
443 564 462 584 a
479 553 643 584 Cicerone
665 559 785 585 nostra
809 558 887 583 aute
912 554 1105 596 municipia
1129 552 1292 591 debuisse,
1315 558 1354 583 ut
1377 552 1418 583 de
1441 551 1637 583 Atinatibus
1661 551 1849 593 uicinisque
1871 550 2065 594 municipiis

177 616 371 640 sermonem
394 606 449 637 hic
472 617 543 637 esse
568 604 834 646 intellegeretur.
879 604 1047 635 Particula
1071 606 1141 637 iam
1164 616 1258 643 uero,
1282 616 1380 646 quam
1405 603 1429 634 ii
1452 609 1585 634 tantum
1608 603 1737 634 codices
1761 603 1896 643 habent,
1922 603 1980 645 qui
2003 615 2066 635 ηο-

178 665 253 692 stra
276 657 455 696 omittunt,
480 668 593 688 carere
617 657 757 688 omnino
779 658 976 699 Possumus,
1009 668 1084 687 cum
1109 656 1289 687 transitum
1313 656 1432 687 Cicero
1455 655 1621 698 particula
1643 656 1748 686 etiam
1769 661 1847 686 ante
1869 656 2066 688 uicinitatis

177 711 288 755 posita
309 709 387 741 satis
409 709 622 742 indicauerit.
666 709 784 750 Itaque
807 708 893 739 nihil
917 709 1056 747 certius,
1085 720 1186 750 quam
1210 709 1281 739 iam
1303 719 1374 739 esse
1395 719 1439 739 ex
1461 714 1580 740 nostra
1604 713 1734 745 ortum3
1759 707 1849 749 quod
1874 719 2067 751 pronomen

179 775 257 794 cum
280 764 342 801 ita,
382 774 466 801 nra,
503 761 607 794 scribi
628 767 837 800 consuesset,
875 760 1046 792 facillume
1070 771 1138 791 una
1159 773 1183 792 η
1207 760 1320 791 littera
1344 760 1536 792 oblitterata
1558 760 1594 791 in
1611 753 1655 792 ἦ
1674 759 1710 790 id
1733 766 1783 792 est
1802 760 1836 791 in
1861 762 1932 793 iam
1953 760 2067 803 potuit

179 813 366 857 corrumpi.

1014 901 1042 934 C
1053 899 1084 934 A
1093 901 1132 935 P.
1173 899 1239 935 IX.

291 995 298 1003 .
323 982 374 1005 22.
418 972 586 1004 Retinens
609 977 758 1004 ueterem
780 972 880 1004 illam
904 971 996 1016 offici
1019 971 1202 1014 rationem)
1249 972 1336 1003 Cum
1359 972 1601 1014 plurumorum
1628 971 1781 1003 codicum
1804 971 1990 1014 scriptura,
2024 970 2070 1002 il-

183 1027 256 1058 lum
279 1025 384 1069 offic-ii
406 1037 553 1063 morem,
592 1024 659 1055 iam
688 1030 831 1066 propter
853 1024 1056 1055 insolentem
1087 1024 1332 1064 elocutionem,
1372 1037 1443 1056 mos
1465 1025 1576 1068 offici,
1617 1024 1710 1056 cuius
1735 1025 1846 1055 simile
1871 1023 2071 1065 exemplum

184 1088 352 1118 nusquam
374 1077 564 1118 reperitur,
599 1082 752 1118 suspecta
770 1076 857 1107 mihi
879 1082 982 1115 esset,
1016 1088 1085 1107 non
1107 1076 1205 1119 potui
1227 1088 1246 1106 a
1269 1088 1324 1107 me
1349 1076 1538 1119 inpetrare,
1580 1077 1661 1118 quin
1685 1083 1884 1119 corruptum
1906 1077 1997 1107 hunc
2016 1075 2070 1105 10-

185 1141 262 1160 cum
289 1135 458 1171 putarem.
504 1130 569 1161 Cui
601 1129 787 1160 sententiae
814 1140 891 1159 cum
923 1134 1083 1171 optumus
1112 1128 1171 1158 ille
1202 1133 1235 1158 et
1257 1129 1520 1171 antiquissumus
1547 1129 1656 1160 codex
1680 1129 1862 1160 Bauaricus
1891 1127 2070 1170 insigniter

184 1180 333 1219 smeret,
358 1182 458 1213 illam
479 1182 585 1225 officii
607 1187 753 1213 mentem
774 1181 934 1220 scribens,
961 1192 1005 1212 ex
1030 1186 1173 1222 utraque
1195 1181 1363 1224 scriptura
1386 1182 1419 1213 id
1443 1182 1553 1220 elicui,
1579 1181 1668 1224 quod
1693 1187 1726 1213 et
1746 1182 1938 1212 litterarum
1962 1179 2072 1210 ducti-

185 1233 265 1272 bus,
289 1232 348 1274 qui
370 1233 405 1263 iu
429 1234 598 1266 codicibus
622 1240 720 1273 sunt,
752 1240 786 1265 et
808 1233 874 1264 loci
896 1233 1082 1264 sententiae
1104 1243 1265 1263 maxume
1288 1234 1465 1273 conuenit,
1493 1233 1730 1275 edendumque
1756 1233 1872 1263 curaui
1896 1232 1995 1264 illam
2017 1229 2073 1274 ofi-

177 1284 248 1329 fici
271 1286 450 1318 rationem.
497 1287 609 1327 Quam
630 1285 729 1316 facile
753 1286 845 1316 euim
868 1287 1056 1324 rationem,
1085 1285 1150 1316 1100
1175 1285 1265 1326 quod
1289 1286 1324 1317 in
1347 1298 1443 1318 more
1465 1285 1530 1317 fuit
1555 1285 1744 1328 conpendio
1769 1285 1950 1327 scriptum,
1985 1285 2071 1321 νόηέ,

186 1343 259 1367 tum
281 1336 317 1366 in
348 1340 440 1369 more?
463 1343 535 1368 tum
558 1338 593 1368 111
614 1341 723 1370 ment&
746 1338 898 1380 potuerit
921 1337 1117 1380 deprauari,
1151 1338 1261 1379 quiuis
1285 1339 1459 1377 concedet,
1501 1339 1558 1380 qui
1582 1338 1801 1369 librariorum
1824 1335 1993 1369 scribendi
2014 1346 2074 1377 ge-

187 1399 250 1419 nus
273 1389 421 1419 nouerit.
468 1390 613 1421 Rectum
635 1396 748 1420 autem
772 1389 905 1421 dicendi
927 1402 1030 1433 genus
1058 1400 1144 1428 esse,
1181 1395 1331 1422 ueterem
1353 1392 1445 1435 offic-i
1468 1392 1636 1423 rationem
1660 1391 1827 1428 retinere,
1858 1395 1932 1420 tum
1954 1399 2017 1431 per
2039 1397 2074 1418 se

186 1445 296 1482 patet,
325 1445 400 1471 tum
422 1441 474 1472 his
498 1442 579 1473 locis
602 1443 785 1485 probatur:
816 1443 885 1474 Cic.
915 1455 979 1486 pro
1006 1443 1041 1473 P.
1067 1442 1210 1483 Quintio
1238 1443 1275 1474 C.
1299 1444 1358 1476 XX
1375 1445 1434 1475 ΙΙΙ.
1460 1445 1489 1485 §.
1514 1444 1565 1485 59.
1588 1443 1770 1486 antiquam
1792 1442 1884 1486 offici
1905 1441 2075 1472 rationem

188 1493 331 1529 dilexit,
371 1494 470 1525 cuius
495 1496 656 1538 splendor
680 1495 789 1526 omnis
817 1496 871 1527 liis
894 1495 1045 1527 moribus
1074 1494 1250 1526 obsoleuit.
1279 1495 1360 1526 ibid.
1382 1498 1422 1528 C.
1445 1497 1529 1528 XV.
1561 1498 1590 1537 §.
1612 1495 1665 1526 48.
1695 1495 1788 1527 lubet
1808 1495 1895 1526 mihi
1920 1506 1961 1526 ex
1984 1492 2075 1536 offici

190 1546 326 1576 ratione
351 1551 454 1588 atque
477 1560 518 1579 ex
541 1548 694 1579 omnium
717 1549 962 1580 consuetudine
984 1560 1055 1579 rem
1078 1548 1190 1589 ipsam
1216 1549 1443 1582 considerare.
1473 1549 1515 1579 de
1538 1550 1612 1580 Inu.
1636 1549 1669 1586 I,
1694 1558 1730 1587 2,
1755 1558 1785 1578 2.
1807 1548 1960 1579 nondum
1981 1545 2076 1577 diui-

190 1608 255 1628 nae
274 1598 477 1639 religionis,
509 1612 576 1631 non
599 1601 743 1632 humani
766 1600 858 1643 offici
880 1600 971 1631 ratio
994 1599 1179 1630 colebatur.
1216 1610 1280 1641 pro
1305 1601 1439 1632 Cluent.
1462 1601 1583 1640 XLII,
1622 1612 1691 1641 117.
1729 1605 1769 1632 ut
1791 1613 1813 1632 a
1836 1612 1890 1632 me
1911 1611 1989 1630 cum
2010 1597 2076 1629 llu-

192 1650 285 1680 iusce
299 1651 464 1692 periculi,
488 1658 562 1683 tum
585 1659 775 1684 ceterorum
799 1664 930 1695 quoqne
947 1652 1137 1695 offic-iorum
1161 1656 1193 1683 et
1216 1653 1453 1685 amicitiarum
1474 1653 1565 1684 ratio
1590 1658 1793 1684 conseruata
1815 1664 1885 1683 esse
1900 1651 2074 1682 uideatur.

191 1702 235 1733 Il.
258 1702 294 1732 iu
321 1703 420 1734 Uerr.
445 1704 496 1743 V,
529 1706 588 1746 69,
622 1716 690 1746 177.
723 1716 785 1747 ego
808 1705 876 1736 mei
899 1705 969 1735 iam
996 1704 1165 1735 rationem
1187 1704 1278 1747 offic-i
1299 1704 1435 1747 confido
1459 1717 1528 1736 esse
1551 1704 1705 1736 omnibus
1729 1703 1968 1746 iniquissmnis
1991 1700 2074 1733 meis

192 1755 416 1798 persolutam.
439 1755 527 1786 conl.
552 1757 580 1797 ς.
605 1757 673 1788 185.
702 1769 779 1789 cum
802 1762 975 1799 receptum
1001 1756 1152 1799 officium
1173 1756 1302 1788 Sic-alis
1325 1759 1392 1788 erit
1408 1758 1639 1801 persolutam.

281 1807 523 1850 ZVoafucosa)
571 1809 763 1840 Uerbum
787 1815 827 1839 et
853 1809 926 1838 1100
949 1807 1141 1838 notabile
1164 1807 1283 1838 inter
1311 1810 1394 1841 alia
1422 1821 1527 1852 quae
1552 1814 1651 1840 sunt
1671 1814 1777 1851 aput
1803 1812 1980 1838 ueteres
2004 1816 2075 1836 ra-

195 1858 314 1890 riora
338 1859 616 1891 referendum
639 1866 711 1891 est.
747 1858 1010 1903 (Eyuhjotg)
1034 1859 1238 1891 aduersus
1263 1861 1554 1900 Tusculanos3
1578 1873 1627 1893 ne
1650 1861 1752 1892 hanc
1773 1859 1941 1891 laudem
1964 1855 2074 1888 nude

196 1911 421 1952 impertiri
450 1913 700 1944 Atinatibus
723 1913 977 1951 arbitreris,
1015 1924 1121 1954 quos
1144 1912 1206 1944 ita
1228 1914 1430 1955 extollit,
1454 1921 1500 1946 ut
1520 1915 1702 1945 illorum
1724 1909 2076 1944 maleuolentiam

198 1963 424 2005 deprimat.
470 1965 630 1996 SCHOLIA
653 1966 849 1997 UATICANA
872 1971 905 1995 et
926 1965 1187 1996 Asianosmxii.

283 2015 458 2059 Cassinas)
498 2017 591 2047 Haec
621 2018 753 2048 litterae
779 2017 962 2059 duplicatio
986 2018 1139 2059 lapidum
1168 2017 1361 2050 testimonio
1393 2017 1596 2061 dampnatur
1618 2029 1637 2048 a
1657 2016 1803 2048 Cellario
1831 2017 1873 2047 T.
1897 2015 1923 2046 I.
1951 2015 2077 2055 Geogr·

197 2079 231 2110 p.
255 2068 340 2099 660..
365 2068 624 2100 GARATONH‘S.
669 2071 750 2100 Non
777 2069 849 2100 sine
872 2081 985 2100 caussa
1008 2076 1228 2112 optumorum
1251 2084 1287 2103 ac
1311 2073 1551 2114 plui-umorum
1582 2070 1736 2101 codicum
1762 2068 1997 2100 auctoritatem
2024 2065 2079 2096 hic

199 2119 405 2161 sequendam
429 2119 529 2158 duxi,
556 2133 623 2151 non
647 2121 824 2163 ignorans,
848 2122 883 2152 in
908 2123 976 2153 Cic.
996 2123 1097 2153 Phitl.
1121 2124 1163 2161 II,
1192 2124 1246 2161 16,
1274 2123 1325 2154 4ο.
1350 2130 1529 2165 optumum
1553 2123 1754 2156 Uaticanum
1778 2122 1922 2154 Casinas
1943 2118 2076 2150 habere.

289 2172 438 2203 Tractus
461 2173 533 2214 ille)
558 2174 611 2204 De
630 2173 815 2215 scriptura,
851 2185 936 2215 quae
958 2180 1036 2205 aute
1058 2185 1112 2205 ine
1137 2175 1301 2214 obtinuit,
1335 2181 1427 2207 totus
1456 2178 1516 2209 ille
1547 2182 1699 2214 tractas,
1730 2174 1809 2206 uide
1840 2183 1924 2215 quae
1945 2169 2076 2210 Prolcg.

200 2225 242 2256 L.
266 2225 308 2254 ΙΙ.
334 2224 371 2254 C.
396 2224 421 2254 I.
447 2224 476 2264 ξ.
501 2235 531 2265 9.
556 2223 639 2255 dixi.

294 2276 382 2307 Tota
408 2276 553 2319 denique
581 2282 701 2309 nostra
731 2278 794 2310 illa
816 2291 941 2322 aspera
970 2284 1003 2310 et
1023 2285 1203 2311 montuosa
1225 2285 1258 2311 et
1271 2278 1396 2322 fidelis
1419 2287 1452 2312 et
1478 2283 1623 2325 simplex
1646 2287 1679 2313 et
1691 2280 1838 2323 fautrix
1862 2287 2004 2310 suorum
2025 2286 2080 2307 re-

201 2328 274 2372 gio)
319 2329 421 2358 Rom.
444 2340 508 2359 see.
536 2331 622 2361 Uen.
648 2330 798 2372 Heruag.
823 2336 856 2361 et
878 2331 998 2362 Lamb.
1021 2337 1187 2364 montosa.
1231 2332 1286 2363 Sic
1310 2334 1433 2374 passim
1456 2334 1617 2373 uariatur,
1642 2338 1680 2365 ut
1702 2333 1737 2363 in
1759 2342 1842 2362 uoce
1863 2328 1967 2360 adfini
1989 2327 2080 2359 uidi-

207 2391 282 2411 mus
314 2380 568 2422 [portentosus]
602 2381 645 2412 ad
675 2393 702 2412 0.
728 2393 777 2424 27.
808 2395 871 2425 pro
901 2383 1020 2423 domo,
1064 2390 1097 2415 et
1119 2384 1154 2414 111
1176 2385 1239 2415 hac
1262 2384 1334 2426 ipsa
1357 2385 1505 2417 ostendit
1527 2387 1632 2417 Drak.
1661 2385 1702 2416 ad
1723 2384 1801 2415 Liu.
1824 2381 2007 2419 XXXIX,
2040 2391 2078 2419 1.,

206 2442 308 2473 quem
330 2432 476 2463 consule.
523 2433 716 2477 Utrumque
738 2435 796 2466 ille
819 2436 980 2467 usitatum
1003 2442 1115 2479 putat3
1140 2447 1200 2478 ego
1224 2444 1379 2471 montosa
1399 2439 1556 2470 lubenter
1578 2439 1615 2470 in
1638 2436 1752 2469 Tullio
1775 2433 1981 2477 praeferam,
2007 2438 2081 2464 tum
