2185 2720
841 125 866 155 c
886 125 915 154 A
935 126 978 166 B.
1016 124 1077 154 XI.
1097 121 1124 164 5.
1144 126 1188 156 28.
1207 140 1244 146 -
1263 124 1338 153 ΧΠ.
1359 125 1386 166 §·
1407 131 1452 160 29.
2035 135 2089 163 101

197 200 306 231 Semi.
329 199 364 239 Ι,
396 210 447 241 71.
477 199 573 239 Quin
606 199 665 233 ubi
687 212 723 233 se
746 213 768 233 a
790 201 895 245 uolgo
924 206 958 233 et
989 211 1115 233 scaena
1141 199 1179 231 in
1204 205 1336 232 secreta
1366 209 1541 236 remorant
1569 203 1694 236 Uirtus
1725 203 1910 247 Scipiadae
1938 210 1971 237 et
1992 206 2089 238 mitis

195 252 370 295 sapientia
393 252 510 285 Laeli.

280 305 397 336 Multo
421 317 517 336 secus
539 309 591 336 est
610 304 755 347 parens)
800 304 871 336 Cur
893 310 944 336 est
965 303 1186 344 retinuerim,
1209 304 1343 348 Proleg.
1367 306 1410 338 L.
1432 306 1477 336 ΙΙ.
1492 306 1540 338 'C.
1564 308 1591 338 Ι.
1615 308 1645 349 §.
1669 307 1699 339 8.
1723 320 1757 350 p.
1779 308 1893 340 XLH.
1919 309 2003 341 dixi.

279 355 366 388 Cum
388 358 516 389 uidetis
540 357 654 389 luctus
677 357 888 399 societatem)
933 356 1159 388 Iudicatiuom
1188 358 1318 390 uidetis
1346 370 1417 390 non
1438 359 1549 390 solum
1574 359 1666 401 quod
1690 361 1823 402 optumi
1846 361 1926 393 libri
1949 368 2088 394 tuentur

193 408 376 450 praeposui
401 409 637 449 coniunctiuo,
660 421 783 442 uerum
806 409 907 440 etiam
933 409 1023 451 quod
1046 408 1159 440 sensui
1181 409 1281 440 unice
1305 410 1577 442 accommodatus
1604 417 1664 442 est.
1708 413 1785 443 Hoc
1809 414 1901 445 enim
1924 414 2006 446 dicit
2028 416 2089 446 Ci-

195 470 290 492 cero:
317 460 492 492 Saturnini
516 467 640 502 quanta
662 461 803 493 honoris
825 460 927 492 huius
951 461 1116 504 cupiditas
1138 460 1260 502 fuerit,
1288 473 1332 494 ex
1356 473 1394 493 eo
1418 463 1559 504 potestis
1582 463 1726 503 coicere,
1754 466 1860 506 quod,
1890 473 1928 498 ut
1951 467 2087 507 uidetis,

193 512 304 544 luctus
332 512 441 544 socius
473 518 532 544 est.
579 514 634 545 Ob
658 513 800 545 eandem
826 524 975 545 caussam
996 514 1110 545 statim
1131 519 1208 556 post
1238 513 1347 546 dixit:
1384 515 1470 558 quid
1490 516 1532 546 cle
1553 515 1607 547 llis
1631 522 1682 548 tot
1711 518 1800 549 uiris
1825 519 1969 558 talibus,
2004 532 2088 563 quos

195 565 365 596 uidetis
388 570 483 596 ueste
504 571 652 598 mutata.
699 565 935 598 Teuendumst
960 573 1091 607 autem,
1119 578 1197 598 cum
1217 566 1436 608 particulam,
1461 567 1616 608 quotiens
1640 581 1693 609 eo,
1726 570 1819 612 quod
1839 571 2021 613 significet,
2052 572 2086 603 id

194 617 287 659 quod
305 628 404 659 saepe
426 616 608 658 significat,
632 619 820 650 necessario
843 618 1065 650 indicatiuom
1088 619 1282 650 adsciscere.
1330 617 1400 650 Cfr.
1424 619 1468 649 ΙΙ.
1492 619 1528 650 in
1551 621 1652 652 Uei-r.
1676 621 1718 659 ΙΙ,
1744 622 1795 660 64,
1824 624 1911 654 155.:
1934 625 1989 656 Hi
2011 637 2089 656 cum

194 670 236 701 cle
265 670 336 701 tuis
358 668 474 712 factis
500 670 642 713 publice
670 677 945 714 conqueruntur,
985 684 1096 703 nonne
1118 673 1180 703 lzoc
1203 671 1379 709 indicant,
1422 676 1539 703 tantas
1568 684 1638 704 esse
1661 673 1813 706 iniurias
1836 681 1918 714 etc-3
1956 687 2020 718 pro
2048 677 2086 708 C.

192 720 312 752 Rabir.
337 721 407 760 VI,
435 721 484 753 18.
508 723 617 755 „Nihil
637 735 690 756 me
712 724 842 755 clamor
867 725 933 755 iste
955 730 1151 763 conmouet‚
1177 729 1229 755 set
1251 724 1467 762 consolatur,
1491 735 1579 754 cum
1604 725 1797 764 indicat,
1828 739 1898 759 esse
1921 729 2088 771 quosdam

192 773 282 805 ciuis
307 774 487 816 inperitos,
509 780 561 806 set
585 787 652 806 non
675 776 813 807 multos.
837 775 938 806 huius
964 776 1070 818 ipsius
1094 788 1143 807 or.
1166 775 1321 814 XXXII,
1347 775 1397 816 78·
1420 776 1535 819 Atqui
1556 778 1640 808 llaec
1663 791 1753 810 cum
1775 780 1920 818 uides,
1946 793 2011 824 quo
2035 792 2088 814 me

192 827 332 858 tandem
355 827 391 858 in
413 833 446 859 te
467 828 584 860 animo
601 832 711 870 putas
734 839 822 867 esse,
848 829 1080 860 Laterensis?
1105 828 1146 859 de
1170 829 1232 860 Or.
1258 828 1310 867 II,
1335 828 1386 869 57,
1414 828 1484 859 154.
1509 841 1576 871 quo
1596 831 1703 862 etiam
1724 833 1836 863 maior
1860 833 1917 863 uir
1940 833 2086 876 (Numa)

193 879 371 911 habendus
394 885 454 920 est,
477 892 554 911 cum
577 879 678 911 illam
700 880 909 922 sapientiam
929 898 974 904 —
996 882 1171 924 cognouit.
1215 880 1266 912 Id.
1291 880 1330 911 ad
1354 880 1436 911 Diu.
1460 881 1524 920 IX,
1551 882 1599 913 14.
1621 884 1788 925 gratulor
1809 884 1884 922 tibi,
1908 897 1985 916 cum
2009 891 2088 917 tan-

195 937 271 963 tum
292 932 390 964 uales
413 937 500 974 aput
521 931 753 964 Dolabellam.
797 932 884 963 Ibid.
910 933 1014 972 XIII,
1047 933 1098 964 24.
1123 933 1188 964 tibi
1207 933 1349 976 gratias
1373 944 1462 975 age,
1487 945 1565 964 cum
1586 939 1723 966 tantam
1746 936 1886 968 litterae
1910 949 2004 969 meae
2020 949 2088 980 po-

195 989 357 1022 tuerunt,
390 988 430 1014 ut
454 983 500 1015 iis
522 983 621 1015 lectis
646 996 778 1016 omnem
800 985 1023 1028 offensionem
1051 986 1246 1028 deponeres.
1290 984 1377 1015 Ibid.
1400 985 1506 1023 XVI,
1545 986 1592 1017 16.
1616 987 1704 1018 milli
1723 988 1979 1029 gratissumum
1991 988 2088 1032 feci-

193 1036 259 1074 sti,
283 1047 361 1068 cum
383 1046 461 1067 eum
481 1051 525 1057 —
546 1036 697 1068 amicum
721 1049 825 1080 quam
847 1049 983 1069 seruom
1001 1050 1072 1069 esse
1094 1037 1265 1070 maluisti.
1310 1037 1450 1067 Terent.
1474 1036 1586 1068 Andr.
1608 1039 1670 1077 IV,
1696 1040 1724 1077 5,
1749 1040 1800 1070 52.
1826 1041 1879 1071 dis
1900 1041 1961 1082 pol
1982 1041 2088 1072 liabeo

191 1089 354 1131 gratias,
386 1099 464 1119 cum
486 1087 523 1118 in
540 1088 722 1130 pariundo
744 1090 879 1133 aliquot
901 1088 1095 1133 adfuerunt
1117 1090 1256 1122 liberae.
1299 1087 1451 1130 Adelph.
1475 1091 1507 1127 I,
1540 1099 1576 1128 2,
1612 1089 1664 1121 45.
1688 1097 1738 1122 est
1760 1093 1815 1123 dis
1835 1093 1977 1134 gratia,
2009 1105 2088 1125 cum

194 1146 246 1172 est
268 1141 359 1172 uncte
381 1141 464 1172 haec
477 1138 587 1182 fiant.
630 1141 817 1172 Heautont.
840 1141 892 1181 II,
924 1151 959 1180 2,
993 1141 1044 1173 58.
1075 1142 1252 1185 ‘Alagnum
1274 1142 1336 1173 hoc
1359 1153 1491 1185 quoque
1513 1142 1705 1184 signumst,
1737 1144 1913 1176 dominam
1934 1157 2004 1177 esse
2028 1158 2087 1177 ex-

195 1196 254 1224 tra
275 1193 433 1231 noxiam,
459 1204 537 1224 cum
558 1192 632 1224 eius
655 1197 728 1224 tam
748 1193 986 1237 negleguntur
1009 1194 1230 1226 internuntii.
1253 1193 1335 1224 ibid.
1355 1194 1404 1233 II,
1429 1194 1459 1233 5,
1486 1204 1514 1225 2.
1537 1194 1695 1237 Aedepol
1716 1200 1765 1233 te,
1787 1208 1864 1227 mea
1885 1197 2087 1240 Antiphila,

195 1244 302 1277 laudo
325 1250 359 1277 et
371 1244 599 1288 fortunatam
619 1245 734 1277 iudico
741 1269 753 1284 ,
776 1246 815 1277 id
837 1258 914 1278 cum
935 1246 1116 1285 studuisti,
1140 1246 1202 1277 isti
1214 1245 1356 1289 formae
1379 1251 1419 1277 ut
1441 1258 1551 1278 mores
1575 1247 1768 1279 consimiles
1777 1246 1913 1290 forent.
1956 1249 2086 1292 Hecyr.

194 1297 264 1336 III,
299 1297 336 1337 8,
365 1297 417 1329 53.
451 1297 551 1329 IVam
579 1303 620 1330 ut
641 1297 697 1329 lzic
720 1297 859 1330 laturus
888 1299 951 1330 lzoc
973 1299 1039 1336 sit,
1074 1298 1106 1329 si
1128 1298 1242 1341 ipsam
1265 1311 1337 1331 rem
1358 1304 1399 1330 ut
1421 1300 1487 1331 siet
1509 1298 1708 1336 resciuerit,
1741 1311 1809 1331 non
1832 1301 1976 1344 aedepol
1997 1301 2087 1334 clam

195 1355 299 1389 mest,
322 1362 400 1382 cum
422 1350 502 1388 lzoc,
526 1350 619 1392 quod
639 1350 752 1383 leuius
776 1356 844 1390 est,
868 1357 940 1382 tam
961 1351 1077 1382 animo
1101 1351 1269 1383 iracundo
1296 1351 1389 1383 tulit.

283 1402 399 1446 Atqui
421 1403 505 1435 llaec
525 1408 608 1434 sunt
630 1404 783 1443 indicia,
820 1403 972 1442 iudices,
1003 1403 1116 1434 solida
1137 1408 1171 1434 et
1192 1415 1373 1447 expressa3
1408 1403 1491 1435 llaec
1512 1403 1617 1445 signa
1632 1403 1840 1446 probitatis,
1873 1418 1939 1437 non
1954 1405 2087 1449 fucata

187 1456 330 1506 forensi
355 1455 483 1499 specie,
507 1460 559 1488 set
580 1456 776 1488 domesticis
799 1457 918 1488 inusta
939 1455 1031 1486 notis
1054 1455 1229 1496 ueritatis)
1272 1456 1367 1487 Haec
1390 1462 1440 1487 est
1461 1455 1596 1496 uolgata
1619 1455 1719 1487 huius
1742 1456 1809 1487 loci
1831 1458 2016 1500 scriptura,
2048 1459 2087 1491 in

197 1518 264 1550 qua
285 1507 523 1550 permirumst,
559 1508 733 1539 neminem
762 1519 870 1551 paene
899 1506 1071 1538 editorum
1097 1507 1266 1540 offensum
1289 1519 1378 1547 esse,
1416 1507 1481 1539 nisi
1505 1507 1596 1549 quod
1621 1509 1826 1541 Garatonius
1849 1517 1883 1541 et
1906 1512 2085 1544 Schutzius

198 1570 273 1591 eam
293 1558 506 1603 probandam
529 1559 733 1601 scripturam
755 1565 935 1603 putarunt,
977 1571 1077 1601 quam
1101 1560 1245 1593 Ursinus
1268 1560 1305 1591 in
1326 1559 1557 1602 manuscripto
1577 1572 1637 1591 suo
1662 1566 1778 1591 extare
1802 1561 1890 1593 dixit
1911 1564 2087 1606 uolgatae-

198 1623 264 1654 que
286 1612 468 1655 praetulit:
503 1612 618 1655 Atqui
639 1614 722 1645 llaec
744 1618 826 1645 sunt
849 1612 982 1644 indicia
1004 1612 1135 1652 solida,
1167 1614 1317 1652 iudices,
1346 1614 1429 1645 llaec
1451 1623 1613 1654 expressa
1635 1613 1739 1655 signa
1762 1619 1840 1654 ete„
1872 1615 1960 1647 nihil
1984 1629 2086 1659 prae·

194 1670 289 1696 terea
316 1670 512 1703 monentes,
550 1675 610 1695 cur
632 1665 769 1707 uolgata
798 1665 1002 1708 displiceret.
1049 1663 1205 1696 Offendit
1235 1666 1336 1696 etiam
1362 1665 1475 1706 aliqua
1500 1663 1632 1694 ratione
1654 1665 1857 1706 Lambinus,
1893 1669 2084 1711 corrigens:

195 1717 311 1761 Atqui
340 1717 424 1750 llaec
451 1723 534 1750 sunt
566 1718 699 1750 indicia
727 1718 860 1757 solida,
894 1717 1049 1756 iudices,
1082 1723 1116 1749 et
1138 1730 1299 1761 expressa
1321 1717 1538 1755 uirtuti35
1570 1717 1654 1748 llaec
1682 1718 1786 1760 signa
1809 1725 1871 1750 etc.
1915 1727 1967 1751 set
1995 1722 2086 1753 nihil

195 1769 359 1809 mutauit,
396 1769 463 1801 nisi
494 1769 586 1811 quod
614 1771 762 1802 uirtutis
792 1781 836 1800 ex
860 1769 1053 1800 coniectura
1077 1769 1220 1801 addidit.
1264 1770 1320 1800 Ex
1343 1768 1512 1800 codicibus
1541 1780 1610 1799 nou
1638 1775 1750 1811 potest
1773 1771 1953 1813 quicquam
1975 1775 2085 1806 auxili

197 1821 286 1864 peti,
325 1821 384 1863 qui
413 1832 529 1852 omnes
558 1821 595 1852 in
625 1822 796 1864 uolgatam
826 1821 1030 1864 scripturam
1061 1822 1283 1853 consentiant.
1327 1821 1383 1853 Ab
1415 1821 1542 1853 Ursino
1574 1827 1687 1852 autem
1719 1833 2085 1865 quae-conmemorata

197 1874 412 1916 scriptumst,
436 1885 547 1916 neque
567 1880 660 1906 certo
682 1874 823 1913 scimus,
846 1885 929 1904 num
953 1884 996 1904 ex
1019 1873 1133 1904 codice
1154 1873 1260 1916 petita
1280 1873 1334 1912 sit,
1357 1884 1478 1915 neque,
1501 1874 1530 1905 si
1552 1874 1725 1914 sciremus,
1750 1875 1850 1917 digua
1872 1884 1973 1918 esset,
1998 1891 2084 1920 quae

196 1926 434 1968 respiceretur,
458 1938 536 1957 cum
556 1933 731 1969 praeterea
752 1926 840 1957 nihil
862 1937 1024 1967 umquam
1050 1925 1131 1956 boni
1157 1936 1200 1957 ex
1223 1925 1338 1956 codice
1358 1925 1420 1956 illo
1444 1926 1619 1969 prolatum
1640 1927 1693 1966 sit,
1717 1926 1863 1969 ideoque
1884 1931 1988 1962 solius
2011 1932 2083 1965 eius

198 1979 367 2010 dissensus
389 1978 477 2009 nihil
498 1984 582 2020 aput
600 1990 662 2010 nos
684 1978 846 2021 ponderis
868 1977 993 2010 habere
1017 1976 1146 2008 debeat.
1191 1978 1282 2010 Uide
1303 1978 1435 2020 Proleg.
1458 1990 1493 2021 p.
1516 1980 1615 2011 VII..
1659 1978 1814 2019 Accedit,
1842 1981 1932 2022 quod
1956 1994 1994 2014 ea
2014 1984 2084 2015 mi-

197 2041 302 2062 nume
326 2029 467 2062 offensio
490 2031 558 2062 loci
580 2031 730 2071 tollitur,
770 2041 855 2073 quae
884 2030 921 2061 in
944 2041 983 2061 eo
1014 2029 1243 2072 potissumum
1264 2030 1420 2073 positast,
1461 2030 1552 2072 quod
1575 2032 1707 2064 indicia
1731 2031 1890 2064 dicuntur
1913 2036 2027 2068 solida
2049 2043 2084 2069 et

197 2094 369 2126 expressa.
410 2083 600 2125 Utriusque
623 2083 714 2115 enim
735 2083 895 2114 adiectiui
918 2094 993 2114 eam
1013 2082 1104 2115 inter
1127 2082 1237 2113 omnis
1274 2089 1403 2114 constat
1424 2083 1704 2125 significationem
1727 2096 1814 2125 esse,
1846 2093 1884 2118 ut
1906 2086 1947 2118 de
1969 2089 2081 2129 rebus,

199 2146 286 2177 quae
309 2135 487 2174 dicuntur,
510 2135 674 2167 concretis
697 2142 917 2178 usurpentur.
962 2136 1053 2167 Nam
1076 2136 1228 2167 solidum
1246 2134 1282 2166 id
1307 2135 1372 2166 dici
1395 2141 1565 2175 notumst,
1590 2135 1682 2178 quod
1703 2135 1829 2179 frangi,
1854 2138 1979 2179 deleri,
2002 2141 2083 2172 uin-

199 2188 274 2219 ciue
297 2199 368 2219 nou
389 2193 512 2230 potest,
535 2187 681 2230 ideoque
699 2188 800 2220 rebus
814 2187 1014 2232 fragilibus
1039 2188 1236 2230 opponitur.
1259 2187 1392 2219 Pariter
1415 2200 1614 2231 expressum
1635 2188 1671 2219 id
1689 2189 1831 2231 proprie
1852 2201 1890 2221 ac
1904 2192 2082 2224 sollemni-

196 2245 254 2271 'ter
276 2238 344 2270 dici
369 2239 560 2279 consueuit,
598 2239 690 2281 quod
712 2241 754 2270 ad
775 2240 1038 2272 similitudinem
1062 2240 1203 2271 alicuius
1225 2241 1277 2271 rei
1298 2251 1508 2282 quacumque
1530 2241 1662 2272 ratione
1685 2240 1861 2281 factumst,
1900 2254 2082 2276 maxume—

200 2303 266 2334 que
287 2305 468 2336 expressae
490 2292 650 2324 dicuntur
671 2291 808 2334 figurae,
833 2303 918 2334 quae
933 2303 1019 2333 cera,
1041 2292 1170 2334 argilla,
1197 2304 1304 2336 gypso
1326 2292 1369 2323 ad
1390 2292 1652 2324 similitudinem
1673 2294 1817 2325 aliarum
1841 2293 1968 2327 effictae
1990 2303 2080 2328 sunt.

201 2345 273 2376 Iam
305 2346 369 2378 etsi
394 2346 549 2377 minume
576 2355 633 2376 me
661 2343 767 2386 fugit,
803 2351 989 2386 utrumque
1018 2344 1224 2375 adiectiuom
1250 2345 1481 2388 metaphorice
1507 2345 1609 2376 etiam
1639 2345 1680 2376 de
1701 2345 1802 2377 rebus
1825 2357 1895 2378 uon
1917 2349 2080 2380 concretis

200 2398 377 2441 usurpari,
405 2404 521 2430 tamen
542 2408 620 2429 cum
641 2408 704 2429 nec
725 2408 788 2440 per
810 2408 845 2429 se
866 2397 1043 2440 probabile
1064 2397 1109 2429 sit
1130 2408 1193 2429 nec
1214 2398 1286 2429 ullo
1309 2396 1503 2433 confirmari
1531 2398 1690 2441 exemplo
1711 2399 1836 2441 possit,
1863 2400 1962 2432 ambo
1985 2400 2081 2432 adie-
