2185 2720
150 171 205 198 152
802 163 1372 194 COMMENTARIUS.

150 240 202 272 illi
231 239 363 271 nummi
390 239 518 271 suerint
544 245 605 270 etc.
636 249 705 270 non
735 239 910 278 ostendat,
945 239 1096 271 minume
1118 251 1217 278 uero,
1259 238 1350 281 quod
1372 251 1442 270 non
1465 237 1562 270 facile
1584 245 1781 273 ostensurus
1803 241 1859 273 sit.
1904 240 2022 283 Itaque

150 304 264 324 sensus
287 293 342 324 hic
364 299 431 324 est:
463 293 591 324 crimen
613 292 691 323 illut
712 303 802 322 nunc
824 303 893 323 non
915 291 1147 334 adgnoscitur,
1179 292 1339 333 quoniam
1365 304 1434 323 non
1456 291 1619 331 ostendis,
1658 293 1715 334 qui
1737 300 1818 326 etc..
1862 294 2023 326 Ceterum

150 347 401 378 coniunctiuoin
423 346 463 376 ab
486 345 622 377 indocto
646 345 784 377 librario
808 345 883 383 illo,
916 344 974 386 qui
997 345 1144 376 codicem
1168 344 1316 387 scripsit,
1348 356 1392 376 ex
1416 357 1481 387 quo
1505 345 1584 376 libri
1607 344 1754 376 familiae
1779 346 1895 377 tertiae
1917 347 2023 389 origi-

148 410 228 430 nem
259 399 446 436 duxerunt,
484 405 627 442 propter
649 397 847 429 antecedens
863 396 1005 441 fuerint
1033 398 1181 441 positum
1203 403 1299 440 puto.
1344 398 1551 429 Simillumas
1575 397 1782 440 corruptelas
1805 397 1896 429 idem
1917 399 2024 430 libra-

147 451 219 483 rius
242 452 396 493 pluribus
421 452 650 483 Ciceronianis
673 451 786 482 uerbis
810 450 936 481 intulit.

232 505 392 536 Ecluctus
414 505 461 536 acl
483 506 649 545 consules)
696 505 749 536 De
780 503 845 534 hoc
873 503 977 534 uerbo
1001 502 1071 533 uid.
1097 503 1192 534 Clau.
1218 503 1364 534 Ernesti.
1409 504 1460 535 Ita
1487 504 1587 546 plane
1616 502 1651 534 in
1673 501 1780 534 ueteri
1810 502 1918 533 edicto
1941 508 2023 545 aput

150 557 239 589 Gell.
264 558 328 596 XI,
356 569 402 597 17.
427 558 466 588 Si
489 558 564 601 quis
587 569 704 589 eorum
725 557 772 588 acl
792 567 845 587 me
867 556 1008 588 eductus
1022 555 1152 600 ficet-it.
1174 556 1234 587 ubi
1256 556 1357 588 etiam
1378 568 1485 600 usque
1507 556 1549 587 ad
1572 555 1780 598 Stephanum
1804 555 1933 587 editum
1955 554 2022 587 fuit

147 620 327 652 perperam
350 611 531 642 adductus.
569 611 828 642 GARATONIUS.

233 662 302 694 Cur
323 675 389 694 non
414 664 486 695 eius
509 662 726 695 damnationi
747 661 885 704 aliquid
905 661 952 692 ad
971 661 1032 692 lzoc
1052 661 1220 693 iudicium
1236 661 1450 704 praeiudicii
1472 662 1693 706 comparasti)
1709 662 1838 706 ——¹)
1864 662 2023 694 Probat

148 714 289 758 ipsum
313 716 611 747 aduersarium
638 713 875 752 iudicasse,
912 713 1222 744 nihilomnino
1255 714 1516 756 suspicionis
1541 725 1647 753 esse,
1685 714 1794 756 quod
1825 715 1866 746 in
1895 715 2023 746 Plan-

149 768 257 798 cium
290 774 439 810 posset
470 766 643 799 oboriri
674 778 722 797 ex
753 777 932 808 persona
962 766 1067 805 eius,
1102 766 1175 808 qui
1199 766 1368 798 diuisor
1399 766 1535 798 fuisse
1566 767 1784 806 uideatur,
1817 768 2021 810 quoniam

150 820 331 852 eundem
361 832 496 862 neque
525 832 638 852 reum
670 819 844 858 fecerit,
886 830 1021 860 neque
1056 819 1186 850 ullam
1220 819 1292 850 uel
1322 826 1489 850 tenuem
1525 820 1831 861 probationem
1859 820 2021 852 habere

148 873 354 905 aduersus
385 885 478 904 eum
507 872 722 916 potuerit3
764 883 844 913 quo
879 871 1076 902 damnato
1109 871 1198 901 sine
1221 871 1348 902 dubio
1372 878 1688 914 consequenter
1715 872 1943 904 uideretur
1973 872 2020 903 de

148 925 323 957 Plancio
360 927 728 969 praeiudicatum.
766 925 928 956 SCHOLIA
957 924 1165 956 UAT1CANA.
1221 924 1335 955 Habet
1364 925 1442 957 Uat.
1471 925 1575 956 uerba
1606 925 1701 956 Tulli
1733 925 1780 957 sic
1809 931 1848 957 ut
1874 936 2021 969 praepo-

148 990 201 1025 sui
223 985 357 1021 scripta.

234 1031 292 1062 Set
314 1044 421 1075 neque
448 1038 485 1064 tu
507 1033 589 1064 Izaec
613 1032 731 1070 habes,
764 1043 870 1075 neque
893 1030 941 1062 eis
964 1027 1123 1071 confidis)
1167 1028 1306 1060 Habere
1326 1028 1399 1067 hic,
1439 1035 1478 1060 ut
1499 1029 1596 1067 alibi,
1635 1030 1815 1073 diligenter
1837 1030 2020 1072 cognitum,

148 1091 363 1126 perspectum
388 1085 531 1124 habere,
564 1096 661 1116 nosse
684 1083 855 1126 significat.
901 1082 972 1114 Cfr.
998 1082 1066 1113 Cic.
1090 1081 1125 1112 in
1150 1082 1191 1112 L.
1220 1082 1285 1112 Pis.
1315 1092 1342 1111 c.
1368 1092 1417 1112 22.
1450 1083 1479 1122 §.
1503 1083 1554 1114 53.
1586 1084 1703 1115 Habes
1726 1083 1875 1115 reditum
1896 1095 2021 1115 meum.

147 1136 198 1167 Id.
225 1138 267 1168 II.
291 1137 326 1168 in
350 1139 449 1170 Uerr.
474 1138 524 1175 V,
558 1149 612 1176 10,
644 1138 694 1168 25.
728 1136 875 1169 Habetis
898 1135 1046 1167 hominis
1070 1135 1232 1173 consilia,
1265 1134 1506 1177 diligentiam,
1539 1136 1782 1179 uigilantium,
1815 1135 2020 1174 custodiam,

149 1189 445 1234 defensionemque
472 1190 682 1234 prouinciae.
726 1188 776 1220 Id.
807 1199 870 1230 pro
900 1187 1019 1218 Flacco
1050 1198 1077 1217 c·
1102 1197 1152 1218 21·
1185 1187 1213 1227 §-
1237 1186 1289 1222 48.
1324 1187 1472 1219 Habetis
1500 1194 1533 1219 et
1557 1188 1766 1220 honestatem
1788 1187 1955 1226 hominis,
1985 1192 2020 1219 et

148 1244 389 1274 auctoritatem
420 1243 611 1281 testimoni,
653 1248 686 1274 et
716 1253 873 1274 caussam
903 1252 1034 1271 omnem
1062 1240 1262 1272 simultatis.
1315 1239 1364 1270 Id.
1393 1251 1456 1282 pro
1482 1241 1573 1282 Rege
1595 1241 1756 1272 Deiotaro
1788 1250 1815 1269 c.
1847 1250 1876 1281 7.
1906 1239 1936 1280 §.
1966 1248 2018 1270 21.

148 1294 267 1326 Habes
289 1296 436 1327 crimina
461 1296 680 1326 insidiarum.
724 1294 840 1334 Itaque
869 1304 984 1324 sensus
1013 1298 1081 1323 est:
1116 1293 1174 1323 Set
1202 1304 1312 1334 neque
1343 1298 1381 1323 tu
1410 1292 1589 1335 diligenter
1617 1293 1749 1335 cognita
1778 1291 1896 1331 habes,
1934 1301 2019 1333 quae

148 1347 284 1378 Plancio
317 1348 435 1386 obicis,
469 1348 624 1386 crimina,
659 1357 768 1388 neque
797 1345 844 1376 eis
874 1344 976 1376 fidem
1003 1344 1177 1376 habituros
1207 1345 1333 1377 iudices
1358 1357 1428 1377 esse
1454 1352 1703 1389 proptereaque
1730 1344 1906 1377 Plancium
1936 1354 2020 1375 con-

150 1399 392 1442 dempuaturos
415 1411 484 1430 esse
507 1411 630 1442 speras.

235 1453 398 1485 ,Nimium
425 1454 574 1484 retinens
600 1452 764 1495 equestris
792 1451 881 1483 iuris
911 1456 944 1482 et
966 1449 1151 1490 libertatis)
1195 1450 1249 1481 De
1276 1451 1442 1482 sententia
1470 1450 1605 1490 confer,
1642 1461 1726 1493 quae
1756 1449 1874 1481 Cicero
1906 1460 1934 1480 c.
1966 1447 2016 1480 15.

151 1505 181 1547 §.
205 1505 255 1537 55.
281 1505 378 1536 dixit.
423 1504 641 1546 Participium
665 1505 814 1535 retinens
837 1515 913 1534 cum
935 1503 1085 1545 genitiuo
1109 1502 1261 1534 iunctum
1284 1504 1384 1535 etiam
1409 1514 1428 1534 a
1451 1503 1520 1535 Cic.
1543 1504 1608 1546 Ep.
1637 1503 1678 1534 ad
1702 1503 1745 1545 Q.
1771 1503 1828 1534 Fr.
1852 1503 1886 1543 I,
1915 1512 1953 1543 2,
1984 1501 2016 1534 5.

149 1558 214 1590 Sui
237 1559 326 1589 iuris
349 1558 601 1600 dignitatisque
625 1557 784 1588 retinens.

233 1611 343 1643 Multi
374 1611 478 1642 etiam
507 1621 687 1641 connzunes
719 1608 853 1640 inimici
882 1619 1017 1640 reorum
1043 1608 1207 1650 omnium)
1251 1607 1438 1650 Significari
1465 1607 1518 1640 his
1547 1607 1660 1639 uerbis
1687 1607 1778 1651 ipsos
1805 1607 1883 1639 illos
1910 1606 2016 1648 testis,

150 1674 235 1705 quos
259 1663 450 1694 Laterensis
473 1661 699 1704 produxerat,
725 1672 767 1691 ex
790 1660 886 1691 initio
912 1661 941 1702 ς.
965 1661 1016 1692 56.
1040 1661 1258 1703 intellegitur.

231 1716 376 1749 Animos
399 1716 553 1747 iudicum
577 1715 662 1755 [suis
685 1714 917 1754 testimoniisD
950 1713 1065 1746 Uei-ba
1085 1714 1158 1746 suis
1181 1714 1383 1746 testimoniis
1405 1725 1465 1745 cur
1488 1713 1581 1745 uncis
1604 1712 1809 1753 incluserim,
1831 1712 1868 1744 in
1882 1712 2014 1756 Proleg.

147 1770 191 1802 L.
213 1770 256 1801 II.
284 1770 319 1801 C.
342 1770 367 1800 Ι.
393 1770 422 1810 §.
447 1768 476 1800 8.
500 1780 533 1810 p.
556 1767 729 1798 XXXVI.
753 1767 987 1809 expositumst.

233 1823 315 1854 Aut-
336 1827 480 1864 gratum
497 1820 627 1864 populo
648 1821 803 1851 Romano
834 1818 892 1861 sit)
937 1818 1042 1860 Quasi
1073 1818 1212 1861 gratiam
1237 1818 1356 1861 populi
1380 1819 1527 1850 Romani
1556 1819 1620 1851 sibi
1650 1818 1847 1858 concilient,
1886 1824 1926 1849 ut
1956 1817 2015 1860 qui

149 1886 266 1907 seuere
294 1875 331 1905 in
361 1886 416 1905 eos
447 1874 570 1911 omnis,
609 1872 645 1902 in
673 1883 756 1913 quos
778 1871 922 1901 ambitus
951 1872 1107 1903 conmissi
1135 1872 1280 1914 suspicio
1310 1871 1420 1910 cadat,
1459 1872 1797 1903 animaduertendum
1818 1870 2015 1913 significent,

150 1938 291 1969 eamque
321 1926 362 1957 ob
387 1937 533 1956 caussam
561 1936 632 1956 sese
661 1925 701 1955 ab
724 1923 915 1955 istiusmodi
943 1924 1084 1955 crimine
1104 1924 1309 1967 longissume
1330 1935 1464 1968 semper
1484 1924 1636 1957 afuturos
1659 1936 1729 1956 esse
1751 1930 1852 1966 atque
1876 1924 2014 1956 omnino

149 1980 396 2022 integerrumos
420 1985 452 2009 et
472 1990 541 2009 esse
564 1985 596 2009 et
620 1976 693 2008 fore
719 1975 905 2008 ostendant.

230 2039 306 2072 Aut
328 2037 369 2069 ab
386 2049 422 2068 eo
436 2035 587 2079 facilius
610 2035 648 2067 ob
671 2047 745 2067 eam
767 2045 923 2065 caussam
947 2034 1154 2078 dignitatem
1177 2047 1279 2078 quam
1300 2036 1422 2068 uolunt
1444 2034 1707 2078 consequantur)
1730 2034 1864 2066 Primus
1875 2033 2014 2068 Franci:

150 2096 214 2124 aut
236 2103 273 2122 eo
286 2089 438 2133 facilius
460 2089 498 2121 ob
521 2101 596 2120 eam
619 2100 775 2126 causan13
799 2098 867 2117 nou
892 2097 1033 2128 ψει-1105
1058 2094 1123 2126 est,
1147 2094 1209 2120 aut
1233 2093 1328 2120 tanto
1341 2087 1503 2130 facilius.
1527 2088 1732 2118 GRAEUIUS.
1777 2088 1874 2119 Hanc
1896 2087 2014 2119 lectio-

149 2154 228 2175 nem
259 2142 379 2185 probat
410 2142 584 2173 Ernestus.
630 2141 736 2171 Plaut.
760 2139 862 2170 Poen.
894 2140 964 2178 IV,
998 2151 1034 2178 2,
1069 2141 1119 2172 60.
1154 2146 1228 2172 tum
1248 2147 1363 2172 autem
1386 2141 1583 2183 siquidm
1609 2141 1776 2179 adiuuas,
1813 2153 1850 2173 eo
1862 2139 2013 2184 facilius

146 2196 278 2239 poterit
299 2193 432 2238 facere.
487 2193 575 2226 Mihi
600 2193 737 2224 uidetur
766 2192 807 2224 ab
830 2204 867 2224 eo
898 2192 1145 2234 repudiandum
1172 2200 1313 2236 propter
1342 2204 1459 2224 uocem
1502 2205 1586 2235 quae
1615 2193 1766 2235 sequitur
1795 2194 2013 2236 dignitatem,

153 2259 218 2289 qua
241 2259 308 2279 non
331 2248 473 2279 honores
496 2246 615 2289 populi
639 2245 784 2276 Romani
807 2244 986 2286 significari
1011 2245 1174 2282 arbitror,
1198 2252 1248 2277 set
1270 2246 1380 2284 illam,
1408 2257 1492 2287 quae
1515 2246 1657 2278 honores
1681 2245 1817 2287 quidem
1838 2244 1913 2275 illos
1934 2249 2012 2285 pot-

152 2305 202 2330 est
223 2298 372 2339 adferre,
395 2305 445 2331 set
467 2309 551 2341 quae
569 2296 663 2329 factis
686 2297 895 2340 adquiritur,
918 2309 1026 2340 neque
1048 2297 1225 2342 praemiis,
1246 2308 1368 2329 uerum
1389 2310 1424 2330 se
1445 2298 1518 2342 ipsa
1539 2299 1675 2339 nititur,
1698 2296 1928 2329 auctoritatem
1949 2296 2013 2329 ho-

227 2454 255 2493 1)
292 2453 471 2483 Uersiculus
491 2465 560 2484 cum
581 2455 707 2485 dimidio
725 2466 851 2486 uacuus.
887 2456 926 2485 A.
947 2457 1065 2486 Mnus.
