2185 2720
158 176 213 204 230
800 162 1373 197 COMMENTARIUS.

158 242 337 287 interpreti
358 241 428 282 1111,
452 240 510 284 qui
531 239 654 272 multas
677 238 756 271 huic
778 238 923 271 orationi
944 238 1183 281 explicationes
1205 237 1384 280 adscripsit
1404 237 1483 270 satis
1504 238 1655 282 ineptas,
1678 241 1805 274 deberi.
1847 243 2022 285 Frequens

161 303 274 329 autem
295 294 455 337 loquendi
476 305 580 336 genus
604 298 671 332 est,
696 292 794 332 talis,
816 292 943 336 qualis,
964 292 995 324 is
1014 292 1052 324 in
1071 292 1221 334 aliquem
1235 289 1326 334 fait.
1372 290 1444 322 Cfr.
1467 291 1510 322 II.
1532 291 1569 323 in
1592 294 1694 326 Uerr.
1713 295 1757 334 II,
1779 295 1830 335 68,
1852 294 1922 327 164.
1943 294 2023 327 Hoc

159 351 265 382 etiam
287 348 425 380 addidit
446 365 506 386 —-,
542 352 582 379 ut
604 358 666 378 uos·
688 357 865 388 rogarem,
897 349 938 376 ut
959 345 1189 377 coniecturam
1202 342 1392 387 faceretis,
1426 345 1563 387 qualem
1585 347 1622 378 in
1647 347 1702 379 his
1724 348 1824 380 rebus
1845 347 1884 379 in
1903 359 1958 380 me
1976 348 2023 380 L.

160 402 339 435 ,Metellum
360 400 478 444 fuisse
501 400 688 443 putaretis.
722 410 784 441 pro
807 397 922 430 Deiot.
949 397 987 429 C.
1010 398 1091 430 VII.
1121 397 1151 437 ξ.
1181 408 1228 438 19.
1264 396 1342 436 Quo
1370 397 1407 428 in
1429 396 1502 429 loco
1523 399 1732 432 Deiotarum
1759 400 1864 432 talem
1883 411 1970 444 erga
1990 405 2024 433 te

160 454 372 497 cogaouisti,
412 452 525 496 qualis
556 464 616 484 rex
636 452 781 484 Attalus
814 451 851 482 in
879 451 923 483 P.
945 449 1158 494 Africanam
1176 448 1268 493 fuit.
1310 449 1354 480 II.
1383 449 1419 480 in
1442 450 1542 482 Uerr.
1563 451 1597 490 I,
1624 454 1678 492 15,
1704 454 1757 485 41,
1787 454 1913 496 Itaque
1934 452 2025 484 idem

161 508 225 539 iste
245 525 287 529 —
309 506 400 537 idem
422 506 458 536 in
481 504 540 537 Cn.
562 503 803 542 Dolabellam,
839 504 900 547 qui
922 503 959 535 in
981 503 1040 535 Cn.
1061 502 1247 534 Carbonem
1265 501 1358 546 fuit.
1399 502 1498 534 XIII.
1521 503 1609 536 Phil.
1633 505 1670 546 8,
1697 518 1746 549 17.
1779 506 1926 548 Qualem
1947 515 2025 536 eum

161 561 197 592 ιἰι
220 572 280 591 nos
303 570 373 591 esse
395 557 529 596 uoluit,
560 557 642 588 talis
665 557 737 600 ipse
759 557 797 588 in
819 561 945 587 ceteros
967 555 1093 588 extitit.

245 622 288 654 In
311 621 463 653 aliorum
483 621 647 663 uigiliam
668 619 856 659 consulum)
900 618 955 650 Sic
977 616 1107 660 optumi
1129 616 1349 659 plurumique
1371 616 1501 663 codices
1526 618 1668 658 habent3
1691 620 1790 662 pauci
1811 631 1874 651 nec
1896 619 1922 651 ii
1944 618 2026 651 boni

160 686 222 717 pro
245 675 410 717 uigiliam
431 673 581 704 scribunt
603 674 774 717 iugulum.
818 669 1113 712 „Praeferendum
1133 681 1203 701 esse
1228 670 1408 714 iugulum,
1448 681 1548 702 nemo
1580 671 1639 713 qui
1669 671 1858 704 adtenderit
1878 672 2024 715 negabit.

162 726 340 768 Quomodo
362 726 428 756 tela
449 725 604 756 recidunt
625 726 660 756 in
679 725 854 767 uigiliam?
897 724 938 754 In
959 723 1114 765 iugulum
1136 722 1195 754 illa
1216 723 1380 754 recidunt.
1423 722 1542 764 Itaque
1564 735 1640 756 cum
1654 725 1820 764 Manufio,
1843 724 2024 764 Lambino,

161 780 302 821 aliisque
333 779 496 822 iugulum
524 778 661 809 retinui.
671 780 691 796 “
727 778 933 809 GRAErlrs.
976 776 1062 806 Sane
1083 776 1250 818 uigiliam
1271 786 1341 806 non
1363 774 1450 817 sapit
1472 776 1690 817 glossatorem
1712 783 1769 808 aut
1791 783 2024 809 correctorem.

161 832 333 864 Sententia
355 838 445 864 erat:
470 832 538 863 tela
561 832 598 863 in
620 831 708 862 alios
730 829 884 862 consules
907 829 1147 867 reccidissent3
1170 828 1288 859 addere
1311 827 1501 859 consulibus
1523 828 1651 871 aliquid
1674 829 1820 860 uolebat.
1865 830 1952 861 Sane
1973 828 2026 860 fa-

162 885 337 915 cillumum
361 890 448 923 erat,
475 884 648 926 iugulum,
673 883 837 921 ceruices,
868 881 976 924 capita
999 880 1120 911 dicere.
1166 881 1223 911 Set
1245 881 1272 911 si
1294 881 1406 912 minus
1429 882 1566 913 uolebat
1589 882 1715 913 dicere:
1745 893 1869 924 nempe
1889 882 2026 924 pericu-

161 937 234 968 lum
257 936 395 977 eiusque
416 931 585 968 auertendi
616 947 729 967 curam
750 935 787 966 in
813 945 866 966 eos
889 945 1028 964 uersum
1049 933 1111 973 iri,
1146 934 1316 974 eleganter
1335 944 1414 964 sane
1436 934 1563 966 dicebat
1588 936 1625 967 in
1648 935 1826 966 consulum
1847 935 2026 978 uigiliam.

162 990 295 1021 Interea
318 988 504 1020 faciliorem
526 989 704 1020 lectionem
726 994 857 1019 secutus
881 999 966 1019 sum.
992 987 1217 1017 ERNESTH‘S.
1269 987 1440 1029 Uigiliam
1461 999 1530 1018 11011
1552 987 1761 1030 dampnasset
1785 987 1969 1027 Graeuius,
1998 987 2027 1019 si

164 1052 236 1072 rem
270 1040 506 1073 considerasset
535 1041 709 1072 adtentius.
754 1041 834 1073 Non
860 1038 900 1070 de
927 1040 1122 1071 hominibus
1153 1039 1209 1070 hic
1231 1050 1341 1071 sermo
1369 1040 1479 1070 solum
1503 1046 1569 1079 est,
1600 1051 1721 1070 uerum
1752 1040 1853 1071 etiam
1875 1039 1916 1072 de
1937 1046 2027 1072 tem-

164 1104 264 1137 pore3
301 1099 350 1124 est
371 1100 481 1125 autem
504 1095 634 1137 uigilia
655 1100 725 1124 tum
750 1092 928 1125 hominum
950 1092 1105 1136 propria,
1136 1098 1207 1123 tum
1230 1091 1402 1133 temporis.
1446 1092 1532 1123 Tela
1555 1103 1624 1123 non
1646 1092 1682 1123 in
1704 1092 1787 1124 alios
1809 1099 1940 1124 tantum
1961 1093 2028 1124 ho-

163 1147 271 1178 mines
292 1146 519 1186 reccidissent,
559 1152 609 1177 set
631 1147 709 1188 quia
734 1152 937 1188 exprompta
966 1152 998 1177 et
1022 1145 1140 1176 emissa
1161 1143 1304 1175 fuissent
1326 1144 1392 1175 alio
1414 1150 1583 1187 tempore,
1618 1143 1742 1175 idcirco
1766 1144 1848 1176 alios
1870 1145 2026 1178 homines

164 1199 393 1230 offendissent.
440 1200 509 1231 Cur
530 1200 641 1242 itaque
660 1205 788 1230 mutata
810 1199 986 1230 consulum
1011 1198 1128 1240 uigilia
1151 1203 1180 1228 et
1203 1209 1222 1228 a
1245 1197 1408 1228 Cicerone
1430 1197 1502 1228 aliis
1528 1196 1668 1236 tradita,
1701 1196 1759 1238 qui
1782 1196 1813 1228 ei
1835 1203 1930 1229 erant
1950 1209 2028 1229 suo—

165 1252 298 1290 cessuri,
323 1264 392 1283 non
414 1258 504 1283 recte
527 1253 778 1283 coniuratorum
798 1251 865 1282 tela
890 1251 1043 1282 dicentur
1064 1256 1203 1293 propter
1226 1249 1422 1281 dilationem
1445 1250 1607 1292 temporis
1631 1249 1667 1280 in
1690 1249 1842 1281 aliorum
1862 1250 2028 1293 uigiliam

165 1305 344 1337 consulum
367 1307 546 1337 recasura?
593 1305 678 1346 Quis
709 1315 778 1335 non
800 1305 910 1336 statim
935 1304 1123 1346 intellegat,
1159 1303 1305 1334 telorum
1333 1302 1436 1334 iactus
1463 1309 1496 1333 et
1518 1302 1650 1333 caedem
1675 1301 1710 1332 in
1733 1301 1766 1332 id
1788 1307 1919 1345 tempus
1941 1303 2028 1335 inci-

163 1358 240 1388 dere
267 1357 437 1397 debuisse,
483 1369 548 1400 qno
579 1358 711 1389 Silanus
735 1364 766 1388 et
788 1357 931 1388 Murena
960 1369 1041 1389 coss.
1065 1368 1137 1388 rem
1159 1368 1193 1399 p.
1218 1361 1312 1387 erant
1336 1354 1552 1398 gubernaturi
1580 1360 1612 1385 et
1635 1354 1671 1385 in
1695 1354 1788 1386 urbis
1810 1354 1927 1397 uigilia
1949 1362 2028 1399 post

164 1410 361 1442 Ciceronem
389 1410 520 1443 futuri?
564 1411 618 1442 De
646 1411 705 1441 illa
734 1409 962 1441 coniuratione
991 1412 1129 1453 exponit
1153 1420 1215 1452 pro
1238 1409 1330 1440 Mur.
1362 1419 1388 1439 c.
1413 1409 1482 1450 59.,
1525 1407 1566 1437 de
1587 1406 1668 1449 ipsis
1691 1406 1872 1438 coniuratis
1902 1407 2027 1440 ibidem

163 1474 190 1493 c.
213 1463 263 1494 5..
309 1464 403 1505 Quin
432 1464 536 1495 immo
569 1463 769 1505 exquisiticir
793 1473 868 1493 mea
889 1463 1049 1494 sententia
1073 1470 1103 1494 et
1125 1463 1167 1494 ad
1193 1461 1350 1492 orationis
1374 1466 1529 1492 ornatum
1550 1459 1727 1490 inlustrior
1750 1465 1799 1491 est
1822 1460 1882 1491 illa
1903 1461 2027 1503 pluru-

162 1527 299 1546 morum
328 1516 418 1547 codd.
449 1517 560 1548 lectio.
605 1517 681 1548 Hoc
706 1527 725 1546 a
746 1528 784 1547 re
805 1515 943 1546 militari
971 1516 1140 1547 transtulit
1170 1515 1210 1546 ad
1240 1527 1275 1546 se
1299 1515 1443 1546 uerbum
1471 1523 1569 1555 saepe
1593 1512 1728 1545 Tullius
1756 1519 1789 1545 et
1815 1512 1859 1544 ad
1888 1519 2026 1553 ceteros,

165 1569 223 1610 qui
251 1580 402 1600 summae
430 1570 479 1601 rei
507 1581 541 1612 p.
572 1575 764 1612 praeerant,
800 1579 941 1610 eamque
975 1569 1115 1599 consilio
1144 1568 1315 1610 regebant.
1361 1567 1432 1599 Csr.
1460 1567 1524 1598 XI.
1555 1565 1597 1597 ad
1618 1565 1700 1597 Diu.
1732 1565 1803 1606 24.,
1836 1566 1863 1597 I.
1886 1565 1976 1600 Phil.
1999 1578 2027 1599 1.

165 1622 256 1661 VII,
284 1634 312 1653 ⁶.
335 1622 420 1661 VII,
448 1634 514 1661 10-,
537 1622 573 1653 in
596 1622 662 1653 Pis.
685 1633 713 1652 c.
739 1633 787 1663 7..
833 1621 1092 1653 GARATONIUS.

283 1651 292 1663 l

248 1685 278 1726 ἕ.
303 1690 355 1721 91.
400 1685 499 1718 Nam
529 1686 620 1729 quod
650 1691 682 1717 te
705 1685 741 1716 in
764 1697 801 1717 re
816 1698 855 1729 p.
879 1685 1024 1718 liberum
1048 1698 1082 1717 es
1102 1682 1292 1728 gloriatus)
1335 1682 1423 1715 Uide
1453 1692 1537 1723 quae
1566 1680 1606 1712 de
1634 1680 1735 1712 huius
1765 1681 1832 1712 loci
1862 1682 2028 1725 scriptura

164 1737 295 1780 Proleg.
317 1738 360 1769 L.
383 1739 427 1769 Π.
454 1738 492 1771 C.
513 1739 539 1769 Ι.
568 1739 597 1780 ξ.
625 1748 672 1770 12.
694 1749 729 1780 p.
752 1737 907 1770 XLVIII
927 1750 975 1780 sq.
998 1738 1128 1770 monui.

251 1801 355 1842 Quod
375 1814 427 1834 me
449 1808 565 1834 autem
587 1801 737 1845 negasti)
780 1803 857 1833 Iure
879 1801 1071 1833 Laterensis
1097 1798 1252 1833 Ciceroni
1279 1796 1515 1840 exprobrauit,
1557 1796 1647 1838 quod
1667 1808 1737 1827 11011
1763 1796 1908 1839 amplius
1933 1797 1971 1829 in
1989 1809 2028 1829 re

166 1854 301 1896 publica
329 1848 415 1887 liber
445 1862 538 1887 esset.
583 1855 659 1896 lpse
683 1854 801 1886 Cicero
832 1854 987 1886 amissam
1017 1854 1208 1884 libertatem
1234 1850 1452 1893 conqueritur
1476 1849 1511 1880 iu
1533 1850 1622 1892 Epp.
1645 1849 1688 1880 ad
1712 1850 1755 1891 Q.
1779 1849 1822 1880 fr.
1844 1850 1911 1889 III,
1938 1861 1975 1890 1,
1997 1861 2029 1893 7.

167 1908 235 1946 III,
258 1907 294 1946 5,
319 1907 366 1946 5.,
392 1907 451 1938 ubi
473 1907 560 1938 iuter
581 1907 643 1938 alia
668 1907 749 1938 haec
771 1907 899 1939 scribit:
930 1919 1042 1950 angor
1063 1924 1104 1930 —
1126 1918 1238 1938 meum
1262 1917 1330 1936 non
1352 1904 1449 1935 modo
1472 1903 1645 1942 animum,
1677 1908 1728 1934 set
1749 1915 1790 1934 ne
1813 1903 1930 1934 odium
1952 1903 2032 1947 qai-

169 1961 245 1992 dem
268 1973 337 1992 esse
359 1960 514 1992 liberum.
560 1960 655 2001 Quae
682 1960 800 1992 eodem
821 1966 900 1991 sunt
923 1971 1010 1990 auno
1034 1959 1164 2002 scripta,
1194 1970 1259 1998 quo
1283 1957 1364 1987 haec
1385 1956 1529 1987 habitast
1552 1958 1669 1987 oratio.
1716 1955 1786 1986 Cfr.
1811 1955 1912 1986 etiam
1933 1955 2030 1987 Blar-

168 2013 412 2055 tyni—Laguua
442 2013 477 2044 in
496 2024 624 2055 argum.
651 2013 689 2043 ad
711 2014 738 2044 I.
761 2013 802 2044 ad
825 2013 905 2045 Diu.
932 2024 998 2044 10..
1022 2031 1064 2036 —
1109 2013 1267 2043 Ceterum
1299 2021 1337 2040 eo
1368 2010 1507 2040 consilio
1529 2007 1722 2041 Laterensis
1747 2008 1903 2039 amissam
1924 2007 2031 2039 liber-

168 2071 271 2096 tatem
297 2065 452 2096 Ciceroni
474 2064 710 2108 exprobrauit,
744 2073 780 2097 ut
802 2065 976 2108 indignum
999 2077 1076 2096 enm
1101 2064 1304 2107 ostenderet,
1331 2063 1385 2093 cui
1407 2063 1530 2093 iudices
1552 2061 1725 2093 Plancium
1747 2065 1889 2104 propter
1909 2058 2032 2090 merita

170 2117 204 2148 iu
226 2118 330 2160 ipsius
357 2118 497 2149 salutem
520 2118 765 2158 condonarent,
802 2131 878 2150 cum
903 2119 1056 2149 libertate
1077 2116 1205 2159 perdita
1232 2116 1281 2147 rei
1303 2115 1456 2158 publicae
1484 2115 1628 2157 amplius
1652 2114 1746 2146 utilis
1769 2124 1839 2145 esse
1861 2122 1930 2144 non
1949 2122 2031 2155 pos-

168 2177 231 2211 set,
254 2170 396 2214 ideoque
416 2169 577 2202 beneficio
600 2171 640 2203 ab
663 2171 826 2204 iudicibus
849 2171 961 2203 ornari
983 2182 1052 2202 uon
1074 2175 1269 2201 mereretur.

887 2270 917 2303 C
943 2267 975 2303 A
998 2269 1046 2303 P.
1096 2266 1309 2302 XXXVIII.

253 2351 356 2391 Quod
378 2362 445 2382 non
467 2350 510 2382 ab
532 2352 689 2384 omnibus
711 2353 857 2392 eisdem,
892 2365 915 2384 a
937 2350 1060 2395 quibus
1081 2355 1184 2382 antea
1208 2349 1331 2380 solitus
1353 2359 1431 2379 sum
1452 2347 1653 2386 dissentire,
1685 2341 1900 2384 dissentiam)
1942 2340 2030 2372 Cae-

168 2413 277 2433 sarem
297 2414 456 2434 maxume
485 2410 519 2435 et
543 2404 745 2447 Pompeium
767 2403 964 2446 significari,
1005 2408 1125 2445 sponte
1155 2401 1371 2443 intellegitur.
1418 2400 1579 2431 Ceterum
1607 2398 1727 2430 callide
1750 2396 1867 2427 Cicero
1898 2393 2029 2424 dissen-

166 2454 297 2486 sionem
319 2460 448 2488 tantum
469 2456 558 2488 inter
578 2468 614 2489 se
637 2463 670 2488 et
691 2457 767 2488 illos
789 2456 890 2488 fuisse
913 2455 1015 2496 dixit,
1052 2467 1129 2486 cum
1150 2465 1272 2486 uerum
1293 2453 1323 2485 si
1346 2453 1457 2484 dicere
1479 2452 1657 2489 uoluisset,
1689 2457 1884 2480 maxumam
1905 2444 2029 2479 simul-
