2185 2720
699 714 1419 768 PRAEFATIO.

132 914 460 982 Quemadmodum
494 929 630 964 multae
662 926 714 963 M.
742 928 843 963 Tulli
876 928 1060 963 orationes
1092 940 1160 974 per
1195 929 1299 974 Casp.
1328 927 1569 963 Garatonium
1602 939 1622 962 a
1647 929 1808 972 mendis,
1861 929 1993 975 quibus

130 1008 363 1042 librariorum
395 1007 623 1053 neglegentia
656 1007 805 1041 uitiatae
840 1012 964 1051 erant,
1005 1011 1155 1052 optume
1180 1012 1353 1052 purgatae
1379 1012 1464 1041 sunt
1490 1012 1526 1041 et
1550 1006 1596 1040 ad
1620 1005 1811 1051 pristinam
1836 1006 1993 1043 formam

128 1083 280 1128 propius
313 1081 503 1124 adductae,
543 1081 593 1115 ita
626 1080 715 1114 haec
747 1080 875 1124 etiam,
920 1092 1011 1126 quae
1044 1092 1112 1126 pro
1139 1080 1205 1114 Cn.
1231 1080 1379 1114 Plancio
1413 1080 1586 1123 habitast,
1625 1079 1803 1125 plurumis
1841 1081 1879 1114 in
1905 1081 1993 1117 locis

127 1156 270 1201 egregie
304 1155 536 1189 emendatast.
602 1153 713 1198 Quod
746 1166 964 1200 quamquam
994 1154 1162 1188 Bauarici
1196 1154 1440 1200 potissumum
1475 1153 1609 1187 codicis
1643 1165 1712 1199 ope
1742 1154 1878 1190 factum
1914 1168 1993 1190 esse

126 1234 284 1272 constat,
329 1234 450 1263 tamen
482 1229 561 1273 ipse
595 1229 704 1262 etiam
736 1227 959 1262 Garatonius
993 1233 1030 1263 et
1063 1227 1189 1273 ingeni
1225 1228 1282 1261 sui
1315 1227 1506 1273 sagacitate
1539 1232 1575 1262 et
1608 1227 1795 1262 doctrinae
1827 1228 1993 1263 ubertate

124 1302 321 1337 multorum
354 1303 520 1336 locorum
551 1313 649 1336 nunc
682 1302 772 1335 uitia
806 1302 969 1336 correxit
1000 1301 1186 1347 praeclare
1212 1313 1311 1335 nunc
1339 1301 1558 1335 sententiam
1585 1301 1833 1336 obscuriorem
1862 1303 1990 1348 expla-

124 1377 226 1410 nauit
258 1376 412 1421 egregie.
462 1359 552 1409 Eius
585 1370 705 1410 autem
740 1375 852 1410 editio
883 1375 1123 1420 Neapolitana
1155 1381 1191 1409 et
1217 1375 1337 1409 Curae
1371 1375 1551 1409 secundae
1583 1387 1693 1421 quom
1726 1376 1763 1408 in
1792 1376 1992 1410 Germania

124 1451 341 1483 rarissumae
367 1455 505 1493 essent,
540 1462 706 1496 magnam
733 1454 820 1494 aput
844 1448 1049 1494 philologos
1077 1448 1282 1482 Germanos
1309 1449 1460 1494 gratiam
1488 1449 1571 1482 iniit
1596 1449 1647 1482 Io.
1678 1449 1783 1494 Casp.
1814 1449 1988 1494 Orellius‚

127 1523 190 1568 qui
223 1533 316 1555 anno
351 1522 460 1556 huius
494 1523 626 1556 saeculi
660 1523 872 1556 uicensumo
900 1527 1003 1556 sexto
1031 1522 1124 1556 hanc
1151 1523 1355 1556 orationem
1382 1534 1462 1555 cum
1488 1522 1630 1568 integro
1663 1522 1736 1556 uiri
1761 1522 1857 1557 illius
1885 1536 1990 1557 com-

124 1597 304 1632 mentario
332 1596 451 1630 denuo
478 1597 728 1630 excudendam
755 1597 948 1630 curauerit.
998 1595 1128 1641 Neque
1160 1601 1282 1630 tamen
1310 1597 1341 1630 is
1368 1596 1454 1630 satis
1480 1596 1625 1640 habuit,
1667 1595 1784 1630 solum
1811 1595 1990 1631 Garatoni

126 1670 427 1704 commentarium
452 1670 586 1704 iterum
613 1670 799 1716 euolgare,
832 1675 888 1704 set
914 1681 1007 1716 quae
1033 1675 1088 1704 est
1114 1671 1192 1704 eius
1220 1670 1407 1704 doctrinae
1435 1670 1555 1716 copia,
1590 1669 1635 1704 de
1661 1682 1727 1704 suo
1748 1669 1855 1705 etiam
1880 1670 1988 1703 addi-

125 1744 178 1779 dit
202 1743 394 1778 nonnullas
420 1743 689 1789 adnotationes,
730 1744 928 1791 selegitque
962 1755 1008 1778 ex
1034 1743 1248 1778 scholiastae
1273 1743 1505 1778 Ambrosiani
1535 1743 1834 1790 reliquorumque
1866 1744 1986 1777 inter-

123 1823 267 1864 pretum
293 1817 538 1852 recentiorum
564 1819 849 1863 commentariis,
885 1830 978 1865 quae
1003 1817 1048 1852 ad
1073 1817 1354 1864 intellegendam
1379 1818 1474 1853 hanc
1501 1819 1703 1854 orationem
1729 1817 1866 1864 aliquid
1893 1828 1985 1851 con-

123 1890 221 1926 ferre
245 1890 470 1925 uiderentur.

222 1963 468 1999 Nihilominus
496 1976 574 1999 eam
599 1966 721 2000 multis
746 1966 971 2013 inquinatam
997 1966 1214 2012 corruptelis
1239 1967 1489 2014 plurumisque
1514 1968 1553 2001 in
1577 1967 1665 2002 locis
1692 1976 1774 2000 nona
1789 1971 1888 2000 recte
1914 1977 1983 2000 ex-

121 2038 302 2085 planatam
335 2049 444 2082 quom
476 2039 667 2081 uidissem,
710 2051 785 2074 non
817 2041 926 2075 modo
953 2041 1051 2087 quod
1076 2040 1148 2074 iam
1175 2047 1315 2087 septem
1349 2042 1480 2076 abhinc
1504 2041 1609 2076 annis
1633 2040 1877 2075 recensendae
1904 2040 1982 2074 eius

124 2110 315 2146 consilium
343 2123 507 2157 ceperam
532 2125 607 2147 non
633 2115 762 2159 abieci,
805 2121 860 2150 set
883 2114 1106 2149 indefessum
1139 2115 1261 2161 potius
1288 2117 1447 2150 studium
1472 2116 1559 2150 inde
1591 2115 1634 2148 ab
1659 2114 1721 2148 illo
1747 2119 1913 2159 tempore
1939 2113 1979 2147 in

125 2184 349 2220 emendanda
381 2197 422 2219 ea
456 2191 493 2220 et
523 2187 732 2232 explicanda
769 2188 988 2234 consumpsi.
1040 2187 1093 2222 Ac
1133 2190 1292 2234 primum
1334 2190 1479 2236 quidem
1519 2189 1732 2223 uarietatem
1769 2186 1979 2230 lectionum,

124 2270 215 2305 quae
240 2270 262 2293 a
284 2259 468 2304 prioribus
496 2259 692 2295 editoribus
726 2273 771 2296 ex
798 2262 980 2297 codicibus
1008 2268 1175 2298 enotatae
1211 2269 1333 2307 erant,
1371 2263 1590 2297 Lambinum
1623 2261 1723 2305 dico,
1765 2260 1978 2305 Gruterum,
