2185 2720
165 133 308 162 LXVIII
843 129 1373 159 PROLEGOMENA.

167 217 271 237 omncs
292 205 491 242 intellegunt,
520 207 668 231 statutum
689 207 721 232 et
746 202 893 232 usitatum
919 213 958 232 ex
978 203 1086 232 Tullio
1108 213 1230 241 quoque
1249 203 1317 242 ipso
1337 203 1375 232 ad
1395 203 1434 240 Q.
1454 204 1494 233 II.
1515 214 1563 244 ep.
1582 214 1610 243 9.
1634 207 1846 244 cognoscitur,
1875 207 1929 236 ubi
1956 207 2035 245 legi-

166 262 250 285 ttuna
269 255 451 281 Senatorum
477 250 645 288 postulatio
666 251 819 286 refertur,
842 256 1002 287 praetores
1022 252 1070 279 ita
1090 256 1286 284 crearentur,
1321 257 1356 279 ut
1377 252 1441 279 ‹lies
1460 253 1532 281 LX.
1547 254 1673 290 priuati
1692 261 1799 283 essent.
1837 254 1963 284 Plancio
1985 264 2037 282 ea·-

167 302 236 330 dcm
256 298 419 329 interualla
438 297 582 332 suerunt,
603 307 679 334 quae
700 303 764 326 tum
785 296 853 325 aliis
875 301 940 325 tum
961 297 993 324 P.
1014 296 1135 325 Clodio.
1174 296 1253 325 Nam
1273 296 1325 325 hic
1344 297 1488 327 tribunus
1508 299 1549 338 pl.
1569 299 1630 328 fuit
1649 309 1728 328 anno
1748 301 1829 338 696„
1849 301 2038 330 aedilitatem

167 352 314 386 sequente
333 345 448 384 petiuit
469 344 548 382 697„
576 344 714 372 obtinuit
741 344 804 382 698.
844 343 989 372 Plancius
1010 343 1200 372 tribunatum
1220 344 1314 381 gessit
1333 354 1415 373 anno
1436 345 1516 383 698.,
1537 345 1649 374 deinde
1669 346 1733 384 699.
1756 347 1931 376 candidatus
1951 348 2038 376 aedi-

169 395 258 423 licius
277 393 353 428 fuit,
381 392 489 420 aedilis
509 391 642 428 denique
662 392 758 419 factus
779 399 860 428 700.;
880 390 918 420 de
937 391 1054 420 ambitu
1072 395 1143 431 post
1165 390 1327 420 Uatinium
1347 391 1452 420 eadem
1471 391 1539 430 lege
1558 392 1685 422 Licinia
1705 403 1838 422 caussam
1858 395 1938 424 dixit
1956 401 2037 432 ante,

169 452 259 480 quam
279 450 348 469 clun
367 439 577 477 magistratum
596 437 721 466 ini1·et.‘⁴

1067 510 1093 551 §.
1114 517 1140 543 2.

246 574 361 602 Omnes
388 571 505 605 sciunt,
536 570 592 598 Cn.
612 569 772 599 Plancium
800 580 879 599 anno
899 569 939 599 U.
961 570 995 600 C.
1015 570 1079 610 698.
1100 571 1156 600 Cn.
1178 570 1325 600 Cornelio
1345 570 1482 600 Lentulo
1502 572 1687 602 Marcellino
1714 578 1746 603 et
1765 574 1803 603 L.
1823 573 1943 603 Marcio
1962 573 2040 603 Phi-

170 623 258 661 lippo
280 630 356 649 coss.
376 619 565 648 tribunatum
585 617 686 656 plebis
707 617 844 655 gessisse.

245 668 372 696 Diserte
398 664 430 692 id
451 664 561 692 Cicero
589 663 756 692 memoriae
785 663 929 701 tradidit,
962 664 1016 702 qui
1042 664 1079 693 ad
1100 665 1253 702 Quintum
1272 665 1399 694 fratrem
1418 665 1490 694 Lib.
1512 666 1551 695 II.
1579 677 1626 706 ep.
1650 679 1673 698 1.
1701 668 1774 708 (Ep.
1793 669 1864 698 XC.
1891 669 1981 697 Tom.
2002 668 2044 697 II.

171 727 202 755 p.
222 717 266 745 28.
295 714 341 742 ed.
363 711 485 740 Schutz.
511 709 623 749 mai..)‚
650 721 727 749 quae
748 711 883 749 epistola
907 722 1012 740 mense
1038 713 1209 741 Decembri
1235 722 1283 741 an.
1303 711 1366 749 697.
1393 712 1427 741 P.
1449 713 1596 742 Cornelio
1623 716 1762 744 Lentulo
1794 721 1825 744 et
1846 716 1884 752 Q.
1906 714 2043 744 Caecilio

172 762 301 793 Metello
323 759 446 797 Nepote
467 767 543 786 coss,
564 763 730 794 exaratast,
751 758 788 786 de
808 758 944 787 tribunis
963 759 997 787 in
1017 770 1130 788 annum
1150 760 1214 799 698.
1236 760 1346 788 creatis
1366 760 1442 788 haec
1462 760 1588 788 scribit:

247 809 398 846 Reliqua,
420 811 454 833 at
474 804 627 842 arbitror,
650 807 685 833 in
704 816 836 833 mensem
854 807 1044 835 Ianuarium
1063 809 1238 836 reicientur.
1276 809 1326 836 De
1345 808 1480 836 tribunis
1495 808 1582 845 plebi
1599 810 1689 847 longe
1710 816 1869 846 optumum
1888 810 2047 838 Racilium

172 856 325 885 habemus
370 852 501 880 Uidetnr
528 855 621 879 etlam
648 852 808 881 Antistius
841 854 960 881 amicus
986 854 1074 882 nobis
1091 854 1176 892 sore.
1215 856 1303 884 Nam
1328 855 1482 884 Plancius
1507 861 1590 884 totus
1615 863 1718 885 noster
1743 863 1796 886 est.
1833 856 1917 889 Fac,
1944 859 1972 885 si
2000 867 2048 885 me

174 913 277 934 amas,
298 907 333 929 ut
353 899 544 928 considerate
565 899 791 937 diligenterque
811 901 942 938 nauiges
961 900 997 929 de
1015 911 1116 931 mense
1134 902 1310 931 Decembri.

247 949 298 976 De
318 947 425 975 eodem
445 947 482 974 L.
504 945 643 980 Racilio,
664 945 790 974 tribuno
811 947 870 984 pL,
896 946 935 975 ad
954 947 1084 976 eundem
1103 948 1175 977 Lib.
1196 948 1236 977 II.
1258 958 1304 987 ep.
1326 948 1351 977 6.
1373 947 1444 988 (Ep.
1466 949 1550 979 CIV.
1571 950 1661 978 Tom.
1682 949 1722 978 II.
1742 959 1772 988 p.
1794 959 1837 987 72.
1858 950 1905 979 ed.
1927 950 2048 979 Schutz.

176 995 284 1034 mai..),
313 1004 387 1033 quac
416 993 546 1032 epistola
572 1003 674 1021 mense
694 993 799 1033 Aprili
828 1003 897 1023 ann.
919 993 982 1033 698.
1021 994 1078 1024 Cn.
1107 995 1255 1024 Cornelio
1275 996 1412 1024 Lentulo
1438 997 1624 1026 Marcellino
1651 1001 1682 1026 et
1701 997 1739 1024 L.
1760 997 1879 1026 Marcio
1899 997 2047 1037 Philippo

176 1054 251 1073 coss.
273 1047 411 1076 exarata,
440 1040 514 1068 haec
535 1040 658 1069 scribit:

252 1090 338 1126 Quae
357 1089 543 1125 simulatque
563 1087 743 1122 abductast,
763 1089 921 1124 Racilius,
942 1091 996 1127 qui
1015 1100 1096 1118 unus
1115 1096 1159 1118 est
1179 1089 1235 1118 Ῐιοο
1255 1095 1388 1127 tempore
1408 1090 1553 1119 tribunus
1566 1092 1624 1129 pl„
1643 1101 1707 1121 rem
1726 1091 1887 1130 patefecit.
2008 1129 2011 1132 Α

250 1137 288 1165 L.
312 1135 413 1164 Racili
434 1139 535 1162 autem
556 1134 612 1162 Cn.
633 1135 792 1164 Plancium
813 1137 845 1164 in
866 1137 1026 1165 tribunatu
1045 1137 1087 1175 pl.
1109 1137 1256 1175 collegam
1274 1136 1387 1173 fuisse,
1416 1147 1486 1166 cum
1505 1138 1630 1166 aliunde
1658 1144 1794 1174 constat,
1823 1144 1888 1167 tum
1917 1149 1956 1167 ex
1981 1139 2048 1178 ipsa

179 1184 318 1214 oratione
338 1182 502 1211 Planciaua
521 1181 721 1219 intellegitur.
761 1183 825 1212 Csr.
847 1184 881 1212 C.
901 1184 961 1213 XI.
991 1182 1019 1223 5.
1040 1186 1076 1213 28
1104 1189 1199 1220 extr„
1229 1194 1367 1223 quaeque
1394 1194 1451 1213 nos
1477 1185 1516 1214 ad
1543 1195 1612 1214 eum
1638 1186 1742 1215 locum
1767 1186 1800 1214 in
1828 1187 2048 1215 commentario

178 1231 369 1264 monuimus,
390 1234 421 1257 et
441 1229 474 1256 C.
494 1228 638 1256 XXXII.
659 1228 686 1268 §.
709 1240 762 1264 77..

253 1278 360 1315 Itaque
387 1275 446 1303 iam
474 1284 511 1302 cx
539 1274 594 1302 hac
621 1287 655 1304 re
683 1282 825 1316 apparet,
853 1288 916 1307 11011
942 1277 1080 1317 potuisse
1105 1277 1265 1306 Plancium
1291 1278 1378 1317 prius
1406 1289 1494 1317 quam
1520 1289 1599 1308 anno
1620 1279 1683 1319 699.
1705 1279 1761 1309 Cn.
1781 1279 1930 1318 Pompeio
1957 1285 1989 1309 et
2007 1281 2051 1310 M.

181 1326 306 1355 Licinio
328 1324 435 1352 Crasso
456 1323 569 1350 iterum
590 1325 768 1353 consulibus
789 1324 977 1353 aedilitatem
997 1330 1121 1363 petere,
1141 1325 1185 1353 ita
1207 1330 1243 1353 ut
1262 1325 1294 1353 in
1314 1335 1427 1353 annum
1448 1332 1625 1365 sequentem
1646 1337 1708 1364 700.
1729 1331 1858 1365 gereret.
1893 1327 1999 1366 Atque
2018 1328 2051 1357 id

180 1374 288 1403 secisse
309 1371 482 1405 Plancium,
514 1370 588 1405 etsi,
625 1376 660 1399 ut
688 1371 798 1400 deinde
827 1372 1018 1407 uidebimus,
1045 1382 1125 1400 anno
1154 1372 1274 1401 demum
1295 1382 1358 1408 700.
1387 1377 1517 1412 propter
1536 1374 1733 1403 comitiorum
1753 1374 1934 1403 dilationem
1953 1374 2052 1404 factus

181 1420 288 1449 aedilis
309 1424 369 1453 cst,
389 1417 575 1445 certissumis
597 1417 656 1445 iam
677 1418 853 1447 docebimus
873 1419 1068 1457 argumentis.

256 1466 373 1494 Scribit
393 1466 435 1494 M.
458 1464 567 1493 Cicero
589 1464 619 1492 111
642 1471 715 1494 orat.
737 1466 839 1494 Plane.
867 1466 900 1494 C.
922 1466 1013 1494 XVI.
1037 1466 1063 1504 5.
1084 1467 1147 1495 4o.:

257 1515 343 1551 Apa!
365 1523 470 1550 eosque
491 1511 635 1550 (iudices)
655 1524 718 1547 me,
746 1525 783 1542 ne
811 1515 944 1551 quinque
965 1514 1089 1551 quidem
1115 1516 1255 1551 reiectis,
1283 1516 1367 1554 quod
1390 1517 1425 1543 in
1446 1525 1598 1553 proxumo
1624 1524 1674 1543 reo
1703 1514 1739 1543 de
1766 1514 1874 1544 consili
1897 1517 2054 1546 sententia

185 1563 433 1593 constituturum,
454 1569 543 1596 cogas
563 1569 706 1588 caussam
726 1562 762 1589 de
775 1561 920 1599 fortunis
940 1560 1079 1588 omnibns
1099 1562 1210 1591 dicere.

258 1608 307 1636 Ad
329 1617 396 1635 cum
417 1607 518 1634 locum
540 1605 726 1635 Scholiastes
747 1607 969 1635 Ambrosianus
989 1606 1064 1635 haec
1084 1608 1234 1646 protulit:

259 1657 329 1684 lam
350 1655 384 1682 (le
404 1654 561 1681 sodaliciis
582 1663 723 1682 caussam
743 1655 865 1683 dixerat
885 1656 924 1683 P.
951 1655 1100 1682 Uatinius
1120 1656 1222 1683 eodem
1242 1656 1426 1694 clej'enclenle
1446 1656 1493 1683 M.
1516 1655 1665 1683 Cicerone.

260 1704 320 1731 Pro
342 1700 469 1728 Uatinio
491 1705 608 1733 autem,
629 1701 847 1729 sodaliciorum
866 1711 931 1736 reo,
951 1711 1011 1739 quo
1032 1711 1111 1729 anno
1132 1702 1248 1731 dixerit
1266 1704 1310 1732 M.
1332 1704 1452 1737 Cicero,
1471 1701 1625 1730 Asconius
1645 1701 1734 1730 nobis
1755 1700 1892 1738 tradidit,
1913 1702 1945 1731 in
1965 1713 2056 1742 argu-

188 1755 290 1779 mento
312 1749 348 1776 ad
369 1750 411 1776 M.
435 1748 521 1776 Tulli
544 1748 713 1777 orationem
735 1749 930 1776 Scaurianam
949 1758 978 1786 p.
1001 1757 1062 1777 121.
1084 1748 1130 1776 ed.
1151 1749 1255 1778 Beieri
1275 1749 1351 1778 haec
1371 1749 1524 1778 scribens:

262 1798 354 1825 IIanc·
383 1805 498 1832 quoqne
524 1796 694 1822 orationem
721 1796 832 1823 eisdem
857 1795 1032 1823 consulibus
1058 1796 1154 1828 dixit,
1182 1797 1293 1834 quibus
1313 1807 1375 1834 pro
1406 1798 1551 1830 Uatinio,
1579 1797 1617 1824 L.
1642 1796 1780 1824 Domitio
1798 1795 2002 1826 Ahenobarbo
2028 1804 2059 1826 ec

188 1846 292 1883 Appio
313 1842 441 1872 Claudio
460 1841 598 1870 Pulchro
619 1851 702 1869 coss„
740 1842 885 1870 Summus
903 1842 1003 1871 iudici
1022 1842 1086 1871 clies
1097 1843 1170 1881 suit
1190 1853 1218 1870 α.
1238 1844 1267 1872 cl.
1289 1844 1349 1871 JV·
1370 1843 1481 1871 Nonas
1500 1842 1694 1880 Septembris.

264 1889 415 1918 Patricius
443 1888 534 1916 etiam
561 1889 592 1915 111
623 1888 668 1916 ed.
698 1888 810 1917 Graeu.
831 1899 891 1916 orr.
914 1888 1050 1917 Tullian.
1072 1890 1161 1918 Tom.
1182 1890 1238 1917 III.
1259 1890 1292 1918 P.
1313 1890 1353 1918 II.
1382 1900 1412 1928 p.
1435 1900 1515 1919 1001.
1536 1901 1575 1918 ex
1594 1890 1636 1918 D.
1655 1889 1843 1927 Hieronymi
1863 1889 2005 1928 apologia
2024 1891 2057 1920 in

195 1937 338 1966 Rufinum
358 1935 450 1969 haec,
477 1945 552 1973 quae
573 1936 632 1963 iam
652 1945 743 1973 supra
764 1935 950 1964 Garatonius
970 1937 1168 1973 memorauit,
1194 1937 1310 1966 adfert:
1345 1938 1413 1976 lege
1431 1948 1493 1975 pro
1517 1938 1646 1965 Uatinio
1667 1938 1896 1965 oratiunculam
1916 1943 1945 1966 ec
1965 1938 2060 1974 alias,

191 1985 244 2012 uhi
263 1983 478 2011 sodaliciorum
500 1984 612 2009 mentio
634 1982 688 2017 fit.

267 2031 345 2057 (311111
365 2029 458 2065 igitur
478 2028 637 2056 Plancium
656 2034 726 2066 post
746 2029 906 2058 Uatinium
927 2030 1085 2060 defensum
1106 2042 1171 2059 esse
1191 2037 1309 2061 certum
1329 2031 1379 2068 sit,
1398 2031 1543 2060 Uatinius
1563 2036 1664 2060 autem
1684 2032 1721 2060 L.
1742 2030 1882 2060 Domitio
1903 2036 1934 2060 et
1953 2031 2058 2070 Appio

195 2076 323 2105 Plaudit>
344 2085 420 2103 coss.
443 2086 489 2102 an.
512 2085 573 2107 700.
603 2086 735 2105 caussam
765 2077 802 2105 de
828 2077 983 2105 sodaliciis
1011 2078 1142 2115 dixerit,
1169 2079 1303 2108 efficitur
1321 2079 1502 2114 manifesto,
1528 2079 1688 2108 Plancium
1707 2090 1769 2108 non
1789 2079 1928 2118 potuisse
1949 2080 2058 2108 Crasso

194 2130 223 2152 et
244 2123 390 2161 Pompeio
413 2133 487 2150 coss.
509 2133 555 2150 an.
579 2123 641 2161 (399.
664 2124 822 2153 defensum
842 2135 924 2161 esse,
951 2130 997 2154 set
1017 2130 1068 2154 aut
1088 2126 1126 2154 L.
1146 2125 1289 2155 Domitio
1310 2131 1342 2154 et
1360 2125 1464 2164 Appio
1486 2126 1614 2155 Claudio
1636 2137 1712 2155 coss.
1733 2136 1778 2156 an.
1800 2135 1880 2162 700.,
1907 2130 1958 2154 aut
1977 2134 2057 2154 anno

193 2177 350 2209 scquvnte.

270 2218 331 2245 Iam
358 2227 431 2244 uero
459 2227 497 2244 ex
517 2218 559 2245 M.
583 2217 669 2245 Tulli
689 2217 789 2255 Epist.
810 2218 847 2246 ad
867 2219 905 2255 Q.
932 2218 1059 2247 fratrem
1078 2218 1141 2255 III,
1170 2228 1212 2254 1.,
1238 2219 1271 2247 111
1299 2229 1357 2258 qua
1383 2217 1410 2258 5.
1430 2219 1457 2247 4.
1483 2220 1609 2249 scribit:
1637 2224 1790 2250 orationes
1809 2229 1868 2257 pro
1886 2218 2001 2246 Scauro
2029 2225 2059 2246 ec

191 2275 249 2301 pro
270 2266 402 2292 Plancio
423 2264 611 2301 efflagitatas
632 2265 759 2299 absolui,
780 2266 953 2294 necessario
975 2266 1190 2304 consequitur,
1211 2265 1278 2304 ipso
1299 2266 1354 2294 illo
1375 2276 1470 2303 amm,
1491 2277 1550 2305 quo
1572 2268 1718 2297 Uatinius
1738 2274 1769 2296 et
1789 2267 1918 2295 Scaurus
1939 2264 2059 2293 defensi

195 2311 273 2344 sint,
301 2311 391 2339 etiam
417 2311 523 2339 Planci
551 2321 685 2338 caussam
712 2310 824 2339 debere
852 2322 868 2339 a
895 2314 938 2341 M.
960 2313 1067 2341 Tullio
1095 2317 1265 2351 susceptam
1295 2322 1368 2340 esse.
1407 2312 1486 2342 Nam
1513 2314 1673 2353 epistolam
1700 2315 1782 2342 illam
1808 2311 1879 2351 (Ep.
1907 2311 2060 2340 CXLVI.

197 2357 234 2384 T.
256 2357 295 2384 II.
317 2368 343 2395 p.
364 2367 418 2385 210
432 2368 494 2396 sqq.
521 2358 566 2386 ed.
589 2357 711 2386 Sclmtz.
732 2356 822 2396 mai..)
850 2359 996 2397 scriptam
1017 2360 1129 2389 scimus
1152 2370 1199 2390 an.
1222 2369 1284 2397 700.
1312 2360 1350 2390 L.
1370 2360 1512 2390 Domitio
1533 2366 1564 2392 et
1582 2362 1687 2401 Appio
1708 2359 1837 2389 Claudio
1859 2367 1934 2387 coss.
1954 2368 2059 2387 mense

196 2404 378 2441 Septembri.
