2185 2720
139 149 194 178 168
789 143 1355 177 COMMENTARIUS.

140 220 205 252 rio.
248 218 418 262 Explosos
440 218 544 262 igitur
565 218 657 251 uides
679 224 822 252 tectores
844 220 905 252 hos
924 221 1135 264 Ligorianos‚
1158 220 1214 252 uel
1237 220 1265 252 si
1286 220 1394 252 mauis
1418 220 1627 254 Graeuianos
1650 223 1770 256 omnis.
1814 224 2009 257 Inconcussi

141 285 223 305 uero
246 278 385 305 manent
407 271 646 304 Ciceronianus
669 279 801 315 noster,
837 274 1091 306 Beneuentanus
1115 273 1256 306 Gruteri
1279 271 1360 313 642,
1393 285 1460 315 1o.,
1491 275 1664 306 Romanus
1688 275 1838 308 eiusdem
1860 277 1939 320 517,
1966 289 2008 320 7.‚

141 327 262 360 Antias
284 323 456 358 Muratori
490 324 562 356 505.
593 325 677 357 Tab.
701 326 758 357 C..
801 325 999 358 Tectoribus
1025 338 1107 357 uero
1138 325 1209 357 istis
1236 326 1438 359 militaribus
1464 328 1619 370 antiquos
1648 339 1726 359 usos
1747 327 1849 360 fuisse
1870 329 1913 360 ad
1934 342 2009 362 ma·-

140 380 254 411 chinas
277 378 410 410 bellicas
433 388 532 408 nemo
555 377 668 409 credet
693 377 858 416 Graeuio3
898 378 1067 420 quomodo
1090 377 1198 417 enim,
1237 384 1296 410 aut
1318 390 1419 421 quem
1442 380 1483 411 ad
1507 380 1608 412 finem
1632 379 1714 411 istae
1737 391 1840 422 opere
1866 383 2008 414 tectorio

140 431 269 463 fuerint
290 431 472 462 loricatae?
515 430 635 473 Longe
657 430 769 462 scitius
792 431 1052 472 Hagenbuchius
1076 430 1116 461 ad
1141 429 1287 462 Gorium
1304 431 1379 463 Etr.
1402 433 1429 473 I,
1456 432 1524 472 154,
1549 434 1598 465 80.
1621 433 1702 465 haec
1722 432 1870 465 notauit:
1892 440 2011 473 „stru-

142 491 214 518 ctor
230 484 448 528 parietarius
469 481 610 515 fortasse
632 483 738 522 idem,
774 482 831 524 qui
853 482 926 514 aliis
955 483 992 514 in
1013 483 1101 515 saxis
1130 483 1238 525 iisque
1262 483 1464 516 militaribus
1489 491 1595 517 tector
1618 486 1752 517 dicitur.
1796 486 1901 518 Lecta
1924 487 2012 518 Gori

141 543 221 569 nota
248 536 352 568 subiit
384 542 550 569 tectorum
585 535 622 567 in
651 534 764 566 castris
795 546 894 566 usum
922 534 1025 568 fuisse
1053 535 1192 568 fortasse
1221 536 1264 568 ad
1293 537 1500 578 lithostrata,
1538 549 1596 569 seu
1621 538 1816 581 pauimenta
1843 539 2012 570 tessellata

141 588 392 633 praetoriorum
415 587 649 622 construenda.
693 587 817 619 Klotae
839 587 876 619 in
898 600 977 631 agro
996 588 1172 620 Turicensi
1193 596 1369 633 repertum
1391 596 1439 622 est
1460 590 1694 632 pauimentum
1715 602 1806 621 nunc
1827 590 1863 622 in
1885 591 2012 623 biblio-

142 642 239 673 theca
264 647 379 673 nostra
401 642 505 674 ciuica
527 641 740 673 adseruatum
763 651 840 672 cum
867 641 1026 673 lateribus
1051 642 1150 673 coctis
1172 642 1338 685 Legiones
1360 643 1425 675 XI.
1451 648 1484 674 et
1505 643 1606 675 XXI.
1633 643 1867 675 referentibus.
1877 646 1899 663 “
1944 645 2011 677 Ce-

142 701 256 726 terum
278 694 373 727 uides
396 706 439 726 ex
459 695 530 726 istis
552 693 734 726 tectoribus
756 692 956 725 militaribus
978 706 1085 726 unum
1107 694 1270 727 duntaxat
1291 706 1467 727 remanere
1488 695 1585 726 nobis
1609 696 1852 728 Gruterianum
1877 697 1956 739 517,
1980 708 2011 739 7.

149 749 325 781 Tectorem
345 748 624 787 Praetor-innon,
661 746 754 778 cuius
777 757 880 788 opera
901 745 936 777 in
963 746 1076 778 castris
1098 747 1276 789 praetoriis
1300 759 1464 790 quaenam
1486 746 1608 787 fuerit,
1647 748 1773 780 nullius
1795 749 1925 792 indiget
1947 761 2012 781 ex-

143 801 334 844 positionis.
376 799 575 833 Notandum
596 806 769 844 praeterea
792 798 952 831 aduersus
968 800 1266 843 Hagenbuchium7
1289 811 1359 832 non
1381 799 1527 832 eundem
1549 799 1688 832 omnino
1712 812 1781 833 esse
1803 809 2011 836 structorem

144 864 183 885 ac
205 859 375 886 tec-torem.
417 853 619 886 ORELLIUS.
1100 882 1103 885 .

233 906 450 948 IVesciuerit)
494 905 706 947 Uidendum‚
749 918 832 939 1111111
861 906 967 947 forte,
1012 906 1102 950 quod
1134 917 1177 939 ex
1204 905 1367 939 uarietate
1395 906 1582 950 scripturae
1610 907 1707 939 codd.
1742 906 1866 949 conligi
1886 913 2010 950 potest,

143 957 255 990 forma
278 958 427 991 breuiori
451 959 568 992 Cicero
593 960 734 992 nescirit
758 959 939 1003 scripserit.
983 959 1037 991 Sic
1059 959 1154 991 codd.
1178 959 1375 991 auctoritate
1396 972 1459 1004 pro
1483 961 1577 992 Sulla
1599 961 1637 991 C.
1660 960 1758 991 XIII.
1783 960 1813 1002 §.
1835 961 1887 1003 59.
1909 971 2013 1004 quom

145 1012 197 1050 ig,
236 1012 296 1055 qui
324 1012 366 1044 de
395 1013 548 1045 omnibus
577 1013 750 1052 scierit,
784 1014 825 1046 cle
852 1013 953 1045 Sulla
980 1025 1015 1045 se
1036 1013 1123 1045 scire
1144 1012 1293 1055 negarit.
1322 1023 1386 1055 pro
1416 1014 1533 1046 scierit
1557 1012 1771 1045 scribendum
1794 1014 1894 1045 scirit
1914 1018 2011 1055 puto.

145 1064 271 1096 Forma
294 1066 398 1098 scisse
419 1066 528 1097 utitur
551 1066 668 1098 Cicero
691 1066 730 1096 de
755 1066 817 1098 Or.
840 1067 865 1105 I,
893 1066 940 1105 13,
964 1064 1015 1097 58.
1045 1065 1097 1096 De
1118 1065 1217 1097 sirim
1237 1064 1313 1095 uide
1336 1076 1420 1107 quae
1441 1066 1559 1097 monui
1581 1065 1623 1096 ad
1647 1066 1684 1097 C.
1707 1066 1862 1098 XXXV.
1887 1066 1917 1106 §.
1937 1065 2011 1107 87..

230 1117 340 1157 Quem
362 1119 507 1152 uilicum
530 1117 780 1164 imponeremus)
825 1119 935 1150 Rarus
964 1117 1019 1148 hic
1043 1117 1140 1148 uerbi
1170 1118 1357 1161 inponendi
1385 1130 1481 1159 usus,
1516 1130 1560 1150 ex
1589 1129 1655 1159 quo
1686 1129 1810 1149 nomen
1832 1117 1920 1158 eius,
1956 1117 2012 1149 cui

147 1169 228 1212 quid
251 1170 445 1213 inponitur,
477 1172 661 1211 omittitur,
685 1170 914 1214 significatque
936 1170 1142 1214 praeficere,
1173 1170 1269 1201 nobis
1291 1172 1469 1205 anstellen.
1512 1172 1608 1204 Unus
1630 1176 1764 1213 praeter
1786 1170 1877 1202 hunc
1897 1171 2012 1202 locum

146 1223 329 1263 succurrit,
362 1223 398 1254 in
422 1235 488 1266 quo
512 1224 630 1255 eodem
652 1224 716 1255 hoc
736 1235 835 1256 sensu
856 1229 1102 1266 usnrpatumst,
1135 1223 1271 1255 Sallust.
1291 1223 1446 1267 Iugurth.
1471 1223 1509 1256 C.
1533 1224 1572 1256 C.
1608 1222 1723 1255 Simul
1744 1223 1864 1256 consul
1868 1247 1881 1264 ,
1912 1222 2014 1267 quasi

146 1276 243 1308 nullo
266 1276 415 1320 inposito
423 1301 434 1316 ‚
465 1278 580 1309 onmia
593 1278 791 1320 prouidere.

229 1329 476 1372 Reipublicae
505 1330 640 1372 ziilicos)
685 1330 739 1361 Sic
771 1329 939 1361 quenalis
965 1331 1032 1362 Sat.
1061 1330 1129 1369 IV,
1161 1342 1211 1373 77.
1239 1329 1447 1374 praefectum
1478 1331 1572 1362 urbis
1602 1335 1700 1361 uocat
1728 1328 1822 1361 urbis
1851 1327 2010 1360 uilicum:

146 1383 308 1425 Pegasus
335 1383 505 1415 attonitae
526 1384 665 1427 positas
687 1384 784 1416 modo
807 1383 933 1415 uilicus
963 1383 1057 1416 Urbi.
1095 1383 1300 1415 GRAEUIUS.
1345 1383 1435 1416 Uide
1465 1384 1602 1415 Salmas.
1629 1382 1671 1413 ad
1700 1380 1877 1424 Lamprid.
1906 1380 2010 1412 Alex.

147 1445 175 1465 c.
201 1436 267 1466 15..
314 1434 417 1476 Quod
447 1442 559 1467 autem
582 1436 617 1468 in
640 1437 683 1469 U.
706 1437 747 1468 L.
770 1446 950 1467 monemur
972 1446 990 1466 a
1014 1436 1180 1475 Graeuio,
1213 1447 1346 1479 semper
1368 1437 1513 1468 uilicum
1536 1436 1633 1467 unico
1656 1436 1671 1467 l
1697 1434 1733 1466 in
1755 1433 1867 1477 primo
1889 1431 2012 1464 Franci

146 1486 327 1530 perscribi,
361 1487 508 1529 probant.
530 1500 602 1520 eam
625 1489 825 1531 scripturam
848 1489 975 1529 Dausq.
998 1494 1031 1519 et
1053 1489 1220 1529 Fabrett.‚
1256 1501 1339 1531 quos
1362 1489 1441 1520 citat
1464 1488 1687 1530 Oudendorp.
1710 1486 1753 1518 ad
1775 1487 1867 1517 Suet.
1891 1483 2011 1516 Claud.

146 1540 373 1579 LXXVIII„
412 1552 510 1582 quam
541 1541 577 1572 in
599 1542 766 1584 lapidibus
790 1541 1058 1584 quamplurumis
1082 1541 1234 1573 uidemus
1258 1548 1384 1573 extare.
1428 1541 1491 1573 His
1515 1540 1676 1571 accedunt
1705 1538 1837 1582 optumi
1859 1543 1893 1569 et
1913 1542 2014 1568 uetu-

147 1592 296 1623 stissumi
319 1592 465 1632 codice53
490 1594 597 1625 ueluti
619 1594 821 1626 Merceriani
843 1594 878 1624 in
899 1594 973 1624 loco
992 1595 1155 1626 Uarronis
1179 1600 1261 1636 aput
1274 1595 1366 1625 Non.
1388 1607 1422 1626 u.
1439 1595 1607 1633 Lautum,
1631 1591 1887 1625 Camerarianus
1901 1589 2014 1622 Plauti

147 1651 229 1687 aput
251 1645 392 1676 Pareum
416 1644 453 1675 in
475 1647 556 1677 Not.
582 1647 665 1678 Crit.
691 1647 732 1678 ad
756 1646 867 1677 Casin.
890 1646 941 1686 ΙΙ,
972 1658 1007 1688 7,
1037 1647 1068 1678 4.
1103 1647 1155 1687 ΙΙ,
1185 1647 1222 1687 8,
1246 1647 1296 1679 24.
1323 1654 1402 1688 etc.‚
1436 1646 1653 1678 Florentinus
1676 1644 1938 1683 Pandectarum‚
1970 1641 2014 1673 de

149 1709 215 1739 quo
237 1697 385 1729 Brisson.
408 1698 544 1741 Parerg.
575 1700 604 1740 §.
628 1700 696 1731 45..
742 1700 792 1730 Ita
820 1699 920 1730 etiam
948 1699 1077 1742 aliquot
1099 1700 1238 1731 Suetoni
1266 1699 1362 1731 codd.
1393 1701 1416 1731 1.
1441 1711 1486 1739 0.,
1524 1698 1644 1740 quibus
1673 1696 1759 1727 adde
1787 1694 2013 1727 Barberinum

148 1749 469 1782 emendatissumum
490 1763 523 1782 11.
547 1751 636 1792 855„
667 1752 749 1783 item
771 1752 878 1783 codex
903 1752 1053 1784 cassinas
1075 1753 1229 1784 Frontiui
1251 1753 1292 1784 de
1314 1752 1465 1796 Aquaed.
1487 1763 1520 1783 n.
1544 1751 1618 1783 CV.
1640 1762 1675 1793 p.
1700 1750 1769 1792 189.
1794 1747 1887 1787 Pol.,
1917 1746 2015 1778 deni-

148 1814 214 1844 que
235 1803 335 1834 Barb.
359 1803 527 1835 quenalis
550 1805 616 1843 111,
645 1806 730 1847 195„
757 1805 814 1847 qui
837 1811 886 1836 est
907 1817 940 1836 11.
968 1805 1075 1844 1466.,
1108 1805 1323 1849 eiusdemque
1345 1806 1411 1837 duo
1437 1805 1495 1836 alii
1516 1804 1655 1836 Bai-ber.
1679 1803 1771 1844 2175.
1797 1800 1906 1840 2178„
1944 1799 2012 1831 alio

148 1856 223 1886 loco
246 1856 317 1894 IV,
349 1867 415 1897 77..
461 1857 520 1888 Set
547 1863 636 1888 recte
665 1857 812 1888 arbitror
834 1857 993 1889 Manium
1015 1859 1041 1889 I.
1069 1858 1170 1901 Opin.
1198 1859 1245 1890 14.
1276 1859 1494 1901 antiquorum
1523 1855 1759 1888 consuetudini
1780 1852 1922 1895 liquidas
1943 1864 2013 1885 non

148 1907 392 1950 geminantium
423 1909 486 1940 hoc
516 1909 684 1942 tribuisse.
728 1911 831 1953 Lapis
862 1911 999 1952 quidem
1024 1912 1123 1943 Grut.
1146 1912 1288 1943 DCXL.
1315 1923 1363 1944 10.
1393 1909 1557 1953 liquidam
1580 1909 1616 1941 in
1639 1910 1701 1942 hac
1724 1918 1807 1939 uoce
1829 1906 2013 1948 geminans,

150 1966 199 1991 est
220 1959 329 2000 idem,
365 1961 422 2002 qui
446 1973 481 1992 ea
503 1973 572 1993 non
595 1962 761 2004 geminata
788 1976 830 1995 ex
853 1964 979 1995 schedis
1004 1964 1042 1995 F.
1065 1963 1204 1995 Iocundi
1234 1963 1408 2007 profertur
1430 1974 1449 1994 a
1470 1963 1596 1995 Murat.
1621 1961 1747 1994 CMLI.
1771 1959 1819 1992 8..
1864 1960 1922 1991 Set
1943 1969 2014 1991 non

150 2012 272 2043 desunt
302 2012 371 2044 eius
399 2014 634 2055 geminationis
663 2016 696 2046 in
720 2016 884 2059 lapidibus
913 2016 993 2059 ipsis
1025 2017 1198 2060 exempla,
1234 2017 1341 2048 ueluti
1370 2022 1452 2058 aput
1483 2017 1583 2048 Grut.
1613 2013 1720 2046 DCII.
1751 2012 1780 2044 5.
1805 2011 1852 2051 4.,
1886 2012 2014 2044 Murat.

151 2065 349 2097 CMXLIW
374 2066 404 2097 6.
429 2067 681 2099 ΟΜΒΧΧΥΠ.
706 2068 753 2107 8.‚
778 2069 952 2101 Mass'eium
975 2069 1010 2100 in
1032 2070 1120 2101 Mus.
1144 2071 1272 2102 Ueron.
1296 2069 1514 2101 CCCXLIX.
1538 2068 1569 2099 4.
1593 2065 1740 2098 CCCLI.
1763 2064 1809 2104 8.‚
1837 2064 2015 2096 Pratillum

150 2117 192 2148 de
214 2117 270 2148 uia
291 2117 407 2159 Appia
429 2130 463 2161 p.
488 2120 557 2161 74..
603 2121 786 2153 Geminant
809 2122 908 2153 etiam
935 2121 1057 2154 Horati
1080 2122 1206 2154 codices
1228 2123 1253 2154 I.
1277 2123 1341 2165 Ep.
1360 2122 1407 2153 14.
1430 2133 1506 2152 cum
1529 2126 1669 2162 optumo
1693 2117 1878 2149 Bai-berino
1903 2117 2012 2158 1469..

151 2170 411 2201 GARATONIUS.
459 2172 545 2203 Cum
568 2173 663 2205 libris
688 2174 874 2216 quibusque
897 2175 1045 2217 optumis
1067 2175 1210 2207 uilicum
1234 2175 1349 2206 scribit
1363 2174 1555 2206 Bauaricus.
1601 2171 1702 2214 Quod
1717 2170 1914 2202 Fabrettum
1936 2179 2013 2200 cum

150 2222 325 2264 Dausquio
348 2223 526 2264 coniunxi,
566 2232 604 2257 ut
626 2226 749 2258 fecerat
772 2227 1056 2270 Oudendorpius‚
1091 2233 1123 2258 et
1144 2227 1380 2259 consentientis
1404 2227 1542 2270 putaui,
1576 2225 1611 2257 id
1630 2230 1746 2255 contra
1767 2231 1838 2253 esse
1859 2219 2014 2261 cognoui,

152 2286 255 2316 quom
276 2281 392 2318 postea
415 2277 585 2319 egregium
607 2279 757 2310 Fabretti
781 2279 821 2310 de
843 2280 1117 2322 Aquaeductibus
1146 2280 1271 2311 librum
1294 2281 1500 2311 euoluerem.
1544 2280 1575 2310 Is
1599 2278 1688 2309 enim
1713 2288 1747 2319 p.
1773 2275 1824 2317 98·
1855 2272 2015 2305 uillicum

153 2326 194 2357 de
216 2328 380 2360 Uarronis
403 2331 568 2362 sententia
589 2332 727 2374 probat,
751 2333 944 2374 Dausquius
968 2334 1122 2365 uilicum.
1166 2333 1224 2364 Set
1245 2333 1273 2365 si
1290 2333 1449 2366 Mattium
1471 2332 1622 2374 legisset,
1646 2341 1746 2372 quem
1767 2324 1919 2363 laudaui,
1943 2325 2014 2357 dis-

152 2378 339 2421 putandum
363 2381 423 2412 hac
447 2383 487 2414 de
510 2396 547 2415 re
570 2396 638 2415 non
661 2396 731 2416 esse
753 2385 986 2417 intellexisset.
1030 2386 1127 2428 Aput
1146 2385 1258 2428 ipsum
1278 2387 1469 2418 Uarronem
1492 2386 1518 2417 I.
1542 2385 1583 2416 de
1605 2384 1648 2415 R.
1670 2383 1714 2413 R.
1737 2391 1772 2419 2,
1799 2378 1846 2410 14·
1878 2379 2014 2411 Uilicas

152 2432 235 2475 agri
257 2432 389 2465 colendi
411 2448 533 2469 caussa
555 2439 762 2471 constitutas
784 2445 888 2482 atque
906 2440 1101 2483 appellatus
1120 2451 1142 2472 a
1165 2439 1264 2472 nilla.
1308 2439 1483 2471 Nimirum
1505 2436 1708 2480 antiquitus,
1739 2443 1842 2475 quom
1864 2431 2013 2474 liquidae
