2185 2720
903 118 927 147 0
947 117 977 146 A
995 119 1037 148 Ρ.
1078 117 1121 146 x.
1154 115 1181 156 §.
1209 122 1255 148 25.
1276 122 1320 149 16.
2020 122 2058 150 97

165 193 236 224 Iam
258 204 341 225 uero
365 195 502 227 custodi
523 206 608 232 meo,
633 191 725 234 quod
745 191 958 235 praeferebat
978 192 1155 231 Ernestus,
1181 202 1293 233 neque
1313 192 1391 224 satis
1413 193 1597 235 plenumst,
1621 205 1732 236 neque
1753 194 1827 225 uim
1847 192 1948 224 habet
1971 203 2056 231 eam,

165 256 250 286 quae
271 246 475 288 postulatur.
520 247 648 278 Contra
671 250 784 277 custos
808 245 934 277 salutis
956 244 1124 276 rationem
1147 244 1308 283 continet,
1334 256 1394 275 cur
1418 246 1658 288 qztasz'parens
1672 245 1828 277 Plancius
1851 245 2054 287 appelletur,

164 303 198 328 et
219 297 404 340 respondet
425 298 583 330 inferiori
605 297 680 328 loco
704 308 731 327 c.
754 297 825 336 42„
857 308 924 338 quo
948 295 1095 327 eundem
1117 302 1217 326 uocat
1240 303 1453 329 seruatorem
1476 299 1601 340 capitis
1624 299 1690 330 sui.
1735 298 1798 329 Est
1820 297 1921 328 etiam
1946 293 2055 338 σωτήρ

163 350 237 393 ipso
258 357 396 382 auctore
421 350 538 382 Tullio
562 351 605 382 II.
634 350 670 381 in
692 351 794 382 Uerr.
822 350 872 381 65.
897 350 957 393 qui
979 350 1128 381 salutem
1157 348 1264 381 dedit.
1310 349 1445 381 Paratas
1468 356 1581 381 autem
1604 362 1622 381 a
1645 350 1777 392 reliqua
1800 349 2055 381 coniuratorum

162 414 266 434 manu
285 403 423 435 insidias
446 403 535 434 uitae
558 414 638 434 suae
662 401 765 434 fuisse
787 407 930 433 testatur
952 400 1042 432 infra
1063 412 1091 431 c.
1114 399 1185 431 41..
1230 401 1305 432 Hac
1327 401 1369 432 de
1394 413 1508 434 caussa
1529 414 1650 445 parens
1671 403 1757 433 alter
1778 402 1935 434 Plancius
1957 400 2058 432 uide-

163 455 272 486 batur.
319 455 420 497 Quod
445 466 521 486 011111
543 466 606 497 per
628 453 908 493 similitudinem,
945 453 1047 485 etiam
1069 451 1128 484 ubi
1150 451 1303 484 absolute
1323 466 1455 497 parens
1478 454 1607 486 alienus
1631 455 1753 496 aliquis
1777 455 1920 493 dicitur,
1950 453 2055 484 intel-

163 508 229 550 legi
252 507 387 546 debeat‚
410 506 512 537 huius
534 507 732 550 exemplum
756 505 990 538 similitudinis
1017 517 1088 548 cap.
1113 505 1164 538 50.
1196 510 1290 536 extat
1322 505 1466 547 insigne.
1510 507 1562 540 At
1584 508 1623 539 id
1644 508 1750 539 etiam
1769 507 1933 550 gregarii
1958 506 2054 538 mili-

161 567 211 594 tes
224 560 372 604 faciunt
393 559 518 597 inuiti,
543 564 583 590 zat
604 571 766 591 coronam
788 560 868 590 dent
891 559 1054 601 cuiquam
1077 559 1240 598 ciuicam,
1265 563 1297 590 et
1322 570 1357 590 se
1379 559 1421 591 ab
1444 560 1562 602 aliquo
1586 566 1742 592 seruatos
1767 572 1838 592 esse
1847 558 2052 602 fateantur,

158 625 228 645 non
255 625 322 657 quo
345 617 424 650 etc.‚
461 615 512 641 set
537 623 622 643 onus
645 610 790 653 benefici
812 609 1062 652 reformidant,
1099 610 1191 654 quod
1205 617 1492 653 permagnzmzst,
1528 612 1641 644 alieno
1666 612 1785 645 dehere
1815 612 1927 649 idem,
1962 610 2055 654 quod

158 665 309 710 parenti.
352 664 384 695 Is
406 662 512 704 igitur
534 674 554 693 a
576 663 741 694 Cicerone
763 663 871 694 honos
899 662 1045 694 habetur
1066 661 1222 700 1³1ancio3
1258 672 1324 704 quo
1349 662 1390 693 de
1417 674 1541 705 genere
1563 664 1664 707 longe
1687 664 1957 707 splendidiorem
1979 662 2053 704 ipse

161 717 285 748 tulerat
305 727 324 748 a
349 716 392 757 Q
417 715 539 746 Catulo
565 722 699 747 senatus
721 715 894 758 principe,
942 715 1001 757 qui
1024 725 1102 745 eum
1126 713 1293 745 Catilinae
1323 714 1557 747 coniuratione
1581 716 1691 749 deleta
1718 717 1755 747 in
1777 722 1896 748 senatu
1919 725 2052 758 paren-

159 775 228 802 tem
246 769 387 813 patriae
407 767 617 807 nominauit3
641 779 718 799 cum
741 767 879 810 quidem
902 768 944 799 L.
961 767 1094 799 Gellius
1118 766 1150 797 ei
1172 778 1333 799 eoronam
1356 768 1504 800 ciuicam
1522 780 1592 800 are
1613 769 1749 812 publica
1772 768 1889 800 deberi
1912 765 2050 798 dixerit.

161 821 249 855 Uide
279 820 412 852 Fabric.
443 820 478 851 111
503 820 573 852 Cic.
601 820 744 852 historia
771 819 813 850 ad
842 830 920 850 ann.
946 820 1106 851 DCXC..
1152 819 1206 851 De
1230 819 1306 851 loco
1333 819 1438 851 simili
1459 827 1537 863 post
1566 821 1639 853 red.
1668 822 1704 853 in
1733 833 1803 853 sen.
1835 832 1862 851 0.
1890 820 1938 851 14.
1961 817 2052 850 infra

159 874 225 906 erit
251 872 292 904 ad
322 883 349 903 c.
375 873 428 905 5ο.
456 872 590 903 dicendi
617 872 690 903 fere
720 871 909 903 necessitas.
921 874 941 890 “
984 873 1078 903 Haec
1103 871 1329 911 Garatonius,
1364 878 1481 904 contra.
1504 885 1606 915 quem
1629 876 1687 917 qui
1709 873 1919 905 deteriorum
1940 871 2050 903 libro-

159 938 235 958 rum
258 925 461 968 scripturam
484 924 620 956 custodi
646 936 719 956 meo
752 922 935 954 defendere
956 925 1067 964 uolet,
1098 929 1264 956 necessest
1285 924 1439 967 primuni
1463 924 1596 965 doceat,
1641 927 1817 958 Plancium
1849 924 2050 967 simpliciter

157 991 177 1010 a
200 979 365 1011 Cicerone
388 978 489 1021 quasi
504 981 689 1020 parentem
710 988 812 1008 snum
836 975 902 1007 dici
924 976 1090 1018 potuisse,
1128 976 1249 1007 deinde
1273 978 1448 1009 custodem
1473 979 1627 1011 alicuius
1649 991 1727 1010 eum
1749 990 1847 1021 posse
1872 977 1953 1017 (1101,
1990 976 2049 1018 qui

157 1033 193 1064 in
216 1030 380 1072 singulari
402 1028 551 1071 quodam
574 1039 651 1059 casu
672 1028 779 1058 uitam
802 1028 960 1067 alicuius,
994 1034 1032 1059 ut
1054 1028 1210 1059 Plancius
1235 1028 1409 1061 Ciceronis
1432 1030 1468 1061 111
1490 1031 1708 1070 Macedonia,
1742 1029 1924 1072 aliquando
1947 1039 2048 1071 prae-

155 1084 242 1117 sidio
265 1094 326 1114 suo
352 1081 571 1123 custodiaque
593 1080 729 1112 texerit.
776 1080 880 1122 Quod
902 1092 979 1111 011111
1001 1080 1116 1111 doceri
1139 1080 1235 1111 nullo
1260 1082 1419 1123 exemplo
1442 1084 1560 1126 possit,
1584 1083 1771 1115 necessario
1796 1088 1890 1126 patet
1913 1081 2049 1114 custodi

155 1136 282 1170 salutis
304 1147 399 1166 meae
420 1133 647 1173 scribendum⁷
671 1139 851 1175 totumque
873 1133 998 1171 locum,
1023 1139 1078 1165 set
1097 1139 1136 1165 ut
1161 1139 1222 1164 etc.
1245 1134 1292 1164 ita
1312 1140 1351 1165 ut
1363 1133 1444 1167 fecit
1467 1137 1673 1168 Garatonius
1697 1134 1940 1177 explicandum
1963 1145 2044 1165 esse.

156 1190 332 1221 Postremo
358 1186 482 1218 falsum
505 1187 606 1217 etiam
628 1186 707 1217 illut
730 1191 790 1224 est,
815 1185 906 1227 quod
929 1185 1106 1217 Ernestius
1129 1185 1171 1216 ad
1195 1185 1443 1219 defendendam
1464 1189 1668 1231 scripturam
1692 1188 1827 1220 custodi
1848 1200 1920 1220 meo
1942 1187 2045 1230 paulo

155 1240 246 1274 infra
277 1253 331 1272 me
360 1240 563 1272 custodierit
591 1238 659 1281 legi
689 1238 834 1270 monuit.
890 1239 944 1270 Ne
974 1238 1039 1269 1100
1069 1238 1206 1280 quidem
1243 1239 1444 1282 simpliciter
1484 1241 1525 1271 de
1554 1240 1690 1271 Plancio
1725 1246 1783 1271 aut
1818 1239 1932 1282 potuit
1967 1239 2044 1279 dici,

154 1301 213 1327 aut
236 1294 363 1325 dictum
386 1298 446 1324 est.
491 1291 623 1330 Uerba,
665 1302 750 1333 quae
778 1290 918 1334 respicit
945 1291 1141 1330 Ernestius‚
1168 1290 1251 1321 haec
1283 1298 1362 1322 sunt
1391 1293 1420 1333 δ.
1445 1293 1515 1325 26.:
1538 1294 1704 1332 Flam-ic),
1739 1294 1829 1336 quod
1851 1304 1903 1324 me
1926 1293 1985 1324 uel
2005 1293 2045 1324 1ιί

152 1349 295 1393 pulsum
318 1347 376 1378 nel
397 1345 532 1377 ratione
553 1344 726 1375 cedentem
749 1344 933 1388 receperit,
959 1344 1110 1383 iuuerit,
1135 1345 1340 1376 custodierit
1363 1351 1445 1376 etc..
1490 1345 1648 1388 Denique
1673 1344 1752 1376 uide
1775 1345 1909 1387 Proleg.
1932 1346 1975 1377 L.
1998 1345 2042 1378 Π.

152 1401 191 1433 C.
214 1400 241 1432 Ῑ.
266 1401 296 1442 §.
321 1398 351 1431 8.
374 1409 408 1441 Ρ.
432 1398 500 1429 XL
523 1407 609 1438 sqq..
819 1429 825 1433 ι

238 1455 268 1494 §.
293 1452 344 1483 26.
372 1450 437 1482 Cui
457 1460 578 1481 nomen
606 1448 747 1489 [meum]
771 1448 921 1481 absentis
943 1450 1066 1483 honori
1079 1449 1228 1493 fuisset)
1274 1450 1345 1482 Cur
1367 1463 1480 1484 meum
1501 1463 1693 1495 pronomen
1715 1451 1811 1484 uncis
1833 1450 2042 1491 incluserim,

153 1505 282 1537 ‹h‘ctum
311 1504 348 1535 in
368 1502 502 1543 Proleg.
532 1502 573 1532 L.
599 1500 643 1531 II.
676 1500 713 1531 C.
737 1501 763 1531 Ι.
794 1501 823 1542 §.
847 1501 877 1533 8.
902 1508 961 1533 est.
1007 1503 1060 1534 De
1083 1502 1234 1543 genitiuo
1267 1503 1418 1536 absentis
1440 1511 1517 1548 post
1539 1516 1729 1548 pronomen
1753 1517 1867 1537 meum
1890 1505 2039 1536 Garato-

151 1559 229 1590 nius
248 1555 398 1589 conferri
420 1554 514 1585 iubet
535 1553 598 1585 IV.
621 1553 658 1583 in
681 1552 780 1584 Catil.
808 1565 855 1585 11.
881 1560 915 1585 et
937 1565 964 1585 0.
991 1555 1042 1586 56.
1066 1566 1129 1596 pro
1155 1554 1268 1586 domo.
1294 1557 1391 1588 Brut.
1415 1557 1457 1588 ad
1481 1558 1549 1589 Cic.
1573 1558 1638 1600 Ep.
1663 1569 1691 1600 7.
1716 1559 1776 1601 qui
1799 1558 1929 1590 uostris
1944 1570 2041 1601 pau-

152 1623 271 1644 corum
293 1608 498 1652 respondeat
524 1606 696 1638 laudibus.
742 1605 915 1648 Bithynic.
938 1607 1001 1639 VI.
1025 1606 1065 1637 ad
1089 1607 1171 1638 Diu.
1197 1608 1245 1639 16.
1270 1615 1450 1640 contentus
1471 1621 1528 1640 ero
1551 1616 1671 1641 nostra
1693 1611 1848 1653 ipsorum
1870 1610 2038 1642 amicitia.

150 1662 300 1696 Martial.
326 1661 412 1700 VII,
448 1661 500 1691 50.
536 1660 568 1690 si
596 1664 687 1690 tenet
714 1657 866 1690 absentis
896 1665 1031 1691 nostros
1061 1665 1245 1703 cantatque
1274 1661 1416 1694 libellos.
1460 1661 1539 1693 Liu.
1563 1662 1743 1701 XXXVI,
1776 1674 1806 1704 7.
1846 1663 1919 1695 uim
1942 1669 2040 1696 tuam

148 1714 342 1759 praesentis
367 1714 605 1755 exercitusque
631 1712 684 1744 tui
707 1711 870 1754 experiri.
915 1717 948 1742 et
963 1710 1170 1753 Zinzerling.
1197 1712 1366 1744 Promuls.
1393 1713 1478 1745 Crit.
1503 1725 1529 1744 c.
1545 1714 1596 1746 55.
1622 1714 1774 1746 Orellius
1795 1715 1890 1747 addit
1913 1716 2037 1748 Catull.

150 1769 247 1800 Com.
270 1767 392 1798 Beren.
415 1777 449 1795 u.
473 1766 525 1796 51.
548 1764 664 1806 ibique
686 1763 850 1796 Ualcken.
888 1763 956 1794 Res
980 1769 1030 1795 est
1051 1763 1248 1795 notissuma.

233 1819 293 1852 Aa
313 1819 574 1850 illintarnenses
597 1816 709 1848 coloni
731 1834 771 1838 —
795 1815 1013 1859 eripuerunt)
1058 1816 1143 1847 Iam
1176 1824 1397 1850 narratum
1424 1830 1444 1849 a
1465 1830 1527 1850 me
1556 1820 1634 1851 hoc
1664 1821 1911 1864 exemplum
1938 1822 2037 1864 ple-

151 1869 336 1903 nissime
359 1870 451 1901 scio
477 1869 524 1900 de
548 1870 585 1901 C.
606 1867 760 1906 Mario,
786 1868 857 1909 qui
880 1867 1077 1909 Syllanis
1106 1869 1240 1901 armis
1264 1871 1422 1902 cedens
1446 1881 1536 1901 cum
1558 1870 1661 1903 filio
1685 1872 1729 1907 in
1754 1874 2036 1906 Minturnen-

148 1923 257 1955 sium
279 1921 514 1964 paludibus
537 1920 684 1953 latuit.
729 1919 836 1950 Inde
857 1920 1053 1959 emissus,
1079 1921 1280 1962 quoniam
1308 1934 1388 1953 11011
1418 1923 1640 1964 potuisset
1669 1926 1828 1967 occidi,
1858 1927 2034 1969 nauigio

148 1974 368 2017 inpositus
392 1974 435 2005 in
458 1973 654 2006 Africam
679 1978 910 2015 peruectus
941 1972 991 2003 ad
1015 1984 1149 2015 usque
1180 1973 1356 2005 dirutae
1378 1975 1636 2017 Kartaginis
1666 1976 1789 2010 fines.
1833 1980 1936 2018 Inde
1965 1991 2035 2011 ar-

147 2028 227 2060 mis
261 2026 472 2058 Cinnanis
502 2027 543 2058 in
576 2026 745 2058 Italiam
774 2024 1030 2065 restitutus,
1067 2032 1109 2057 et
1138 2026 1318 2069 adeptus
1353 2027 1541 2070 denique
1570 2031 1802 2072 septimum
1832 2033 2034 2064 consula-

146 2087 245 2112 tum.
271 2080 433 2110 SCIIOLIA
456 2080 717 2112 AMBROSIANA.
739 2076 912 2119 Exposuit
934 2077 1104 2120 interpres
1118 2090 1155 2109 ea
1170 2078 1212 2110 de
1234 2080 1318 2110 rein
1335 2080 1450 2111 codiee
1472 2081 1626 2113 uaticano
1639 2082 1680 2112 ad
1695 2090 1779 2114 orat.
1802 2084 1839 2115 in
1861 2096 1931 2116 sen.
1954 2092 2033 2128 post

145 2132 219 2164 red.
245 2132 283 2163 C.
303 2131 387 2163 XV.
410 2142 444 2173 p.
468 2131 521 2163 41.
545 2132 597 2162 ed.
621 2131 704 2163 Mai.
726 2131 848 2161 Rom..
892 2129 1048 2165 Eandem
1076 2142 1150 2161 rem
1174 2143 1193 2161 a
1217 2131 1381 2163 Cicerone
1407 2133 1596 2175 expositam
1618 2134 1736 2166 uidere
1759 2136 1837 2167 licet
1858 2143 1937 2179 post
1959 2138 2031 2168 red.

145 2185 187 2216 ad
211 2183 311 2225 Quir.
336 2183 404 2222 IX,
434 2194 502 2223 20„
534 2195 597 2226 pro
622 2183 729 2215 Sestio
752 2183 879 2221 XXII,
911 2183 982 2221 5o.‚
1013 2189 1044 2214 et
1068 2183 1104 2213 111
1125 2183 1239 2214 Pison.
1263 2184 1371 2223 XIX,
1394 2185 1466 2217 45..
1511 2186 1662 2217 Omnino
1692 2188 1897 2229 saepissume
1919 2189 2031 2222 110110-

144 2237 274 2269 rificam
298 2236 335 2268 C·-
359 2235 450 2267 Mari
472 2236 682 2267 mentionem
703 2234 793 2266 facit.
840 2234 911 2266 Cfr.
934 2235 995 2266 ΠΙ.
1020 2235 1057 2266 in
1081 2236 1153 2267 Cat.
1174 2236 1227 2275 X,
1253 2236 1322 2275 24„
1345 2238 1408 2270 IV.
1432 2238 1468 2268 in
1491 2238 1564 2269 Cat.
1587 2238 1640 2277 X,
1666 2249 1736 2277 21.‚
1758 2251 1822 2281 pro
1847 2241 1884 2271 C.
1911 2242 2030 2275 Rabir.

144 2291 191 2329 X,
216 2300 285 2331 27.,
313 2294 346 2319 et
371 2288 412 2318 (le
437 2289 499 2320 Or.
524 2289 583 2327 III,
608 2299 638 2327 2,
662 2287 705 2319 8..
749 2288 878 2330 Fugam
901 2294 1013 2319 autem
1036 2289 1131 2319 illam
1153 2288 1244 2320 Mari
1266 2289 1474 2330 plenissume
1498 2291 1657 2333 exposuit
1678 2291 1877 2323 Plutarchus
1900 2292 1936 2324 in
1958 2294 2030 2325 uita

145 2343 216 2374 eius
243 2352 271 2372 e.
291 2341 456 2373 XXXVI
471 2358 513 2363 —
527 2341 606 2372 XL.
630 2351 664 2382 p.
689 2340 750 2382 370
766 2340 894 2382 —879.
919 2340 972 2372 ed.
993 2341 1111 2373 Reisk.
1135 2347 1168 2373 et
1191 2342 1239 2373 H.
1264 2342 1302 2373 C.
1325 2342 1422 2374 Retff
1442 2343 1645 2375 Geschichte
1668 2343 1729 2375 der
1749 2345 1853 2377 Rom.
1875 2345 2028 2389 Biirger-

142 2395 270 2437 kriege.
293 2394 336 2425 Τ.
358 2394 386 2426 Ι.
412 2405 447 2437 p.
470 2393 682 2435 265—269..

1573 2453 1608 2480 25
