2185 2720
169 185 221 212 24,
821 176 1387 207 COMMENTARIUS.

171 260 282 297 gatam
311 252 520 284 retinendam
549 251 749 294 scripturam
777 251 928 294 putauit,
964 252 1091 284 locutio
1120 252 1260 297 gratias
1290 251 1422 296 referre
1450 263 1469 283 a
1492 252 1734 284 consuetudine
1761 251 1864 287 latina
1886 256 2039 288 recedere

174 308 360 339 uidebatur.
404 306 451 338 At
471 304 551 336 uide
574 305 643 336 Cic.
667 305 727 335 Ill.
751 304 839 336 Phil.
866 306 919 344 15,
951 305 1002 348 59.
1039 306 1176 337 senatui
1197 316 1346 349 magnae
1373 302 1478 337 curae
1500 317 1571 337 esse
1593 317 1634 337 ac
1654 305 1757 349 fore,
1786 313 1825 340 ut
1842 320 1909 350 pro
1931 310 2038 341 tantis

174 373 291 394 eorum
314 361 350 392 iu
373 370 443 391 renz
463 370 498 401 p.
520 359 653 389 meritis
677 358 821 389 honores
846 359 894 390 eis
916 357 1126 397 habeantur,
1153 358 1361 402 gratiaeque
1383 357 1595 401 referantur.

258 415 321 446 Sin.
343 417 459 444 antem
482 411 592 442 uitam
614 411 700 443 milii
714 409 797 453 fors
818 411 1013 452 ademisset)
1058 411 1158 452 Quod
1186 422 1273 442 unus
1303 422 1347 442 ex
1379 409 1535 442 omnibus
1564 410 1661 442 nullo
1693 410 1791 442 citato
1820 407 1931 442 codice
1958 412 2039 444 olim

176 466 312 498 dederat
335 463 486 496 omnium
510 462 748 504 sagacissumus
774 463 978 502 Lambinus,
1001 469 1141 495 testatur
1162 463 1411 505 Zinzerlingius
1437 462 1477 494 ad
1499 463 1578 495 Val.
1604 464 1712 495 Flacc.
1736 465 1786 504 V,
1812 464 1886 496 485.
1909 464 1944 494 in
1967 463 2041 495 Erf.

175 519 260 561 legi,
291 518 373 561 sors
396 516 598 553 ademisset,
632 516 732 558 idque
752 516 831 559 ,ipse
853 516 1050 547 rectissume
1082 516 1231 558 praefert
1259 522 1292 547 et
1313 522 1490 559 poetarum
1512 516 1677 558 exemplis
1700 517 1866 548 inlustrat.
1910 517 2042 549 Uerum

175 573 275 603 etiam
298 569 474 602 Sallustius
497 568 625 611 pluries
647 580 684 601 ac
706 569 825 601 Liuios
848 568 996 610 itemque
1019 569 1155 608 Caesar,
1185 569 1289 600 Corn.
1312 570 1445 611 Nepos,
1468 568 1605 600 Tacitus
1627 569 1752 612 aliique
1775 569 1903 601 dabunt.
1924 579 2043 600 exem-

176 625 249 667 pla,
284 635 368 665 quae
390 622 575 654 notissuma
597 627 694 660 sunt,
725 621 765 653 ad
789 621 968 653 lectionem
990 628 1164 664 optumam
1186 620 1466 660 confirmandam3
1500 620 1573 664 ipse
1596 620 1742 663 denique
1766 622 1882 654 Cicero
1902 621 1949 652 >ad
1970 621 2042 653 Att.

176 678 225 715 ΙΙ,
250 688 301 708 22.
325 677 392 715 IV,
420 687 470 707 10.
497 676 580 714 VII,
608 674 656 705 14.
680 675 782 713 VIII,
811 685 837 705 1.
860 674 960 713 XIV,
988 674 1035 706 15.
1060 678 1091 704 et
1112 673 1148 704 in
1171 674 1273 706 Uerr.
1297 674 1359 713 IV,
1382 674 1453 714 45„
1476 674 1535 705 ubi
1558 685 1633 705 cum
1657 686 1748 714 sors,
1770 680 1809 706 ut
1828 674 1902 712 hic,
1928 672 2044 704 edere-

176 737 251 768 tur,
276 728 357 773 fors
389 739 406 758 e
424 727 505 759 Msis
529 728 660 769 egregie
688 726 836 759 restituit
859 727 950 758 idem
973 726 1171 759 Lambinus.
1216 726 1316 758 Nihil
1348 727 1411 758 hac
1432 727 1678 770 permutatione
1701 725 1930 769 frequentius3
1965 737 2044 758 eum

176 782 268 819 uide,
294 781 351 823 qui
373 780 413 811 ab
436 780 509 811 aliis
532 780 711 822 praecipue
737 779 910 818 laudatur,
935 780 1039 811 Drak.
1062 779 1100 809 ad
1125 779 1248 810 Silium
1270 781 1361 820 XV,
1390 781 1459 812 105.
1484 780 1522 811 ad
1546 780 1624 812 Liu.
1648 780 1681 819 I,
1704 779 1735 811 4.
1762 785 1795 810 et
1818 777 1977 811 Oudend.
2001 778 2046 810 ad

177 836 271 868 Caes.
296 835 335 867 B.
360 834 403 865 G.
428 834 470 871 II,
495 843 545 865 21.
569 834 647 871 VH,
672 833 742 873 87..
786 833 841 865 Ex
863 832 916 865 his
940 832 1128 874 intelleges,
1153 832 1288 863 nullum
1310 832 1381 864 fere
1406 833 1560 864 criticum
1582 843 1667 871 esse,
1692 832 1750 874 qui
1772 843 1845 863 rem
1867 832 1953 863 hanc
1974 842 2045 864 non

176 888 342 929 adtingat,
381 891 414 917 et
438 885 474 916 in
496 885 653 917 sollemni
675 885 836 918 uarietate
849 885 984 929 fortem
1012 885 1124 916 latinis
1147 885 1338 917 auctoribus
1361 897 1430 917 non
1452 886 1622 925 restituat,
1661 884 1753 927 quod·
1773 884 1950 924 meliores,
1985 883 2045 916 ubi

179 941 302 973 rectius
324 939 360 971 id
383 945 450 978 est,
486 938 648 970 exhibere
669 938 737 970 Msi
760 938 885 977 solent,
920 944 956 969 ut
977 937 1032 969 hic
1055 935 1128 968 Erf.
1154 938 1200 978 [et
1222 937 1314 978 alii],
1350 949 1416 979 quo
1441 949 1484 969 ex
1507 950 1575 969 uno
1598 944 1646 969 tot
1668 938 1703 969 in
1724 938 1786 969 hac
1809 937 1958 970 oratione
1978 937 2046 969 loci

178 993 284 1027 sanati
299 997 388 1024 sunt.
414 993 502 1024 Eum
526 992 676 1023 codicem
699 990 927 1022 conferentem
941 990 1127 1022 Graeuium
1150 989 1316 1020 litterulae
1338 990 1436 1021 unius
1459 989 1581 1021 fefellit
1602 988 1754 1032 fugitque
1775 989 1931 1022 uarietas.
1975 989 2048 1032 Qui

177 1049 206 1080 si
227 1047 378 1078 animum
400 1056 585 1087 parumper
608 1044 818 1083 aduenisset,
850 1049 976 1076 sortem
1000 1054 1069 1074 non
1092 1047 1239 1085 putasset
1260 1042 1327 1073 huc
1348 1042 1524 1074 admodum
1549 1042 1742 1074 conuenire.
1786 1043 1836 1074 At
1856 1054 1940 1074 uero
1961 1043 2047 1085 fors

178 1100 221 1132 ad
249 1100 392 1131 incertos
423 1109 515 1129 casus
548 1097 780 1139 significandos
809 1107 970 1127 maxume
998 1096 1146 1138 pertinet
1175 1107 1218 1127 ex
1250 1094 1355 1137 ipsius
1388 1095 1483 1127 Tulli
1511 1095 1678 1127 sententia
1704 1095 1748 1126 ΙΙ.
1777 1094 1819 1124 de
1847 1096 1951 1138 Legg.
1984 1107 2047 1136 11.,

180 1164 281 1196 quam
304 1151 498 1183 Obseruauit
526 1150 592 1181 iam
617 1150 750 1181 Cortius
779 1149 818 1181 ad
842 1150 976 1182 Sallust.
1001 1150 1072 1190 Iug.
1096 1149 1129 1187 Ι,
1166 1160 1192 1180 1.
1229 1153 1262 1178 et
1283 1153 1380 1178 antea
1406 1148 1508 1180 Briss.
1539 1148 1581 1179 de
1603 1149 1719 1180 Form.
1744 1147 1776 1186 I,
1807 1146 1857 1178 86.
1888 1147 1924 1179 in
1951 1147 2046 1181 Add.

180 1218 213 1250 p.
237 1206 285 1238 18.
309 1205 361 1236 ed.
385 1204 479 1246 Lips.
510 1204 617 1244 1731..
662 1202 763 1235 Adde
784 1202 938 1233 Perizon.
962 1201 1104 1233 Dissert.
1129 1201 1190 1232 ΙΙΙ.
1214 1211 1248 1242 p.
1264 1201 1334 1242 276.
1356 1206 1388 1232 et
1402 1213 1493 1243 sqq..
1539 1201 1637 1232 quat
1660 1205 1772 1231 autem
1794 1200 1861 1231 huc
1881 1200 2047 1232 aduncare

180 1268 265 1300 quae
288 1257 447 1297 leguntur
469 1256 496 1287 I.
520 1256 620 1287 Tusc.
644 1255 694 1287 53.
718 1257 837 1294 stlors,
863 1267 950 1299 quae
968 1260 1112 1298 propter
1135 1254 1282 1286 incertos
1305 1266 1405 1286 casus
1427 1255 1552 1286 cotidie
1577 1254 1738 1293 inminet,
1763 1258 1907 1298 propter
1929 1252 2047 1285 breui-

180 1316 287 1342 tatem
310 1309 404 1341 uitae
427 1320 614 1351 numquam
636 1309 738 1351 longe
754 1314 870 1352 potest
895 1307 1019 1340 abesse.
1063 1307 1155 1340 Hinc
1184 1307 1285 1338 etiam
1306 1313 1448 1350 propter
1469 1318 1630 1338 maxume
1651 1305 1805 1348 ancipitis
1829 1305 2046 1338 comitiorum

181 1369 322 1394 euentus
352 1361 387 1391 iu
409 1361 475 1392 Pis.
499 1371 529 1392 2.
559 1361 647 1394 Fors
670 1362 808 1394 domina
831 1361 954 1404 campi.
997 1361 1183 1392 Lambinus
1206 1359 1407 1399 uerborum,
1436 1359 1476 1391 de
1499 1359 1620 1401 quibus
1643 1359 1791 1401 agimus,
1821 1357 2046 1390 differentiam

183 1415 340 1458 exposuit
362 1419 501 1456 optume
525 1412 564 1444 ad
587 1414 648 1446 IV.
673 1414 774 1445 Tuse.
798 1425 868 1456 29..
913 1413 1038 1445 Merito
1063 1413 1208 1456 denique
1229 1413 1315 1444 hanc
1336 1412 1408 1445 Erf.
1431 1412 1611 1444 lectionem
1632 1412 1792 1454 probauit
1813 1413 1840 1443 Ι.
1854 1411 1892 1442 F.
1906 1411 2047 1442 Grono-

182 1468 257 1500 uius
280 1468 342 1499 IV.
367 1466 450 1499 Obs.
475 1477 544 1497 21.:
578 1477 655 1497 nam
679 1472 767 1497 cei-te
792 1466 964 1509 probauit,
995 1465 1147 1507 quamuis
1173 1477 1244 1497 eam
1266 1478 1336 1497 non
1358 1465 1501 1505 adferat,
1537 1476 1613 1496 cum
1634 1465 1676 1496 sit
1698 1465 1733 1497 in
1755 1464 1815 1505 iis,
1848 1474 1934 1506 quae
1955 1469 2046 1501 recte

181 1532 202 1552 a
224 1519 453 1561 Zinzerlingio
480 1519 501 1549 l.
526 1529 552 1549 e.
577 1518 809 1550 animaduersa
835 1530 903 1549 uno
926 1518 1029 1551 uerbo
1055 1519 1214 1550 concedit.
1260 1519 1519 1551 GARATONIUS.

268 1572 344 1606 Aut
360 1573 414 1603 uis
430 1572 549 1615 aliqua
565 1572 676 1603 maior
693 1573 842 1604 reditum
861 1571 1074 1615 peremisset)
1114 1571 1346 1614 Inpediuisset,
1369 1578 1426 1602 aut
1442 1571 1584 1602 inritum
1600 1569 1810 1602 reddidisset.
1844 1569 1921 1601 Hoc
1939 1568 2049 1600 inter-

185 1625 267 1657 dum
284 1631 333 1656 est
346 1626 527 1668 perimere.
554 1625 613 1655 111.
629 1624 668 1654 de
684 1625 752 1656 Off.
774 1637 802 1666 7.
816 1624 1031 1658 Huiusmodi
1044 1625 1157 1666 igitur
1173 1636 1227 1656 res
1242 1625 1454 1657 Panaetium
1467 1630 1729 1668 persecuturum
1740 1621 1870 1666 fuisse,
1892 1622 1962 1654 nisi
1979 1621 2050 1654 alie-

187 1679 246 1722 qui
262 1690 360 1709 casus
373 1683 435 1708 aut
448 1678 625 1719 occupatio
643 1678 824 1709 consilium
841 1679 914 1709 eius
923 1677 1134 1720 peremisset.
1167 1677 1249 1709 Alia
1269 1683 1348 1708 sunt
1369 1683 1451 1719 aput
1473 1677 1628 1708 Tullium
1649 1676 1815 1718 exempla.
1842 1675 2049 1706 GRAEUJUS.

272 1730 380 1762 Nihil
401 1729 464 1761 tibi
486 1747 527 1752 —
550 1730 591 1761 de
613 1731 696 1762 meis
717 1731 837 1774 opibus
854 1729 1060 1774 pollicebar,
1083 1734 1134 1761 set
1154 1730 1195 1761 de
1217 1729 1339 1761 horum
1362 1740 1447 1772 erga
1468 1740 1521 1760 me
1543 1728 1778 1760 beneuolentia
1791 1726 2050 1771 promittebam)

185 1782 338 1816 Adtende
362 1781 403 1813 ad
427 1781 608 1813 discrimen
631 1783 813 1814 uerborum
830 1783 993 1826 polliceri
1015 1787 1046 1811 et
1063 1782 1279 1824 promittere,
1302 1781 1389 1812 conl.
1405 1781 1484 1813 VII.
1509 1780 1551 1811 ad
1573 1780 1654 1812 Diu.
1676 1781 1712 1818 5,
1736 1779 1766 1810 4.
1790 1791 1898 1821 neque
1918 1779 2051 1811 melier-

186 1836 261 1869 cule
283 1836 397 1866 minus
419 1836 451 1867 ei
467 1836 606 1879 prolixe
628 1835 669 1867 de
691 1841 753 1867 tua
775 1837 954 1868 uoluntate
970 1834 1138 1879 promisi,
1168 1846 1272 1877 quam
1293 1846 1388 1865 eram
1409 1834 1532 1866 solitus
1555 1835 1596 1865 de
1617 1845 1693 1865 mea
1709 1832 1881 1876 polliceri.
1925 1831 2052 1863 Confer

188 1889 288 1919 etiam
311 1887 349 1917 ad
374 1888 634 1929 cognoscendam
658 1888 752 1919 uerbi
773 1889 938 1932 polliceor
962 1888 1134 1920 notionem
1160 1887 1314 1918 ciceron.
1345 1887 1380 1918 in
1402 1886 1496 1918 Rull.
1522 1886 1571 1925 ΙΙ,
1605 1885 1666 1927 57,
1701 1896 1792 1923 100.,
1830 1895 1896 1926 quo
1911 1883 1954 1921 ‚in
1975 1884 2052 1916 Ioco

188 1949 315 1973 temere
339 1940 515 1971 Ernestius
539 1939 663 1977 haesit,
688 1940 769 1970 ibid.
795 1941 924 1982 §.103.
949 1946 1109 1977 extrem.,
1135 1938 1171 1970 in
1195 1939 1266 1970 Cat.
1288 1939 1319 1978 Ι,
1348 1939 1401 1977 15,
1425 1939 1476 1970 52.
1504 1944 1537 1969 et
1559 1937 1598 1969 ad
1621 1937 1701 1969 Diu.
1724 1937 1774 1976 ΙΙ,
1797 1937 1847 1968 5..

274 1994 303 2035 §.
332 2003 400 2024 102.
444 1991 530 2024 Nisi
554 1997 585 2023 te
607 2005 684 2024 cum
706 2005 780 2024 mea
802 1993 913 2025 salute
936 1989 1133 2035 conplecti)
1158 1991 1198 2022 Id
1222 1998 1287 2031 est,
1323 1991 1387 2026 nisi
1409 1997 1458 2030 te,
1492 1990 1565 2034 ipse
1589 1991 1717 2030 saluos,
1752 1988 1934 2030 conplecti,
1966 1988 2055 2020 dixit

188 2047 289 2091 paulo
312 2045 444 2082 durius,
468 2050 505 2075 ut
527 2045 632 2075 uerbo
656 2046 781 2076 salutis
805 2046 855 2076 uti
877 2051 1002 2088 posset,
1029 2055 1095 2086 quo
1117 2043 1336 2086 responderet
1357 2043 1461 2074 oratio
1484 2043 1606 2075 melius
1627 2042 1797 2086 sequenti,
1821 2041 1885 2074 tibi
1906 2041 2054 2073 salutem

189 2107 267 2131 etc..
291 2099 515 2130 ERNESTIUS.
560 2097 669 2128 Immo
690 2097 755 2129 hoc
776 2098 869 2130 dicit:
893 2099 957 2129 nisi
981 2098 1024 2129 ita
1046 2104 1077 2128 te
1100 2096 1281 2139 conplecti,
1313 2102 1349 2127 ut
1368 2107 1478 2132 meam
1501 2097 1643 2128 salutem
1666 2107 1742 2127 cum
1764 2101 1820 2126 tua
1842 2093 2053 2136 coniungam.

190 2151 262 2184 Cfr.
286 2162 349 2193 pro
376 2149 469 2180 Sulla
490 2149 527 2180 C.
551 2150 597 2180 X.
623 2150 653 2191 ἕ.
676 2160 744 2192 29.:
772 2151 803 2182 si
825 2163 864 2183 ea
888 2151 951 2182 tibi
974 2151 1073 2194 regia
1095 2150 1271 2187 uidentur,
1294 2148 1386 2192 quod
1401 2159 1513 2180 omnes
1536 2147 1615 2180 boni
1637 2149 1788 2181 omnium
1808 2157 1976 2191 generum
1997 2151 2053 2178 at-

191 2217 254 2249 que
276 2204 437 2235 ordinum
458 2215 557 2234 suam
579 2202 726 2234 salutem
748 2216 825 2235 cum
847 2215 922 2236 mea
945 2204 1170 2248 coniungunt.
1194 2208 1224 2233 et
1246 2200 1411 2233 Matthiae
1435 2199 1477 2230 ad
1497 2211 1545 2231 or.
1578 2201 1714 2233 Muren.
1740 2201 1778 2232 C.
1801 2201 1827 2231 I.
1852 2199 1889 2247 §f
1907 2209 1955 2241 2..
1999 2197 2053 2229 De

188 2256 294 2288 uerbo
321 2255 489 2298 conplecti
511 2265 655 2297 conpara
677 2266 739 2297 pro
766 2255 873 2287 Sestio
897 2256 935 2287 C.
958 2255 1090 2287 LXIX.
1123 2254 1267 2297 §.146.:
1298 2265 1361 2297 ego
1384 2265 1466 2286 uero
1488 2265 1549 2286 uos
1575 2255 1611 2286 in
1634 2255 1727 2287 omni
1748 2251 1921 2297 fortuna,
1950 2260 2054 2294 quae-

190 2321 332 2352 cumque
355 2309 422 2339 erit
443 2308 575 2346 oblata,
604 2309 808 2352 conplectar.

276 2361 431 2393 Salutem
453 2360 516 2392 tibi
539 2361 643 2393 iidem
666 2361 750 2394 dare
775 2367 938 2405 possunt,
974 2362 1034 2405 qui
1057 2362 1143 2394 milti
1166 2359 1405 2401 reddiderunt)
1451 2359 1652 2392 Eximius
1685 2357 1844 2400 locus¹)
1880 2352 1927 2386 ad
1954 2364 2053 2398 Per·

269 2469 295 2506 1)
335 2469 383 2497 Sic
405 2470 521 2507 Maius;
545 2472 610 2499 cod.
631 2474 725 2500 nimis
744 2471 806 2500 hos.
