2185 2720
154 187 205 212 252

228 252 336 282 Tullio
366 253 544 291 frequenter
574 250 804 289 coniunguntur
839 251 912 279 ibid.
944 260 1054 279 monu-

230 307 334 329 menta
349 303 488 338 produnt
510 301 634 328 litterae
654 309 691 327 an
712 299 774 327 dici
794 298 893 337 possit
912 298 986 327 ibid.

159 349 232 376 Mos
251 349 347 385 ostie-i,
369 348 505 375 insolens
527 346 663 375 elocutio
684 356 730 385 90.

160 396 300 424 Jlultum
321 405 389 423 cuni
409 405 499 432 saepe
519 400 602 423 recte
625 395 764 433 iungitur
783 393 845 422 246,

161 444 340 480 ,1Ῐιιῐιὶσῐριε
360 447 390 470 et
414 444 571 480 mancipes
593 443 714 470 confusi
738 452 798 478 172.

588 489 626 517 N.

163 538 290 572 Nasica.
321 539 370 573 P„
399 536 523 571 consul,
544 547 559 564 a
581 536 716 573 Granio,
736 547 905 576 praecone,
924 537 1056 576 perstri-

235 591 300 613 ctus
326 595 377 614 110
396 595 439 622 sq.

161 634 211 661 ‚Ye
244 633 395 672 particula
422 631 564 669 negatiua
598 641 659 660 non
688 636 791 671 potest
818 630 1055 672 pronominibus

236 681 390 709 encliticis
411 679 535 717 adiungi
559 689 620 717 190.
646 702 652 707 .

162 727 367 762 Nicaeenses,
389 738 454 756 non
474 727 602 762 Nicaei,
625 728 708 756 ciues
729 728 862 756 Nicaeae
881 729 947 757 208.

162 775 258 804 Nihil
275 776 495 804 adum-bialiter
516 775 651 814 positum
677 785 693 803 a
713 775 877 811 Romanis,
911 785 968 813 pro
997 784 1056 812 quo

236 823 330 851 hodie
349 825 433 852 nullo
453 823 539 850 modo
560 827 590 850 et
610 823 674 851 sim.
695 828 855 861 ponuntur
876 825 938 852 182.

162 870 237 898 Nisi
254 871 407 909 particula
427 870 547 909 quando
568 870 670 898 locum
690 870 803 898 habere
823 870 923 909 possit
944 878 996 907 119
1014 878 1056 907 sq.

163 917 261 945 ‚Nisus
285 924 315 946 ct
336 920 428 947 nixus
451 919 509 954 174.

166 966 292 994 Nobilis
312 966 348 993 de
368 966 501 1004 plebeiis
522 975 566 1001 72.

164 1012 286 1041 Nomen
314 1013 535 1051 appellatiuom
554 1013 759 1051 praeponitur
777 1012 898 1041 nomini
917 1010 1058 1050 proprio,

239 1062 265 1089 si
300 1071 329 1089 11.
365 1071 471 1100 propr.
506 1060 639 1088 nominis
667 1060 849 1099 appellatiui
882 1058 1061 1098 explicandi

240 1119 344 1137 caussa
364 1109 496 1137 adicitur
522 1109 583 1141 157.

168 1156 301 1185 Nomina
317 1156 460 1184 enclitica
475 1155 657 1194 particulam
674 1155 927 1194 interrogatiuam
942 1165 979 1183 ne
997 1164 1060 1182 11011

239 1205 412 1233 adsciscunt
434 1213 496 1242 190.

166 1253 320 1287 ,λὀγηὶηα,
340 1252 487 1281 nobilitas
507 1252 549 1281 84.

166 1300 239 1328 ⁴Yon
266 1300 292 1327 si
312 1310 380 1328 cum
400 1301 496 1329 uerbo
524 1310 579 1328 suo
607 1298 640 1327 in
659 1309 750 1327 unam
777 1298 937 1328 notionem
957 1298 1059 1327 coale-

239 1348 313 1381 scit,
347 1348 383 1375 ab
403 1358 439 1376 eo
460 1358 522 1376 non
543 1351 647 1385 potest
672 1347 741 1375 aliis
761 1347 866 1375 uerbis
885 1345 1058 1375 interiectis

240 1397 360 1434 seiungi
379 1397 437 1424 135.
454 1405 514 1423 non
529 1405 618 1434 saepe
636 1397 815 1432 corruptum
831 1394 863 1423 in
879 1405 978 1423 nonne
998 1403 1057 1429 170.

242 1454 300 1472 non
322 1448 353 1471 et
372 1454 443 1471 uero
464 1443 591 1471 confusa
610 1441 804 1470 XXXVIII.
828 1443 888 1472 133.
909 1452 971 1470 non
989 1445 1059 1480 post

241 1497 331 1519 notus
352 1489 467 1518 excidit
488 1490 642 1518 XLVIII.
666 1492 725 1519 135.

168 1539 278 1567 Nostis
296 1544 397 1566 cetera
418 1538 471 1566 ubi
491 1544 657 1577 usurpetur
676 1538 796 1566 LVIII.

169 1587 287 1614 Nostra
307 1590 485 1624 corruptum
507 1586 539 1613 iu
560 1591 664 1614 uestra
686 1586 746 1614 114.
766 1586 799 1613 111
820 1587 883 1613 iam
901 1594 946 1622 90.

170 1634 289 1662 Nature
309 1633 346 1661 de
365 1632 543 1660 hominibus
566 1632 640 1670 quid
659 1632 811 1670 significet
824 1632 920 1661 LXII
937 1642 978 1670 sq.
1000 1641 1061 1660 11011

243 1685 289 1708 est
310 1680 329 1707 i.
351 1690 377 1717 q.
399 1680 530 1718 deligere
549 1680 624 1708 ibid.

169 1730 300 1758 Notatio
321 1727 395 1765 quid
415 1727 566 1765 significet
585 1727 683 1757 LXII
702 1738 744 1766 sq.

170 1777 276 1804 Nouos
297 1775 384 1802 homo
405 1775 473 1813 quis
494 1776 615 1804 dicatur
636 1777 679 1810 75.

171 1874 217 1903 Ob
238 1878 269 1900 et
288 1873 332 1900 ad
348 1870 593 1910 praepositiones
614 1881 704 1910 saepe
724 1871 756 1900 iu
772 1872 875 1900 uerbis
896 1871 1064 1910 conpositis

245 1920 389 1949 confusae
412 1920 473 1955 175.

171 1968 413 1997 Obseruantiam
426 1977 530 2005 poena
549 1969 670 1996 sancire
690 1967 764 2005 quid
783 1966 936 2005 significet
957 1967 1018 2004 139.

172 2016 345 2045 obseruare
359 2017 473 2043 amicos
489 2016 550 2051 175.
581 2014 742 2043 obseruare
759 2018 788 2041 et
805 2014 973 2043 adseruare
990 2023 1064 2042 con-

246 2063 314 2091 fusa
337 2063 396 2096 175.

173 2112 287 2149 Officia
308 2116 411 2139 extare
430 2114 514 2137 recte
535 2109 649 2138 dicitur
669 2118 732 2138 201,

173 2157 336 2185 Ominibus
355 2161 387 2184 et
406 2157 545 2185 omnibus
567 2157 693 2186 confusa
713 2155 823 2186 XLVI
844 2165 887 2193 sq.

174 2205 262 2232 Onus
281 2205 409 2240 hemfici
430 2205 490 2242 198.

175 2253 288 2289 Opera.
328 2252 364 2279 In
387 2261 495 2288 operas
513 2253 634 2280 mittere
657 2252 716 2289 139.

176 2299 335 2336 Opimius,
355 2299 390 2327 L.
416 2300 476 2327 181.
496 2308 559 2327 222.

175 2346 285 2374 Oratio
300 2346 485 2383 perelegans
505 2352 533 2374 et
548 2347 730 2384 persubtilis
752 2348 812 2383 157.

177 2393 343 2421 Orationes
371 2392 407 2420 (lc
427 2394 518 2422 rebus
546 2394 740 2432 grauioribus
761 2394 799 2422 de
819 2393 936 2431 scripto
957 2393 1070 2421 recita-

250 2446 298 2468 tae
321 2442 380 2469 188.

176 2489 361 2517 oscillantes
380 2488 423 2525 93.

984 176 1277 205 INDEX

1115 251 1260 279 Ostendis
1277 255 1484 289 permutatum
1509 261 1526 280 a
1544 250 1679 280 librariis
1705 251 1738 281 in
1758 254 1924 283 ostenderis
1945 255 2006 283 150.

1115 299 1223 327 Otium
1243 301 1374 328 otiosum
1394 299 1453 335 174.

1545 385 1579 413 P.

1113 442 1151 470 P.
1173 442 1202 471 C.
1223 446 1253 470 et
1273 443 1311 471 P.
1329 443 1365 471 R.
1386 442 1512 471 confusa
1535 443 1597 480 195.

1113 489 1239 528 Papiria
1258 490 1358 518 tribus
1378 491 1565 519 maleuolens
1586 490 1631 520 85.

1112 538 1230 565 Parati
1249 538 1317 566 ludi
1339 549 1382 576 77.

1112 585 1236 613 Parem
1250 587 1380 623 patriae
1399 595 1444 624 97.
1467 594 1585 623 parens
1603 584 1714 613 sallitis
1733 585 1869 613 alicuius
1887 584 1924 623 98
1942 595 1985 624 sq.

1112 634 1230 661 Patres
1252 633 1289 661 de
1310 633 1421 669 curiis,
1448 642 1511 660 non
1532 632 1569 659 tle
1587 637 1695 661 senatu
1715 631 1830 661 dictum
1849 631 1894 660 65.

1113 682 1290 710 Pecuniam
1309 682 1427 709 soluere
1447 684 1478 707 et
1498 679 1663 708 dissoluere
1686 689 1746 717 179·

1114 728 1229 756 Pedem
1249 728 1392 766 conferre
1411 727 1480 765 quis
1501 726 1621 755 dicatur
1642 727 1704 764 139.

1114 775 1281 811 Perimere,
1304 775 1464 814 inpedire,
1484 775 1614 803 inritum
1632 774 1762 803 reddere
1782 776 1845 804 244.

1108 818 1306 852 ‘Permiscere
1325 823 1462 861 (omnia)
1485 824 1538 851 130
1557 832 1600 860 sq.

1115 870 1222 899 Petere.
1238 881 1360 899 earnem
1371 870 1473 906 (feriis
1483 869 1605 905 latinis)
1619 880 1655 908 92
1664 880 1707 908 sq.
1718 876 1824 908 petere
1831 873 1891 900 iter
1899 871 1953 908 237
1966 882 2010 910 sq.

1115 916 1295 956 Philippus,
1322 917 1377 953 L.,
1411 917 1443 944 in
1471 917 1630 946 tribunatu
1657 917 1791 947 militum
1816 918 2010 957 praeteritus,

1196 966 1304 994 consu]
1323 966 1421 994 factus
1446 965 1507 994 145.

1114 1012 1204 1049 Piso,
1224 1014 1267 1042 M.
1289 1013 1422 1051 Pupius,
1452 1023 1491 1041 ex
1511 1018 1600 1051 gente
1621 1013 1788 1052 Calpurnia
1808 1014 1933 1043 transiit
1953 1024 2010 1053 per

1194 1060 1391 1098 adoptionem
1404 1061 1437 1088 in
1453 1061 1581 1099 Pupiam
1596 1070 1639 1096 72.
1658 1065 1729 1099 post
1739 1067 1892 1100 acceptam
1911 1062 1945 1090 in
1958 1072 2011 1090 ae-

1195 1108 1316 1136 dilitate
1335 1108 1489 1147 repulsam
1510 1109 1702 1137 consulatum
1720 1109 1813 1146 gessit
1831 1109 1906 1137 ibid.

1119 1155 1280 1191 Plancius,
1315 1155 1389 1191 Cn.,
1423 1156 1572 1184 oriundus
1606 1165 1645 1183 ex
1672 1157 1864 1194 praefectura
1889 1156 2013 1185 Atinati

1196 1204 1256 1233 184.
1278 1203 1343 1232 cius
1363 1209 1451 1242 pater
1472 1209 1537 1232 erat
1556 1202 1702 1241 princeps
1721 1203 1959 1242 publicanorum
1978 1204 2011 1232 in

1192 1251 1267 1279 Asia
1290 1253 1349 1280 108.
1374 1261 1434 1289 117.
1457 1252 1517 1289 139.
1545 1250 1689 1279 Plancius
1716 1250 1749 1279 in
1768 1251 1877 1280 Africa
1894 1251 1959 1280 fuit·
1974 1251 2011 1281 A.

1194 1299 1347 1337 Torquati
1361 1298 1449 1326 miles
1466 1298 1527 1334 175.
1543 1297 1577 1326 in
1594 1298 1685 1327 Creta
1701 1298 1739 1335 Q.
1749 1299 1873 1327 Metelli
1887 1308 1935 1337 99.
1949 1299 2011 1335 175.

1193 1347 1312 1385 quando
1341 1346 1532 1375 tribunatum
1565 1346 1666 1385 plebis
1697 1345 1824 1385 gesserit
1856 1346 2012 1385 LXVIII,

1193 1397 1237 1433 59.
1272 1394 1393 1433 segnius
1426 1393 1485 1422 hoc
1512 1394 1690 1431 magistratu
1716 1394 1838 1422 functus
1868 1399 1915 1422 est
1950 1403 2011 1423 100.

1193 1447 1335 1481 quaestor
1354 1442 1387 1470 in
1407 1441 1587 1470 Macedonia
1606 1441 1788 1470 Ciceronem
1808 1442 1931 1470 exulem
1950 1452 2008 1470 ex-

1194 1491 1277 1530 cepit
1297 1492 1342 1529 59.
1366 1491 1425 1519 188.
1456 1489 1576 1527 quando
1604 1487 1792 1516 aedilitatem
1811 1488 1962 1527 petiuerit
1981 1493 2011 1516 et

1194 1539 1321 1576 gesserit
1341 1538 1486 1566 LXVIII
1511 1547 1554 1576 sq.
1583 1536 1726 1575 quamdiu
1745 1536 1828 1565 hunc
1854 1537 2015 1575 magistra—

1194 1591 1260 1614 tum
1294 1585 1553 1614 administrauerit
1579 1584 1688 1612 LXX.
1722 1584 1832 1622 quibus
1859 1594 1935 1613 coss.
1962 1593 2015 1613 ae-

1197 1633 1269 1661 dilis
1290 1638 1409 1662 creatus
1429 1633 1469 1661 sit
1488 1632 1612 1661 LXIX.
1633 1642 1710 1671 quos
1730 1632 1939 1671 conpetitores
1959 1631 2016 1660 ha-

1196 1681 1300 1710 buerit
1326 1681 1502 1710 LXXXV.
1522 1680 1625 1708 XCV.
1653 1679 1773 1718 quando
1805 1678 1842 1707 de
1861 1678 2016 1708 sodaliciis

1199 1739 1333 1758 caussam
1353 1728 1469 1756 dixerit
1490 1728 1598 1756 LXX.
1930 1756 1934 1761 .

1124 1776 1264 1812 Plotius,
1283 1776 1339 1811 A.‚
1360 1775 1537 1814 conpetitor
1555 1773 1670 1804 Planci.
1707 1774 1758 1802 De
1776 1771 1914 1802 coitione
1933 1771 2017 1800 inter

1198 1828 1362 1861 utrumque
1383 1823 1462 1852 facta
1484 1823 1534 1859 147
1554 1832 1598 1861 sq.

1125 1872 1238 1901 Pluris
1259 1881 1319 1899 esse
1340 1871 1413 1909 quid
1433 1869 1584 1908 significet
1605 1868 1667 1903 173.

1122 1920 1202 1948 Plus
1210 1928 1309 1956 neque
1321 1918 1440 1947 (liutius
1448 1928 1547 1956 neque
1555 1918 1677 1954 saepius
1684 1915 1856 1954 significare
1864 1918 1967 1953 potest
1975 1913 2018 1950 76.

1122 1966 1270 1995 Polliceri
1287 1970 1319 1994 et
1332 1968 1514 2003 promittere
1533 1965 1596 1994 244.

1123 2013 1298 2051 Pompeius.
1337 2013 1387 2040 De
1403 2012 1468 2040 eius
1485 2022 1553 2041 cum
1570 2012 1633 2041 Cic.
1649 2010 1870 2041 coniunctione
1884 2018 1936 2037 211
1954 2018 2019 2046 sqq.

1125 2063 1268 2099 Populus
1288 2060 1472 2099 simpliciter
1492 2060 1528 2088 de
1548 2060 1666 2099 populo
1681 2059 1822 2088 Romano
1843 2066 1901 2095 qua
1916 2055 1949 2084 ui
1962 2065 2021 2094 po-

1199 2113 1290 2136 natur
1304 2107 1348 2136 66.
1364 2108 1501 2145 popalus
1513 2108 1671 2136 Romanus
1686 2116 1761 2145 quos
1786 2104 1927 2133 homiues
1945 2112 2021 2131 con-

1199 2157 1354 2195 plectatur
1373 2155 1418 2183 66.
1445 2165 1504 2193 qua
1523 2154 1644 2183 ratione
1665 2153 1695 2181 ei
1714 2152 1832 2181 iudices
1851 2154 1882 2178 et
1901 2153 2022 2178 senatus

1201 2203 1399 2242 opponantur
1419 2201 1455 2231 66
1474 2211 1518 2240 sq.

1128 2253 1276 2282 Porticus
1296 2252 1439 2288 Pompei,
1472 2251 1636 2287 Pompeia,
1664 2248 1858 2285 Pompeiana
1878 2253 1937 2282 quo
1957 2241 2022 2270 dis-

1203 2297 1334 2326 crimine
1353 2297 1496 2325 dicantur
1515 2298 1560 2326 83.

1128 2348 1224 2375 Potes
1245 2345 1443 2383 (leprauatum
1463 2344 1497 2372 111
1512 2349 1613 2382 potest
1636 2343 1697 2372 124.

1129 2394 1241 2422 Potius
1261 2392 1573 2431 interpretamentum
1592 2389 1762 2430 particulae
1781 2387 1832 2416 uel
1851 2386 1914 2414 240.

1130 2439 1339 2478 Praefectura
1355 2441 1399 2469 84.
1420 2439 1539 2479 quando
1556 2439 1604 2468 ius
1619 2436 1741 2474 suffragi
1754 2434 1919 2473 habuerint
1933 2441 2023 2471 prae-

1207 2488 1344 2516 fecturae
1363 2489 1408 2525 89.
