2185 2720
208 200 268 224 511
909 195 1355 221 PRAEFATIO.

207 283 373 320 tudinem
398 278 527 314 malam
550 278 732 324 sequendo
759 278 957 312 multorum
983 279 1074 312 mihi
1099 279 1243 313 laudem
1267 290 1397 325 parere
1421 278 1543 313 malui.
1570 279 1738 313 Dubitari
1765 282 1860 314 enim
1886 283 1949 315 uix
1974 288 2062 327 pot-

213 363 284 400 est,
324 355 411 400 quin
446 353 507 398 qui
533 352 718 397 uolgarem
745 353 979 396 scriptionem
1005 353 1163 398 probant
1186 354 1284 386 uiam
1308 353 1430 386 tritam
1456 353 1624 398 persequi
1649 365 1803 398 cumque
1829 355 1905 388 aliis
1933 367 2066 399 errare,

212 442 319 478 quam
341 439 473 461 nouam
500 438 675 471 quaerere
702 426 928 470 multumque
954 426 991 458 in
1012 438 1053 459 ea
1074 427 1280 472 quaerenda
1306 437 1438 472 operae
1462 425 1668 471 laborisque
1694 438 1907 461 consumere
1932 428 2068 462 malint.

212 506 291 550 Ego
319 507 437 535 autem
466 511 575 545 quom
609 499 646 531 id
672 510 838 543 agerem,
877 505 918 533 ut
949 499 1043 533 hanc
1071 500 1172 533 Tulli
1207 500 1409 534 orationem
1435 498 1664 533 Plancianam
1698 505 1776 533 tum
1810 501 1974 534 codicum
2003 514 2071 546 ope

213 586 292 613 tum
316 579 462 619 meopte
498 573 642 617 ingenio
678 578 851 617 quantum
879 572 959 607 fieri
984 579 1107 618 posset
1126 574 1282 619 pristino
1310 572 1424 606 nitori
1450 572 1692 616 restituerem,
1718 573 1957 608 uehementer
1982 574 2074 608 mihi

214 646 537 696 reprehendendus
563 646 722 688 uiderer,
751 646 781 679 si
801 646 838 679 id
863 647 1094 680 retinuissem
1123 645 1402 691 orthographiae
1428 657 1554 690 genus,
1582 646 1678 690 quod
1704 659 1909 681 maxumam
1933 653 2072 692 partem

216 732 292 760 tum
319 733 384 768 per
410 720 576 752 indoctos
606 719 738 751 saeculi
764 720 878 764 quinti
906 725 941 753 et
967 721 1194 766 sequentium
1227 719 1479 765 grammaticos
1512 724 1590 752 tum
1617 730 1636 752 a
1662 720 1800 753 stolidis
1826 721 1982 755 librariis
2008 733 2073 755 or-

215 806 295 834 tum
320 794 582 829 intellexeram.
636 792 744 835 Quod
773 805 882 837 quom
909 793 1007 827 nulla
1034 794 1183 826 omnino
1209 793 1388 827 niteretur
1413 793 1646 835 auctoritate,
1675 799 1729 827 set
1753 805 1822 828 usu
1845 800 1987 829 tantum
2011 807 2075 829 re·-

218 875 363 915 ceptum
390 871 483 900 esset
508 866 662 909 uitioso,
690 866 900 899 faciundum
926 867 1069 911 putaui,
1096 872 1138 900 ut
1164 879 1242 900 eam
1270 867 1518 911 scriptionem,
1545 877 1636 910 quae
1661 873 1832 911 usurpata
1857 880 1877 901 a
1902 868 2077 902 Romanis

219 942 406 978 Ciceronis
433 944 548 972 aetate
578 944 689 982 esset,
730 939 854 972 sedulo
881 940 1122 973 restituerem.
1172 938 1204 972 A
1231 952 1301 985 qua
1327 951 1366 972 re
1392 950 1439 972 ne
1466 951 1508 972 eo
1537 939 1680 984 quidem
1707 940 1884 974 deterreri
1908 953 1968 974 me
1991 953 2078 986 pas-

218 1029 279 1052 sus
305 1027 402 1058 sum,
437 1012 534 1058 quod
559 1023 835 1057 nonnumquam
861 1013 1056 1046 obscurum
1084 1018 1176 1056 erat,
1214 1024 1304 1058 quae
1328 1011 1390 1045 illo
1416 1017 1583 1056 tempore
1608 1013 1646 1045 in
1672 1024 1741 1046 usu
1766 1013 1893 1048 suisset
1919 1015 2078 1060 scriptiO,

218 1092 391 1136 ideoque,
426 1087 520 1133 quod
548 1086 847 1120 consuetudinem
874 1087 976 1131 sequi
1002 1085 1199 1119 malueram
1227 1098 1332 1131 quam
1359 1086 1397 1118 in
1426 1098 1562 1118 nouom
1591 1086 1752 1119 incidere
1779 1098 1962 1131 errorem,
2000 1099 2077 1121 eam

220 1164 472 1209 scriptionem,
501 1172 592 1206 quae
618 1160 816 1193 serioribus
842 1160 992 1193 saeculis
1015 1160 1185 1205 usurpari
1211 1159 1347 1204 coepit,
1373 1159 1519 1192 retinui.

321 1236 405 1270 Non
434 1246 536 1268 secus
564 1234 661 1267 enim
689 1239 811 1267 errant
839 1234 912 1278 qui,
938 1233 1010 1266 nisi
1023 1234 1053 1267 si
1070 1233 1220 1267 omnino
1247 1238 1411 1266 ueterem
1435 1232 1668 1277 scriptionem
1694 1234 1897 1268 restitutam
1922 1233 2082 1276 uideant,

223 1311 403 1351 uitiosam,
432 1320 523 1353 qnae
549 1308 586 1340 in
613 1312 727 1350 usust,
755 1307 907 1340 retineri
935 1307 1048 1341 satius
1075 1307 1217 1350 ducant,
1246 1317 1353 1351 quam
1377 1305 1449 1350 qui,
1477 1305 1547 1338 nisi
1574 1317 1698 1340 omnes
1726 1307 1971 1352 corruptelae,
1998 1307 2083 1352 qui-

224 1386 291 1418 bus
318 1382 453 1416 ueteris
481 1380 668 1426 scriptoris
695 1392 785 1425 opus
812 1380 1042 1423 adfectumst,
1075 1385 1350 1421 remoueantur,
1390 1378 1526 1411 nullam
1551 1379 1746 1413 tollendam
1774 1381 1980 1425 opinentur.
2034 1379 2084 1414 Et

223 1454 528 1504 quemadmodum
562 1465 638 1486 non
672 1459 726 1487 est
752 1453 795 1486 ab
822 1453 896 1486 ullo
923 1454 1072 1487 homine
1100 1452 1375 1498 postulandum,
1414 1457 1454 1485 ut
1479 1452 1518 1484 in
1546 1453 1769 1487 emendando
1797 1453 2084 1498 explicandoque

225 1529 449 1575 antiquitatis
476 1532 712 1560 monumento
741 1527 783 1559 ab
812 1528 912 1560 omni
939 1539 1065 1560 errore
1088 1527 1276 1559 inmunem
1302 1537 1340 1558 se
1364 1530 1540 1570 praestet,
1574 1525 1622 1557 ita
1648 1537 1694 1558 ne
1721 1527 1750 1559 si
1777 1526 1973 1560 noluissem
2000 1526 2085 1571 qni-

227 1605 310 1638 dem
337 1601 543 1634 Tullianam
570 1600 803 1644 scriptionem
828 1600 897 1633 iam
925 1611 1023 1632 nunc
1046 1611 1197 1644 prorsus
1223 1599 1437 1640 restituere,
1464 1598 1503 1630 in
1529 1610 1570 1631 ea
1595 1610 1661 1643 ego
1689 1600 1867 1633 sententia
1893 1611 2018 1643 essem,
2045 1606 2087 1634 ut

229 1678 267 1710 id
294 1687 351 1708 me
379 1679 615 1707 consecutum
641 1673 848 1705 arbitrarer.
900 1673 983 1706 Hoc.
1009 1678 1129 1705 tamen
1156 1685 1176 1705 a
1201 1684 1259 1705 me
1284 1671 1487 1717 perfectum
1514 1671 1651 1714 iudico,
1687 1678 1727 1706 ut
1753 1672 1886 1705 multae
1912 1673 2084 1717 scriptio—

228 1762 313 1789 nes,
342 1758 431 1792 quae
456 1746 498 1779 ab
527 1746 713 1778 Ciceronis
741 1746 1003 1779 consuetudine
1030 1757 1228 1790 eorumque
1253 1745 1515 1787 Romanorum,
1544 1744 1604 1789 qui
1636 1745 1800 1790 aequales
1823 1746 1899 1778 eius
1925 1745 2085 1788 suerunt,

230 1821 489 1862 abhorrebant,
529 1818 752 1860 sustulerim,
794 1818 828 1851 T
832 1818 1071 1863 ullianamque
1105 1819 1305 1852 orationem
1332 1823 1428 1850 certe
1453 1817 1604 1862 propius
1632 1818 1676 1850 ad
1703 1830 1781 1851 eam
1803 1818 1974 1862 sormam,
2016 1829 2086 1863 qua

231 1896 364 1938 scripta
389 1893 431 1925 ab
459 1896 606 1924 auctore
634 1897 725 1933 erat,
753 1891 976 1924 adduxerim.
1028 1891 1146 1936 Atque
1171 1891 1208 1924 id
1236 1891 1380 1937 quidem
1405 1902 1472 1935 pro
1500 1895 1598 1923 certo
1624 1890 1814 1924 adfirmare
1841 1891 1967 1934 audeo,
1995 1902 2086 1936 quae

232 1979 331 2002 nunc
357 1978 377 1998 a
402 1977 460 1998 me
487 1965 699 2010 scriptiones
728 1965 955 1998 introductae
982 1965 1054 1998 sint
1077 1976 1145 2010 pro
1172 1965 1236 2007 iis,
1264 1975 1354 2009 quae
1381 1964 1419 1996 in
1447 1963 1601 2008 uolgatis
1629 1963 1864 2004 editionibus,
1898 1970 1940 1998 ut
1961 1964 2085 1998 Erne—

234 2041 364 2081 stiana,
405 2038 630 2080 obtinebant,
670 2049 727 2070 eas
754 2037 796 2070 ab
824 2038 901 2082 ipso
929 2038 1107 2071 Cicerone
1133 2039 1282 2083 eiusque
1308 2036 1513 2082 aequalibus
1540 2041 1729 2081 usurpatas
1757 2048 1851 2081 esse3
1896 2043 2023 2071 contra
2048 2048 2088 2070 ea

235 2125 310 2147 non
337 2123 428 2156 nego
455 2110 596 2144 relictas
623 2111 793 2155 quasdam
820 2122 915 2153 esse,
957 2122 1048 2155 quae
1073 2111 1295 2156 incognitae,
1336 2115 1432 2143 certe
1457 2120 1532 2142 non
1572 2115 1765 2155 usurpatae
1792 2110 1915 2144 Tullio
1941 2110 2087 2144 suerint.

237 2186 356 2231 Atque
382 2184 458 2217 illas
486 2183 648 2228 quidem,
689 2195 776 2228 quas
805 2183 944 2227 primus
979 2184 1167 2227 reuocaui,
1207 2183 1420 2228 scriptiones
1446 2183 1526 2216 iure
1551 2195 1571 2216 a
1595 2194 1654 2216 me
1676 2188 1862 2216 reuocatas
1890 2194 1985 2226 esse,
2024 2193 2086 2215 ar-

238 2258 418 2305 gumentis
453 2256 679 2301 conprobare
712 2256 749 2288 in
782 2255 1049 2300 prolegomenis
1082 2256 1359 2300 constitueram3
1393 2267 1522 2289 uerum
1553 2261 1744 2301 postquam
1777 2254 1978 2300 longiorem
2011 2266 2089 2290 eam

238 2343 317 2365 rem
350 2330 537 2374 requirere
572 2329 863 2362 dissertationem
895 2329 1164 2374 intellexeram,
1205 2341 1311 2374 quam
1342 2340 1432 2373 qnae
1464 2330 1577 2374 recipi
1607 2329 1645 2361 in
1670 2327 1927 2373 prolegomena
1955 2333 2089 2373 posset,

241 2402 413 2448 singulari
439 2401 531 2435 libro
560 2402 603 2435 de
630 2407 706 2436 tota
733 2401 991 2446 orthographia
1013 2401 1140 2445 latina,
1176 2403 1239 2448 qui
1263 2414 1350 2436 mox
1375 2403 1414 2436 in
1438 2402 1554 2436 lucem
1576 2402 1778 2443 emittetur,
1812 2411 1995 2445 exponere
2021 2400 2089 2434 de-
