2185 2720
727 159 960 191 RERUM
996 160 1074 189 ET
1113 160 1499 192 UERBORUM.
1989 170 2042 199 249

184 239 409 280 Conparatiuos
423 241 494 276 post
508 238 731 276 superlatiuom
747 237 889 277 sequitur
902 236 947 265 sic
960 240 996 265 ut
1009 235 1080 275 plus

256 287 410 326 significet
429 296 518 324 quam
537 286 746 325 superlatiuos
766 285 812 314 63.
837 289 910 324 post
929 294 1080 323 conpara-

255 336 355 364 tiuom
374 333 514 372 sequitur
542 344 635 371 quam
662 344 731 362 cum
751 332 940 362 accussatiuo
963 332 1016 362 105
1035 341 1078 370 sq.

166 385 346 414 'Conseri-sio
367 383 404 411 de
423 381 654 420 conspiratione
677 391 739 410 121.

184 433 333 470 Consequi
352 432 563 468 inpunitatem
583 429 657 467 quid
676 428 829 467 significet
847 428 892 457 (32.

181 481 310 509 Constat
329 478 483 506 intrusum
503 487 520 504 a
538 476 675 505 librariis
695 475 766 504 LII.
785 475 850 505 226.

183 527 362 556 consumere
381 525 520 554 studium
539 526 574 552 in
592 535 626 552 re
648 525 699 560 187
719 534 763 562 sq.

181 574 349 609 contentio,
369 571 547 611 conparatio
561 573 606 601 81.
627 573 781 599 contentio
801 575 941 599 uos-trum
960 574 991 598 et
1003 580 1076 598 con-

255 623 351 650 tentio
371 626 478 649 uostra
499 618 652 657 quomodo
675 618 817 646 differant
836 618 910 646 ibid.

180 671 347 701 Contentus
366 678 436 697 cum
455 667 592 705 genitiuo
614 677 631 694 a
646 666 753 694 Tullio
773 676 837 695 non
857 666 998 694 iunctum
1016 666 1075 704 194.

181 716 373 747 Conturbare
391 715 444 753 (sc.
465 715 613 749 rationes)
638 714 698 748 176.

181 766 364 795 conuertere
383 763 531 801 singulari
553 773 611 791 usu
633 762 696 790 143.

179 814 300 842 Corona
335 813 437 839 ciuica
471 812 533 840 185.
565 812 734 849 graminea
766 819 804 837 an
836 819 955 848 querna
981 809 1078 838 fuerit

258 859 311 888 185
332 868 396 896 sqq.

180 906 410 941 Coruncanius,
433 906 494 941 Ti.,
516 906 657 935 Camerio
678 910 764 933 ortus
785 915 802 933 a
823 905 1008 934 Tusculanis
1030 905 1076 934 ci-

251 954 350 982 uitate
378 954 507 982 donatus
534 955 578 990 87.
611 963 666 981 cur
691 952 752 981 hoc
781 952 823 981 sit
840 952 961 982 honore
982 964 1076 982 orna-

252 1007 303 1030 tus
322 1002 369 1030 88.

179 1050 260 1079 Coss.
280 1048 435 1088 conpendi
460 1049 537 1077 falsa
555 1048 772 1087 interpretatio
794 1058 919 1087 prauam
938 1048 1075 1088 scriptu-

250 1107 315 1125 ram
332 1097 458 1135 pepcrit
476 1106 541 1125 222.

178 1144 320 1177 Crassus,
340 1145 385 1172 M.
406 1149 438 1172 et
456 1145 490 1173 P.
513 1153 574 1182 109.

176 1193 272 1220 Credo
294 1202 386 1220 sensu
405 1191 526 1220 ironico
547 1201 617 1220 cum
636 1195 739 1221 uereri
759 1191 959 1221 conimictum
982 1192 1043 1222 184.

175 1241 300 1269 Crimen
320 1239 396 1277 quid
415 1239 568 1276 significet
588 1239 634 1268 65.

175 1287 374 1315 Crustumina
392 1286 493 1314 tribus
516 1288 576 1316 123.
638 1280 640 1284 Ι

175 1335 291 1373 Culpa,
310 1345 359 1363 res
380 1344 456 1373 quae
475 1335 606 1373 ponitur
625 1335 658 1364 in
679 1336 770 1375 culpa
790 1335 834 1371 67.
855 1335 929 1364 111110
949 1336 1073 1373 culpam

249 1393 413 1411 accussare
433 1382 508 1411 ibid.

174 1431 252 1460 Cum
271 1430 414 1468 quotiens
435 1440 468 1458 eo
490 1432 574 1469 quod
592 1431 745 1469 significat
765 1430 907 1460 adsciscit
926 1431 1071 1461 indicati-

249 1488 323 1506 uom
343 1487 405 1506 101.

175 1525 289 1554 Curius
308 1526 464 1554 Dentatus
486 1527 548 1565 159.

173 1574 281 1603 Custos
299 1574 412 1602 salutis
431 1576 569 1605 alicuius
588 1576 625 1615 96
646 1586 689 1614 sq.

599 1662 641 1691 D.

170 1716 260 1744 Dare
280 1725 349 1744 cum
368 1726 466 1746 accus.
490 1719 539 1747 rei
567 1721 679 1750 omisso
700 1722 758 1751 dat.
778 1734 928 1762 personae
951 1725 1011 1760 187.

171 1763 291 1791 Debere
310 1764 392 1792 unde
413 1771 516 1795 ortum
537 1768 579 1797 sit
600 1779 660 1808 179.
681 1771 756 1808 quid
775 1771 927 1810 significet
951 1773 1012 1800 180.

171 1810 298 1838 Debitio
313 1816 466 1848 pecuniae
486 1821 515 1842 et
531 1819 658 1854 gratiae
680 1828 741 1855 177.
765 1822 826 1849 180.

170 1857 327 1886 Decedet-e
361 1860 522 1890 confusum
550 1874 618 1892 cum
646 1866 826 1896 descendere
858 1873 888 1896 et
916 1867 1068 1896 discedere

245 1905 324 1933 XX.
347 1908 407 1935 113.
429 1910 572 1940 decedere
592 1913 715 1940 domum
742 1915 803 1943 115.

168 1953 371 1982 Βεοίανηαίον
385 1957 448 1986 205.
475 1968 546 1997 opp.
562 1960 714 1998 discipulo
735 1963 850 1991 laboris
865 1969 894 1991 et
900 1963 972 2001 fori
988 1962 1064 1990 ibid.

167 2001 343 2029 Decuriare
363 2003 488 2032 tribulis
508 2007 582 2044 quid
601 2008 755 2046 significet
776 2011 828 2039 136
848 2021 891 2049 sq.

168 2047 355 2076 Decuriatio
374 2051 537 2082 tribulium
557 2060 588 2083 et
608 2056 773 2094 descriptio
786 2060 901 2096 populi
920 2059 1065 2087 differunt

246 2095 299 2124 156
321 2107 364 2135 sq.

165 2143 360 2182 thetigari,
386 2155 449 2175 11011
470 2149 646 2189 defatigari
666 2151 791 2181 Tullius
818 2152 944 2191 scripsit
964 2152 1000 2190 69
1021 2162 1064 2190 Sq-

165 2192 315 2220 Delectus
335 2198 366 2221 et
385 2194 516 2224 dilectus
535 2197 580 2235 67.

163 2239 337 2268 ,Demouere
356 2246 388 2270 et
409 2243 562 2274 climouere
580 2248 766 2280 LXXXIV
784 2262 827 2290 sq.
849 2253 894 2282 84.

164 2287 358 2317 Descendere
377 2291 412 2318 in
423 2291 536 2328 sorum
557 2296 619 2324 113.
641 2299 675 2326 iu
695 2301 792 2327 aciem
812 2300 887 2329 ibid.

164 2334 347 2364 Describere
361 2339 514 2374 populum
533 2342 607 2378 quid
627 2345 779 2383 significet
801 2349 860 2386 137.

163 2382 281 2410 Dicam
307 2393 324 2411 a
349 2383 487 2414 librariis
513 2395 665 2421 mutattun
692 2394 727 2422 in
754 2395 822 2424 dico
849 2395 917 2424 XX
945 2405 988 2434 sq·
1014 2395 1059 2434 94-

236 2431 353 2483 Dicam
373 2443 444 2461 uere
470 2445 492 2462 s·
514 2439 621 2468 timide
647 2451 768 2481 semper
793 2443 900 2472 futuro
920 2448 1060 2481 tempore

236 2487 253 2506 a
273 2477 338 2506 C1c.
355 2488 535 2521 usurpatum
556 2491 601 2523 94.

1139 235 1222 266 Dico
1241 247 1304 266 non
1324 237 1461 267 additum
1479 248 1497 266 a
1514 238 1652 268 librariis
1675 239 1736 268 104.

1138 285 1272 314 Dictum
1291 286 1391 315 dicere
1415 295 1478 315 211.

1137 331 1271 369 Didius,
1299 334 1421 376 consul,
1451 334 1503 372 qui
1524 334 1572 362 bis
1592 333 1799 372 triumphauit
1820 334 1881 364 165.
1911 335 1947 363 de
1968 336 2033 364 eins

1211 381 1412 420 praenomine
1431 381 1506 410 ibid.
1541 381 1698 419 antiquior
1717 381 1810 411 huius
1829 393 1860 411 n.
1881 383 2035 422 scriptura

1216 429 1278 458 160.
1312 430 1394 457 Didi
1419 439 1531 458 nomen
1561 440 1577 457 e
1604 429 1692 458 codd.
1727 430 1887 459 nonnullis
1922 431 2034 470 expul-

1210 487 1278 505 sum
1297 476 1422 505 XVIII.

1139 524 1280 565 Diff'erre
1307 525 1344 553 de
1369 523 1503 553 comitiis
1529 524 1645 554 dictum
1670 526 1826 557 diuersum
1854 531 1901 556 est
1925 536 1942 555 a
1956 534 2033 564 pro-

1202 573 1294 611 ferre
1316 575 1377 601 140.

1134 621 1287 659 Dignitas
1307 621 1382 659 quid
1401 620 1552 658 significet
1575 623 1636 652 153.

1134 670 1263 707 Dignus
1282 668 1370 696 nullo
1391 669 1494 697 addito
1515 669 1650 699 ablatino
1673 670 1798 699 XLIX.

1134 718 1309 746 Dimicatio
1329 717 1459 752 infinita
1479 716 1576 754 qualis
1597 717 1637 747 sit
1656 728 1720 754 227.

1134 765 1281 794 Diribere
1300 765 1382 793 unde
1402 769 1504 793 ortum
1523 764 1564 792 sit
1586 775 1646 803 179.
1667 765 1742 804 quid
1760 765 1913 804 significet
1935 766 1994 794 141.

1134 813 1290 842 Diribitio
1314 812 1400 841 uarie
1427 811 1461 839 in
1482 812 1568 840 codd.
1589 818 1769 852 corruptum
1792 816 1836 850 78.
1862 824 1952 842 sensu
1978 824 2032 842 co—

1208 860 1321 888 mitiali
1347 870 1468 899 semper
1494 860 1598 889 addito
1631 871 1660 889 u.
1687 861 1875 891 tabellarum
1900 872 2030 901 usurpa-

1209 916 1260 939 tur
1281 919 1324 947 79.

1134 958 1303 987 Discedere
1323 958 1446 986 domam
1468 957 1529 985 115.

1135 1006 1322 1044 Discipulus
1354 1005 1470 1034 laboris
1503 1011 1532 1034 et
1558 1005 1631 1044 fori
1667 1006 1730 1035 206.

1209 1056 1271 1082 tori
1284 1054 1348 1082 205.

1132 1103 1255 1139 Dispar
1274 1111 1386 1130 caussa
1405 1110 1469 1129 200.
1490 1101 1597 1138 dispar
1613 1102 1734 1139 gloriae
1757 1103 1818 1140 159.

1132 1151 1310 1178 Dissoluere
1332 1151 1502 1187 pecuniam
1528 1149 1603 1187 quid
1627 1149 1781 1188 significet
1803 1160 1864 1188 179.
1895 1150 1995 1178 differt
2015 1161 2030 1178 a

1206 1199 1323 1226 soluere
1337 1208 1406 1234 pec.
1425 1197 1500 1225 ibid.

1132 1245 1271 1280 Drusus,
1292 1246 1335 1274 M.
1356 1245 1467 1273 Liuios
1488 1246 1569 1281 (11011
1588 1247 1751 1283 Licinius)
1774 1247 1834 1276 113.

1131 1293 1282 1321 Duiliana
1302 1293 1442 1321 columna
1465 1293 1524 1322 160.

1131 1341 1275 1376 Duilius,
1296 1341 1348 1377 C.‚
1370 1342 1478 1370 consul
1500 1343 1559 1380 159.
1587 1341 1624 1370 (10
1643 1340 1796 1380 scriptiua
1816 1341 1906 1371 huius
1926 1344 2028 1371 nomi-

1205 1389 1254 1417 nis
1277 1390 1329 1427 159
1349 1399 1413 1428 sqq.

1771 1016 1842 1045 opp.
1875 1006 2032 1034 declama-

1564 1474 1602 1502 Ε.

1128 1532 1300 1561 Eblanclita
1320 1532 1478 1571 suff-agia
1499 1531 1599 1570 qualia
1618 1531 1681 1559 sint
1701 1531 1746 1560 (38.

1126 1581 1170 1610 Ec
1197 1581 1231 1609 in
1257 1580 1442 1619 pronomine
1471 1581 1573 1617 ecquis
1607 1584 1638 1607 et
1665 1579 1698 1606 in
1725 1579 1830 1608 uerbis
1857 1581 2026 1619 conpositis

1201 1639 1291 1667 saepe
1311 1639 1328 1656 a
1345 1627 1482 1656 librariis
1502 1627 1535 1655 in
1556 1633 1585 1656 et
1604 1628 1653 1664 (ct
1672 1631 1724 1663 ut)
1743 1627 1941 1666 deprauatum
1966 1639 2027 1664 170.

1205 1678 1257 1707 185
1276 1688 1319 1715 sq.

1128 1726 1338 1764 Ecquisquam
1363 1733 1535 1762 pronomen
1560 1723 1787 1752 restituendum
1821 1734 1859 1752 cx
1887 1730 1914 1752 et
1941 1726 2027 1762 quis-

1202 1783 1297 1811 quam
1322 1772 1383 1801 185.

1127 1822 1260 1851 Eclili'cii'
1278 1821 1404 1849 iudices.
1432 1819 1505 1847 Uid.
1526 1819 1650 1847 ludices
1670 1818 1796 1847 editicii.

1127 1870 1233 1898 Editio
1253 1869 1392 1897 iudicum
1415 1866 1476 1895 126.

1125 1918 1224 1945 Edere
1245 1918 1344 1944 uitam
1364 1917 1427 1944 228.

1128 1966 1262 1995 Eclucere
1282 1964 1326 1992 ad
1344 1964 1480 2002 aliquem
1512 1964 1572 1992 152.

1123 2013 1190 2051 ‚Ego
1210 2021 1383 2051 pronomen
1402 2011 1533 2050 ponitur
1554 2010 1644 2038 ctiam
1670 2008 1725 2036 ubi
1745 2008 1832 2036 nulla
1852 2013 1897 2036 cst
1916 2017 2024 2046 perso-

1198 2070 1307 2088 narum
1327 2058 1483 2097 oppositio
1505 2058 1565 2086 140.
1594 2057 1647 2085 ubi
1668 2057 1715 2084 bis
1736 2056 1791 2084 11111
1810 2056 1907 2084 uerbo
1928 2056 2025 2094 adpo-

1197 2113 1289 2135 natur
1320 2115 1381 2134 110.
1417 2105 1538 2144 saepius
1565 2115 1582 2132 a
1601 2104 1737 2132 librariis
1766 2104 1910 2133 omissum
1935 2114 2024 2142 quam

1197 2155 1335 2184 additum
1358 2154 1419 2182 140.

1123 2204 1188 2240 Ego
1215 2212 1288 2230 uero
1315 2202 1379 2230 233.

1122 2251 1190 2288 Ego
1211 2260 1292 2277 unus
1312 2254 1343 2277 ct
1362 2260 1444 2277 unus
1465 2259 1518 2287 ego
1537 2258 1630 2277 sensu
1650 2247 1795 2276 differunt
1812 2247 1873 2281 157.

1120 2298 1212 2327 Enim
1230 2297 1367 2335 pendens
1391 2307 1407 2325 a
1426 2306 1590 2335 suppressa
1610 2294 1763 2323 sententia
1782 2303 1846 2322 221.

1119 2346 1294 2374 Enucleare
1304 2343 1377 2382 quid
1387 2343 1539 2381 significet
1547 2343 1592 2372 68.
1611 2343 1772 2370 enucleata
1781 2339 1937 2379 suffragia
1945 2339 2021 2367 ibid.

1119 2393 1194 2421 Esse
1214 2403 1231 2421 a
1245 2391 1449 2430 scriptoribus
1470 2392 1521 2420 lat.
1544 2391 1576 2418 iu
1592 2388 1820 2417 elocutionibus
1839 2386 2021 2426 quibusdam

1194 2450 1256 2468 11011
1271 2439 1409 2468 additum
1422 2442 1482 2469 182.
1498 2437 1656 2466 interdum
1672 2437 1708 2464 ab
1725 2435 1950 2474 interpretibus
1966 2434 2020 2463 ad-

1194 2489 1291 2517 ditum
1311 2487 1468 2516 XLVIII.
1491 2486 1527 2515 ab
1547 2485 1685 2514 librariis
1708 2484 1854 2513 omissum
1873 2483 1944 2512 LII.

1567 2538 1603 2564 4³.
