2185 2720
185 160 266 190 LVI
860 160 1392 193 PROLEGOMENA.

188 233 264 273 15.),
290 233 382 272 longe
401 233 484 263 alius«
501 231 624 270 generis
650 236 713 262 esti
749 233 876 264 eandem
903 236 943 265 ob
970 246 1106 265 caussam
1131 246 1194 265 non
1214 237 1319 275 potuit
1345 236 1408 266 dici
1427 238 1512 266 locus
1525 242 1713 276 praetorius.
1751 242 1830 272 Item
1849 253 1912 273 non
1932 244 2060 273 memini

181 291 282 319 genus
302 281 419 310 dictum
433 280 634 318 praetorium
653 289 736 317 esse;
764 286 812 310 set
830 281 863 310 id
881 286 918 310 ut
935 288 1021 312 recte
1041 283 1178 319 dicatur,
1204 288 1305 312 tamen
1324 293 1393 313 meo
1413 284 1531 315 iudicio
1550 286 1647 315 multo
1667 287 1768 325 aptius
1793 290 1914 320 locutus
1936 291 2060 320 Tullius

186 333 249 364 est,
269 328 296 356 si
315 329 374 357 tris
392 328 465 355 illos
485 325 597 365 gradus
616 326 826 366 distinguens,
852 329 983 367 singulis
1002 328 1164 365 adiectiuis
1190 330 1287 368 ipsius
1316 331 1524 367 distinctionis
1550 343 1654 362 caussa
1679 344 1767 363 suum
1794 337 1911 367 addidit
1937 347 2061 375 nomen,

185 385 275 413 quam
295 375 322 403 si
343 375 560 404 consularibus
578 378 610 403 et
627 376 794 413 praetoriis
814 385 910 404 unum
930 376 1072 416 idemque
1098 387 1210 406 nomen
1230 378 1390 407 adtribuit.
1430 379 1523 408 Certe
1543 385 1604 409 tam
1624 381 1744 418 egregie
1764 383 1866 412 addito
1886 386 1982 414 uerbo
2003 385 2060 414 illo

185 422 286 450 oratio
313 422 474 460 procedit,
505 427 542 452 ut
567 421 603 451 id
628 421 665 449 ab
694 421 772 450 alius
799 432 889 460 quam
910 423 998 452 Tulli
1017 435 1110 454 manu
1136 425 1313 463 profectum
1338 435 1404 453 esse
1431 425 1509 454 mihi
1534 436 1698 465 numquam
1724 431 1908 466 persuadere
1934 433 2060 470 possim.

184 467 317 496 Accedit
336 468 480 508 denique,
500 469 584 508 quod
602 468 704 497 solum
717 468 774 504 Le,
795 469 847 507 qui
867 469 900 497 in
919 469 1008 506 locis,
1029 472 1066 500 de
1087 472 1199 510 quibus
1220 471 1329 509 agitur,
1351 473 1454 500 cumB
1474 473 1542 501 ctE
1562 474 1646 509 facit,
1666 475 1757 504 etiam
1777 476 1851 505 alibi
1871 479 1975 506 cumB
1992 479 2060 508 etE

183 516 278 544 uerba
293 516 434 546 uidemus
447 526 596 553 seruasse,
610 524 688 555 quae
703 523 793 543 nemo
809 526 951 554 umquam
966 527 1024 555 pro
1036 517 1191 546 Tullianis
1205 517 1319 547 habere
1336 518 1498 548 dubitauit.
1518 519 1600 548 Dico
1618 521 1651 549 G.
1665 521 1756 551 XIII.
1773 523 1800 562 5.
1812 525 1857 553 31.
1877 527 1932 562 qui
1944 527 1972 553 si
1987 532 2062 554 esset

185 565 405 601 turpissumus,
427 567 462 592 si
480 564 733 596 sordidissumus,
753 562 809 590 ubi
827 564 863 597 B,
882 563 920 599 E,
941 569 972 592 et
990 565 1037 593 Lc
1057 564 1117 593 soli
1138 567 1166 592 si
1185 570 1255 593 ante
1274 566 1354 595 sord.
1374 565 1498 601 habent,
1518 571 1549 595 ct
1569 567 1740 598 (LXXVI.
1760 568 1787 609 5.
1807 571 1852 599 64.
1872 578 1975 600 tamen
1994 583 2063 602 eum

181 621 228 639 me
241 617 356 648 postea
376 611 482 649 fuisse
500 613 535 638 in
555 610 712 638 maxumis
737 611 926 647 imperiis
952 612 1104 647 arbitror,
1131 622 1191 650 quo
1211 612 1281 640 loeo
1307 611 1389 640 idem
1409 612 1458 640 issi
1477 618 1539 641 tres
1559 613 1634 642 libri
1654 616 1713 644 soli
1732 619 1871 655 imperiis
1889 625 2060 649 seruarunt.

257 667 430 695 Facillumo
451 667 544 695 etiam
564 677 671 696 errore
691 665 729 696 C.
749 666 807 695 IV.
826 665 921 706 5.11.
949 668 1007 696 Est
1027 670 1107 697 enim
1126 668 1203 697 haec
1224 670 1362 698 condicio
1389 670 1554 698 liberorum
1574 673 1761 708 populorum
1785 685 1958 714 pronomen
1982 676 2060 705 haee

181 714 386 753 praecedente
414 715 496 743 enim
520 715 676 752 particula
704 714 811 743 omitti
837 715 950 753 potuit.
989 715 1059 752 Quo
1086 715 1188 745 minus
1216 716 1357 746 dubitaui
1386 718 1419 746 id
1446 726 1486 744 ex
1510 717 1553 753 B,
1580 717 1624 754 E,
1650 719 1712 755 La,
1739 728 1759 757 χ
1777 730 1800 758 1,
1821 727 1852 751 et
1870 723 1888 752 3
1907 723 2058 762 recipere,

181 761 364 800 praesertim
383 770 470 796 cum,
490 760 523 789 id
543 762 628 799 quod
647 773 752 791 omnes
774 761 1002 791 intellexerunt
1021 762 1172 799 editores,
1192 762 1230 791 ad
1249 773 1372 792 sensum
1390 773 1488 803 paene
1507 765 1714 795 necessarimn
1734 767 1783 796 sit.

256 818 345 847 Unus
365 822 487 847 tantum
506 818 593 847 locus
614 824 675 855 est,
704 821 737 848 in
758 830 822 859 quo
842 829 905 848 non
926 830 993 848 sum
1012 830 1102 848 ausus
1122 820 1276 858 recipere,
1313 821 1396 859 quod
1414 822 1440 849 B
1461 826 1491 849 et
1510 821 1536 849 E
1558 831 1628 851 011111
1646 833 1709 852 11110
1729 824 1799 854 fam.
1819 825 1930 854 tertiae
1949 827 2058 856 codiee

182 864 306 893 addunt.
346 865 376 893 Is
397 870 482 894 extat
502 866 536 894 C.
551 866 698 896 XXXII.
721 866 746 905 5.
760 870 805 904 78.
829 872 861 896 et
880 867 972 904 uolgo
993 867 1038 895 sic
1059 866 1192 905 scriptus
1212 867 1341 905 legitur:
1362 879 1424 896 non
1443 870 1518 906 quia
1538 869 1646 897 multis
1665 871 1773 900 debeo:
1794 873 1861 901 leue
1880 876 1962 902 enim
1980 885 2058 903 onus

181 912 311 948 benefici
326 915 452 950 gratia.-
482 919 528 941 set
546 914 623 951 quia
642 924 732 951 saepe
752 920 948 943 concurrunt
968 919 1037 942 etc..
1075 915 1138 943 Hic
1158 915 1256 943 codex
1277 915 1426 944 Garatoni
1447 925 1514 943 011111
1534 915 1559 944 Β
1578 921 1608 945 et
1627 916 1653 944 E
1674 923 1745 956 post
1764 921 1845 947 enim
1864 921 1993 949 uerbum
2013 928 2058 950 est

181 958 282 993 addit,
303 958 385 996 quod
405 970 474 988 cum
493 960 600 989 multis
619 961 712 989 simul
730 961 870 991 librariis
892 961 1065 990 addendum
1084 967 1190 1000 posset
1208 962 1327 998 uideri,
1359 963 1469 991 Cicero
1490 968 1591 992 autem
1609 964 1730 994 adicere
1750 965 1901 995 eiusmodi
1919 967 2056 997 membro

182 1006 346 1043 orationis,
367 1007 457 1045 quale
475 1006 535 1037 1100
555 1011 617 1044 est,
636 1017 701 1037 non
720 1008 834 1046 soleat,
855 1020 872 1039 a
890 1017 942 1039 ,me
962 1008 997 1037 iu
1016 1014 1138 1039 textum
1156 1014 1316 1048 receptum
1335 1018 1398 1037 non
1419 1015 1474 1039 est.

1008 1202 1141 1238 CAP.
1183 1203 1229 1238 II.

253 1297 320 1325 DE
356 1296 953 1338 INTERPOLATIONIBUS,
988 1301 1183 1339 QUIBUS
1211 1299 1388 1330 OMNES
1415 1298 1641 1329 CODICES
1668 1300 1980 1331 DEPRAUATI

1042 1362 1190 1391 SUNT.

253 1445 518 1480 Quemadmodum
538 1447 571 1472 in
591 1446 844 1474 antecedentibus
865 1449 964 1475 omnis
984 1450 1132 1477 orationis
1148 1447 1332 1477 Plancianae
1351 1445 1437 1473 locos
1456 1444 1664 1480 tractauimus,
1685 1454 1760 1483 quos
1783 1445 1923 1475 codicum
1943 1453 2052 1477 aucto-

176 1490 269 1518 ritate
288 1490 465 1519 liberandos
486 1492 692 1531 interpretum
713 1493 928 1522 additamentis
946 1499 1107 1532 putamus,
1127 1494 1172 1522 ita
1191 1497 1430 1521 consentanemn
1449 1491 1545 1519 fuisse
1564 1490 1733 1527 uidebitur,
1752 1496 1788 1520 ut
1807 1493 1950 1523 similiter
1968 1505 2051 1525 nunc

177 1537 214 1565 de
234 1537 272 1564 iis
293 1537 371 1565 Iocis
391 1547 633 1576 exponeremus,
668 1550 744 1577 quos
763 1545 894 1578 propter
919 1541 1015 1569 solam
1036 1540 1238 1576 sententiam,
1274 1550 1363 1578 quam
1388 1539 1557 1578 praebent,
1590 1537 1686 1566 11111115
1706 1538 1775 1566 nixi
1796 1541 1932 1569 externis
1959 1552 2052 1580 argu-

176 1585 289 1612 mentis
310 1595 366 1622 pro
386 1585 532 1614 insiticiis
548 1585 739 1615 haberemus.
767 1588 922 1616 Fecissem
941 1587 1011 1624 hoc,
1030 1588 1092 1616 nisi
1112 1588 1222 1616 critica
1240 1587 1295 1615 illa
1313 1587 1529 1625 plurumorum
1547 1586 1690 1614 locorum
1708 1587 1852 1615 tractatio
1872 1589 2051 1619 arctissume

176 1643 246 1660 011111
265 1633 524 1670 interpretatione
544 1635 717 1671 exegetica,
745 1635 795 1662 cui
816 1636 1053 1664 commentarius
1074 1635 1244 1664 destinatus
1264 1639 1346 1669 erat,
1373 1634 1539 1662 coniuncta
1557 1633 1677 1661 suisset.
1715 1632 1824 1670 Itaque
1850 1635 1944 1664 satius
1964 1636 2050 1675 duxi‚

175 1679 208 1706 in
229 1679 297 1716 ipso
319 1681 540 1709 commentario
561 1681 623 1709 suis
651 1681 728 1709 locis
748 1691 783 1708 ea
802 1682 943 1719 proferre
964 1687 1159 1720 argumenta,
1193 1681 1302 1719 quibus
1324 1680 1432 1709 ductus
1453 1689 1570 1715 essem,
1602 1683 1639 1707 ut
1659 1679 1753 1707 uerba
1773 1681 1918 1717 quaedam
1926 1703 1936 1718 ‚
1970 1694 2049 1722 quae

175 1726 207 1753 in
229 1725 371 1753 omuibus
392 1727 550 1757 codicibus
579 1728 725 1765 leguntur
745 1728 877 1765 scripta,
910 1738 973 1756 non
992 1735 1133 1767 putarem
1154 1740 1170 1757 a
1189 1729 1233 1758 M.
1256 1727 1364 1755 Tullio
1384 1727 1526 1765 profecta
1545 1735 1620 1754 esse.
1659 1725 1873 1756 Nihilominus
1892 1738 1957 1757 non
1975 1730 2048 1759 inu-

174 1772 231 1800 tile
251 1772 397 1809 uisumst,
430 1774 517 1802 locos
543 1775 615 1802 11105
642 1775 740 1802 01111115
761 1775 914 1803 lectorum
944 1776 1042 1804 oculis
1062 1776 1113 1804 1110
1144 1776 1303 1810 subicere,
1337 1779 1374 1803 ut
1393 1784 1454 1802 uno
1475 1774 1588 1801 obtutu
1608 1773 1877 1812 conspicerentur,
1910 1780 1942 1804 et
1961 1777 2048 1807 cuius

175 1819 295 1856 generis
316 1826 434 1856 essent,
462 1831 538 1859 quae
557 1822 677 1850 anticus
704 1821 858 1860 interpres
878 1822 955 1850 mihi
976 1823 1061 1851 uisus
1082 1829 1163 1852 esset
1183 1821 1320 1851 addenda
1340 1820 1512 1856 censuisse,
1541 1820 1665 1848 facilius
1686 1821 1829 1858 cognosci
1847 1829 1960 1860 posset.
1996 1825 2048 1853 De

176 1866 294 1895 duobus
314 1871 433 1895 tantum
452 1868 546 1904 locis,
579 1869 632 1907 qui
651 1869 824 1906 longiorem
844 1870 1045 1907 requirebant
1066 1870 1329 1909 disquisitionem,
1358 1879 1447 1907 quam
1467 1877 1543 1906 quae
1563 1872 1633 1906 apte
1653 1869 1873 1897 comeum-io
1893 1870 2048 1900 inserere-

174 1919 240 1948 tur,
261 1914 312 1942 hic
333 1924 490 1952 exponere
510 1915 645 1943 decreui.
684 1915 734 1942 De
754 1915 792 1943 115
815 1916 929 1954 dicam,
956 1917 1011 1946 ubi
1029 1928 1218 1947 recensuero
1238 1917 1310 1946 11105
1330 1916 1431 1952 10005,
1457 1915 1495 1944 ‹le
1515 1914 1627 1953 quibus
1647 1914 1682 1943 111
1702 1916 1923 1945 commentario
1942 1919 2046 1947 moni-

174 1967 249 1989 tum.
289 1961 367 1990 Sunt
387 1966 488 1990 autem
508 1962 560 1990 hi:

248 2023 283 2052 C.
306 2023 362 2052 VI.
383 2022 410 2062 5.
434 2025 475 2053 14.
515 2025 598 2054 nilzil
615 2027 679 2054 iam
698 2032 752 2060 est,
774 2027 856 2064 quod
867 2030 985 2065 populo
1005 2030 1217 2066 supplicem&
1238 2027 1321 2056 nillil
1338 2025 1422 2065 quod
1439 2024 1595 2058 diribitio,
1615 2023 1697 2054 nihil
1715 2025 1799 2064 quod
1814 2028 1933 2066 [supp
1941 2030 2046 2058 lica-

173 2074 230 2099 tio
251 2074 584 2108 magistratuum]
603 2075 794 2101 renuntiatio
813 2074 1039 2113 suff-agiorarn
1059 2081 1243 2113 expectetur.

247 2118 282 2146 C.
301 2117 377 2145 XII.
398 2117 426 2158 5.
446 2128 491 2157 29.
529 2120 631 2156 Atqui
657 2119 734 2147 haee
759 2128 833 2149 sunt
857 2124 1053 2156 [indicia]
1079 2122 1196 2156 solida,
1222 2122 1354 2154 iudices,
1382 2125 1412 2148 et
1438 2128 1581 2156 expressa
1605 2118 1735 2153 [lzaec]
1759 2122 1853 2158 signa
1868 2121 2043 2158 probitatis,

173 2176 233 2193 non
251 2165 370 2203 fitcata
389 2165 516 2203 forensi
540 2168 654 2203 specie,
680 2173 724 2194 set
744 2167 917 2197 domesticis
936 2171 1044 2198 inusta
1070 2171 1151 2196 notis
1171 2170 1323 2196 ueritatis.
1360 2167 1480 2196 Facilis
1500 2171 1544 2193 est
1570 2166 1629 2193 illa
1648 2168 1820 2195 occursatio
1839 2173 1870 2196 et
1887 2168 2044 2197 blanditia

166 2214 351 2250 pcqmlaris;
380 2214 549 2250 aspicitur,
569 2224 630 2241 non
650 2214 865 2250 adimantum
886 2217 1000 2252 procul
1017 2223 1167 2253 apparet,
1193 2225 1255 2244 non
1275 2216 1432 2242 excutitur
1457 2215 1551 2247 [non
1575 2214 1617 2241 in
1641 2222 1779 2241 manus
1806 2215 2003 2249 sumiturJ.

245 2259 279 2288 C.
301 2259 426 2288 XVIII.
446 2259 474 2299 5.
494 2260 539 2288 44.
578 2260 702 2288 Etenim
722 2263 791 2299 quis
811 2268 841 2290 te
860 2268 927 2290 tum
946 2263 1072 2291 audiret
1090 2261 1238 2289 illorum?
1267 2267 1324 2289 aut
1343 2261 1422 2299 quid
1439 2260 1583 2289 diceres?
1606 2266 1828 2298 sequestremne
1845 2260 2042 2289 Plancium?

170 2313 348 2344 respuerent
372 2317 479 2343 aures,
505 2318 591 2336 nemo
616 2308 817 2346 adgnosceret
845 2311 879 2343 [r
889 2310 993 2346 epucl
1000 2310 1013 2337 i
1021 2319 1117 2337 aren
1129 2312 1158 2343 t]
1165 2318 1177 2342 ;
1203 2318 1246 2336 an
1268 2307 1470 2346 gratiosum?
1488 2309 1539 2337 illi
1557 2306 1696 2336 lubenter
1715 2307 1878 2342 audirent,
1904 2316 1960 2334 nos
1979 2317 2041 2336 non

171 2354 278 2383 timide
298 2355 521 2390 confiteremur.

245 2401 279 2429 C.
299 2401 423 2428 XVIII.
443 2399 471 2440 5.
490 2402 536 2431 45.
574 2403 638 2432 Isto
664 2405 698 2431 in
719 2413 832 2440 genere
858 2408 887 2431 et
907 2402 1033 2440 fuimus
1060 2403 1140 2440 ipsi,
1164 2413 1234 2430 cum
1262 2402 1440 2431 ambitionis
1459 2407 1583 2430 nostrae
1602 2407 1740 2437 tempora
1759 2399 1982 2436 postulabant,
2009 2408 2039 2429 et

170 2450 366 2478 clarissumos
386 2450 471 2477 uiros
491 2460 551 2478 csse
572 2451 707 2478 uidimus
728 2457 756 2478 et
776 2449 865 2478 hodie
886 2460 946 2478 esse
967 2450 1106 2478 uidemus
1127 2460 1220 2488 quam
1235 2451 1397 2487 plurumos
1424 2448 1667 2487 [gratioso-U.
