2185 2720
857 147 883 176 c
903 148 931 175 A
951 147 992 176 P.
1030 145 1156 176 va.
1184 146 1212 187 §.
1241 152 1374 180 44—45.
2006 161 2057 186 155¹

175 226 225 252 est
245 220 281 251 in
304 219 415 252 classis
442 221 602 263 quasdam
627 221 816 263 distribuit,
840 221 979 265 singulis
1003 221 1148 254 decuriis
1173 222 1371 255 decuriones
1395 236 1624 268 prat-ponens,
1655 238 1802 268 quorum
1825 233 1891 268 est,
1916 228 2055 269 efficere,

173 279 212 304 ut
235 273 409 313 decuriae,
444 275 564 316 quibus
587 280 765 316 praesunt,
798 287 871 306 eam
894 275 929 306 in
953 273 1096 305 comitiis
1117 276 1318 308 sententiam
1341 276 1469 316 serant,
1505 290 1603 320 quam
1628 279 1711 311 ferri
1734 281 1808 312 uolt
1830 281 1874 319 is,
1912 281 1969 322 qui
1996 281 2057 313 tri-

170 324 260 357 bulis
289 326 412 357 dicitur
443 326 627 357 decuriare.
672 328 722 358 Ea
744 327 876 358 ratione
898 339 965 358 non
995 339 1078 370 opus
1102 328 1245 360 habebat
1266 329 1311 368 is,
1353 330 1411 372 qni
1435 343 1467 361 n.
1494 342 1520 363 c,
1544 343 1562 362 a
1585 333 1676 363 tribu
1700 345 1759 364 sua
1780 333 1897 365 aedilis
1920 335 2056 366 uolebat

169 378 295 417 creari,
322 385 360 409 ut
381 379 529 421 singulos
552 379 722 419 homines,
747 380 805 422 qui
828 380 898 411 eius
922 379 1030 411 tribus
1054 387 1164 420 erant,
1195 383 1384 423 appellaret
1406 383 1537 425 sibique
1562 384 1768 425 deuinciret,
1800 392 1850 418 set
1872 387 1950 418 satis
1974 393 2055 427 erat,

166 430 244 462 illos
266 437 398 463 tantum
422 431 593 470 homines,
627 444 710 474 quos
736 433 933 464 decuriones
958 432 1092 472 fecerat,
1116 433 1296 476 largitione
1317 435 1428 466 alioue
1451 437 1554 467 modo
1580 437 1643 468 sibi
1664 439 1868 471 conciliasse.
1913 441 1973 472 Isti
1995 452 2055 471 au-

166 490 236 516 tem
260 484 456 515 decuriones
472 486 498 526 ¹)
522 491 580 516 aut
605 486 804 517 auctoritate
828 497 906 524 sua,
941 492 998 516 aut
1022 486 1144 527 gratia,
1179 493 1235 517 aut
1259 488 1432 529 precibus,
1455 496 1512 520 aut
1536 490 1733 532 largitione,
1767 498 1824 523 aut
1848 493 1994 535 denique
2017 493 2053 524 ui

165 537 318 569 solebant
341 536 488 576 efficere,
512 543 550 568 ut
571 549 623 575 ea,
652 550 753 580 quam
776 538 952 577 uolebant,
976 538 1012 569 in
1036 538 1180 570 comitiis
1203 541 1369 571 sententia
1391 553 1410 572 a
1433 542 1578 574 decuriis
1602 543 1669 575 suis
1693 543 1852 576 ferretur.
1892 546 2053 578 Alterum

165 591 260 630 illut,
284 589 472 622 describere
492 592 677 634 populum,
701 591 742 622 de
766 603 804 622 eo
829 591 957 622 dictum
984 591 1137 631 uidetur,
1162 593 1220 635 qui
1243 594 1410 635 reliquam
1432 595 1553 638 populi
1577 595 1851 637 multitudinem,
1877 611 1961 641 quae
1983 611 2052 631 non

164 650 236 675 erat
256 643 292 674 in
316 642 420 686 ipsius
444 643 553 683 tribu,
578 645 764 675 simillumo
788 644 890 675 modo
914 644 949 675 in
974 645 1084 676 classis
1109 645 1269 687 quasdam
1294 646 1531 688 distribuebat,
1563 649 1672 691 iisque
1697 649 1855 682 classibus
1878 652 2053 694 praeficie-

163 696 235 736 bat,
270 695 328 738 qui
350 701 408 726 aut
430 695 610 738 largitione
633 697 788 740 corrupti
810 703 868 728 aut
890 697 955 727 alia
975 709 1186 740 quacumque
1213 700 1344 730 ratione
1367 701 1504 733 adducti
1527 701 1714 741 efficerent,
1749 709 1788 734 ut
1810 704 1944 744 classes,
1977 705 2054 747 qui-

161 748 223 780 bus
246 754 443 791 praeerant,
468 760 540 779 eam
565 749 773 781 declararent
795 749 831 781 in
857 750 1001 781 comitiis
1025 751 1242 789 sententiam,
1269 764 1369 794 quam
1394 754 1557 785 declarari
1580 755 1717 787 uolebat
1739 756 1777 797 is,
1805 757 1863 800 qui
1884 757 2052 801 populum

164 801 384 833 describebat.
431 801 563 832 Eodem
586 813 685 833 sensu
708 803 821 833 statim
844 809 921 845 post
944 804 1154 837 conscribere
1177 805 1304 836 dictum
1328 813 1410 848 puto
1437 819 1518 838 esse.

246 855 297 887 Et
326 854 490 885 bonorum
523 855 676 886 omnium
704 856 777 887 uim
804 869 845 888 ac
868 856 1021 888 dolorem
1046 858 1256 901 evcz'tarunt)
1303 859 1432 891 Rarum
1464 860 1598 891 dicendi
1627 872 1749 903 genus,
1784 863 1857 894 uim
1887 862 2051 894 bonorum

161 908 373 944 excitarunt,
402 917 466 948 pro
490 906 690 948 inpulerunt
715 908 838 949 bonos,
862 915 900 940 ut
923 910 1143 941 uehementer
1165 911 1200 941 in
1225 923 1299 950 eos,
1325 913 1382 954 qui
1406 913 1486 944 haec
1509 912 1675 953 facerent,
1710 914 2051 947 animaduertendum

159 966 329 1004 putarent.
364 960 437 990 Nec
459 966 704 1001 usurpaturum
731 962 931 993 Ciceronem
956 961 1059 994 fuisse
1086 969 1187 1005 puto,
1212 963 1240 994 si
1262 976 1331 995 non
1356 965 1524 997 adiectum
1547 966 1691 997 uerbum
1715 968 1845 999 doloris
1869 974 1965 1000 esset.

244 1014 460 1056 Seque-strela
473 1011 606 1057 sitisse)
654 1014 708 1045 Sic
731 1020 764 1045 et
786 1026 869 1045 mox
891 1015 1026 1045 iterum.
1074 1016 1134 1046 Est
1156 1015 1189 1046 h.
1204 1016 1225 1046 l.
1252 1017 1309 1058 qui
1332 1018 1477 1060 spondet
1500 1019 1701 1061 pecuniam,
1726 1026 1758 1051 et
1782 1020 1919 1062 quidem
1942 1032 2049 1064 suam,

160 1065 219 1108 qui
240 1071 288 1096 est
311 1071 412 1108 caput
436 1066 610 1108 pecuniae.
655 1067 741 1098 Mox
764 1067 836 1110 ipse
859 1067 964 1110 egisse
988 1068 1112 1098 dicitur
1128 1080 1196 1111 per
1218 1076 1437 1113 sequestrem,
1464 1072 1554 1113 quod
1577 1072 1676 1103 aliter
1703 1079 1762 1104 est.
1789 1086 1823 1105 u.
1836 1075 1949 1106 Clau..
1973 1075 2048 1106 ER-

159 1128 328 1151 NESTIUS.
373 1118 551 1150 Ernestius
574 1119 608 1150 h.
636 1118 659 1149 l.
684 1125 891 1160 sequestrem
920 1132 989 1151 esse
1014 1120 1111 1159 dicit,
1144 1121 1201 1162 qui
1225 1122 1402 1163 pecuniam
1426 1123 1590 1165 spondeat
1611 1137 1724 1164 suam,
1757 1133 1857 1169 caput
1879 1126 1922 1158 sit
1943 1138 2048 1169 pecu-

159 1171 246 1202 niae.
292 1171 350 1201 Set
378 1171 459 1203 haut
491 1171 588 1203 facile
624 1183 787 1213 umquam
817 1179 989 1216 sequester
1012 1173 1161 1213 dicetur,
1203 1174 1261 1216 qui
1284 1174 1335 1205 sui
1358 1175 1498 1207 honoris
1523 1188 1635 1209 caussa
1664 1178 1823 1221 suffragia
1845 1179 2046 1222 corruperit,

159 1230 193 1255 et
219 1222 339 1255 eodem
362 1224 465 1256 modo
488 1224 722 1268 accipiendum
750 1224 830 1263 erit,
869 1231 907 1256 ut
929 1225 1002 1257 aliis
1026 1227 1123 1265 locis,
1161 1227 1219 1258 ubi
1248 1226 1338 1258 idem
1372 1227 1545 1260 confertur
1573 1230 1608 1260 in
1632 1230 1817 1263 Plancium.
1862 1234 1997 1275 Nempe
2020 1232 2047 1263 si

159 1277 200 1309 de
224 1289 262 1308 ea
283 1283 415 1308 tantum
441 1278 558 1321 culpa,
592 1290 693 1320 quam
718 1277 890 1317 Plancius,
928 1290 1003 1309 cum
1028 1279 1099 1321 ipse
1123 1279 1329 1310 aedilitatem
1360 1286 1508 1322 peteret,
1546 1285 1774 1324 contraxerit,
1813 1297 1924 1316 sermo
1951 1292 2046 1327 esset,

158 1341 270 1372 neque
293 1331 485 1362 uenditoris
514 1332 600 1374 (cap.
631 1331 692 1371 16.)
722 1342 833 1373 neque
865 1333 1050 1375 sequestris
1080 1344 1202 1364 nomen
1226 1334 1261 1364 in
1286 1345 1363 1364 eum
1387 1334 1595 1366 conueniret.
1641 1337 1699 1368 Set
1730 1338 1830 1370 latius
1859 1345 1952 1382 patet
1982 1340 2047 1371 hoc

158 1384 303 1423 crimen,
334 1390 367 1415 et
388 1384 581 1415 Laterensis
605 1383 723 1425 utique
745 1383 881 1415 Plancio
907 1385 1089 1425 obiecerat,
1119 1387 1217 1417 illum
1241 1399 1336 1418 suam
1361 1398 1495 1428 quoque
1518 1388 1646 1421 tribum
1670 1393 1875 1435 corrupisse,
1912 1398 1950 1423 ut
1971 1392 2045 1424 aliis

158 1449 249 1476 eam,
282 1436 341 1479 qui
363 1437 530 1468 honorem
552 1437 736 1475 ambirent,
766 1437 860 1479 turpi
886 1438 1062 1480 largitione
1085 1445 1198 1480 posset
1219 1440 1408 1470 conciliare.
1454 1441 1583 1473 Eadem
1609 1445 1775 1475 sententia
1804 1456 1875 1488 cap.
1904 1457 1951 1486 17.
1977 1452 2044 1478 est:

161 1491 386 1523 Terentinam
408 1490 576 1522 habuerat
598 1490 756 1522 uenalem
780 1490 946 1521 Plancius.
992 1492 1042 1522 Ita
1065 1491 1190 1523 scilicet
1213 1494 1406 1525 uenditoris
1428 1505 1562 1529 nomen,
1586 1502 1704 1528 contra
1728 1509 1828 1540 quam
1852 1498 2045 1530 noluitEr-

156 1543 301 1582 nestius,
325 1542 466 1585 proprie
490 1548 539 1573 est
562 1542 812 1586 accipiendum,
845 1549 879 1574 et
901 1549 1073 1587 sequester
1099 1555 1233 1587 quoque
1257 1547 1376 1578 eodem
1399 1546 1500 1577 modo
1526 1547 1668 1589 dicitur,
1699 1557 1737 1582 ut
1758 1551 1832 1583 aliis
1855 1550 1956 1590 locis,
1987 1551 2045 1593 qui

158 1606 296 1639 operam
318 1596 400 1627 aliis
426 1601 574 1637 praestat
597 1596 632 1627 in
655 1595 913 1638 corrumpendis
936 1596 1103 1638 suffragiis
1127 1597 1198 1628 siue
1223 1599 1373 1630 iudicum
1404 1599 1476 1630 siue
1499 1601 1626 1641 tribus3
1665 1610 1747 1646 aput
1775 1614 1875 1646 quem
1898 1604 2042 1646 pecunia

157 1649 356 1692 deponitur,
391 1648 448 1690 qui
474 1649 676 1690 promissam
699 1649 839 1690 singulis
863 1649 1041 1691 pecuniam
1065 1650 1177 1681 soluit.
1209 1653 1443 1683 HL‘LDRICFS.
1491 1654 1705 1696 Quamquam
1733 1663 1824 1688 recte
1856 1657 2044 1690 Huldricus

154 1701 292 1735 Ernesti
315 1701 631 1744 interpretationem
656 1714 770 1733 ueram
795 1713 893 1744 posse
917 1713 987 1733 esse
1010 1703 1162 1744 negauit,
1192 1710 1321 1744 tamen,
1352 1717 1451 1747 quam
1475 1706 1546 1748 ipse
1570 1707 1733 1750 protulit,
1768 1709 1949 1751 explicatio
1973 1721 2042 1741 non

152 1754 258 1796 magis
281 1759 403 1784 uerast.
452 1755 541 1785 Nam
563 1755 592 1786 si
616 1767 716 1798 quam
738 1755 812 1786 aliis
839 1755 875 1786 in
898 1755 1052 1793 comitiis,
1080 1767 1180 1797 qnam
1205 1758 1325 1799 quibus
1348 1758 1465 1791 aedilis
1490 1766 1539 1792 est
1562 1766 1703 1798 creatus,
1727 1759 1882 1793 Plancius
1907 1763 2040 1806 culpam

156 1812 385 1845 contraxerat,
411 1806 481 1839 eius
505 1807 657 1850 profecto
681 1820 770 1839 nunc
793 1809 832 1839 ab
856 1814 1078 1847 accussatore,
1105 1809 1162 1851 qui
1186 1810 1219 1840 id
1244 1822 1349 1842 unum
1374 1812 1507 1854 agebat,
1532 1819 1569 1844 ut
1594 1813 1794 1855 inlegitumo
1817 1815 1920 1847 modo
1947 1817 2041 1848 aedi-

154 1860 286 1891 litatem
308 1859 482 1891 Plancium
506 1868 721 1893 consecutum
746 1873 816 1893 esse
842 1861 993 1900 doceret,
1034 1863 1197 1894 accussari
1221 1863 1315 1894 nullo
1339 1871 1436 1906 pacto
1461 1866 1583 1908 potuit.
1628 1867 1750 1908 Neque
1782 1867 1900 1899 Cicero
1932 1869 1974 1900 ad
2003 1881 2040 1901 ea

155 1912 432 1955 respondendum
461 1919 629 1956 putasset,
665 1914 722 1956 qui
746 1925 822 1945 cum
847 1914 944 1946 dicit:
992 1915 1091 1947 Haec
1114 1917 1211 1955 doce,
1248 1917 1330 1948 baec
1357 1918 1498 1961 profer,
1534 1920 1600 1951 huc
1622 1919 1794 1959 incumbe,
1823 1922 2039 1962 Laterensis,

155 1966 351 1999 decuriasse
372 1966 577 2006 Plancium,
601 1969 862 2011 conscripsisse,
889 1974 1097 2011 sequestrem
1111 1968 1247 2011 fuisse,
1274 1972 1537 2012 pronuntiasse,
1568 1973 1748 2011 dimisisse,
1774 1979 1835 2004 etc.
1860 1975 2037 2007 manifesto

152 2020 194 2051 de
216 2031 255 2050 eo
277 2024 408 2050 tantum
435 2019 556 2051 delicto
583 2020 752 2062 loquitur,
777 2033 843 2062 quo
869 2020 1016 2051 ell'ecisse
1041 2032 1116 2052 reus
1140 2022 1360 2063 arguebatur,
1383 2029 1421 2054 ut
1444 2025 1649 2056 aedilitatem
1673 2033 1947 2068 consequeretur.
1970 2029 2039 2060 Ita-

153 2084 219 2115 que
243 2083 312 2103 non
336 2077 385 2102 est
408 2071 567 2112 dubium,
602 2074 683 2115 quin
707 2080 879 2116 sequester
902 2072 1004 2104 fuisse
1027 2073 1180 2105 Plancius
1207 2074 1247 2105 ab
1270 2076 1454 2107 Laterense
1477 2077 1520 2108 sit
1544 2077 1670 2118 dictus,
1702 2079 1793 2121 quod
1819 2081 1964 2112 coitione
1988 2081 2038 2113 fa-

152 2131 204 2157 cta
227 2137 303 2156 cum
326 2124 436 2155 Plotio
465 2126 675 2168 conpetitore
705 2126 778 2169 (cfr.
804 2127 841 2158 C.
866 2127 983 2157 XXII.
1015 2127 1044 2168 ἕ.
1069 2128 1134 2168 53.)
1168 2127 1275 2159 tribus
1300 2128 1460 2169 quasdam
1484 2141 1547 2172 pro
1569 2132 1731 2173 pecunia,
1768 2139 1851 2175 aput
1876 2145 1953 2166 eum
1977 2135 2036 2166 dc-

151 2178 278 2221 posita,
316 2177 428 2208 Plotio
459 2179 660 2210 concesserit
694 2180 749 2210 uel
778 2177 990 2217 uendiderit,
1027 2180 1314 2221 quemadmodum
1351 2181 1500 2214 uicissim
1532 2183 1662 2217 Plotius
1700 2185 1955 2219 existumandus
1986 2195 2036 2220 cst

151 2230 259 2263 tribus
286 2230 465 2273 quasdam,
483 2228 572 2273 'quas
596 2232 660 2262 sibi
684 2232 854 2263 deuinctas
878 2232 1052 2273 habuerit,
1081 2232 1217 2264 Plancio
1244 2234 1455 2266 concessisse.

229 2388 255 2428 1)
292 2390 361 2420 Etsi
386 2403 550 2431 numquam
578 2392 637 2420 isto
658 2402 748 2420 sensu
769 2392 970 2421 decurionum
990 2403 1101 2422 nomen
1121 2398 1303 2432 usurpatum
1322 2394 1465 2432 repperi,
1498 2400 1598 2425 tamen
1619 2407 1682 2426 uon
1702 2403 1748 2427 est
1768 2398 1911 2435 dubium,
1946 2400 2029 2438 quin,

152 2437 206 2477 qui
225 2437 342 2467 sodales
363 2440 526 2476 dicuntur,
546 2440 594 2468 illi
615 2440 676 2480 ipsi
694 2440 828 2476 fuerint,
859 2450 934 2478 quos
955 2450 1010 2478 ego
1032 2442 1233 2470 decurionum
1253 2442 1377 2470 nomine
1397 2444 1513 2471 notaui.

1575 2497 1611 2523 30
