<?xml version="1.0" encoding="UTF-8"?>
<!DOCTYPE html PUBLIC "-//W3C//DTD XHTML 1.0 Transitional//EN"
    "http://www.w3.org/TR/xhtml1/DTD/xhtml1-transitional.dtd">
<html xmlns="http://www.w3.org/1999/xhtml" xml:lang="en" lang="en">
 <head>
  <title>
</title>
<meta http-equiv="Content-Type" content="text/html;charset=utf-8" />
  <meta name='ocr-system' content='tesseract 3.04.00' />
  <meta name='ocr-capabilities' content='ocr_page ocr_carea ocr_par ocr_line ocrx_word'/>
</head>
<body>
  <div class='ocr_page' id='page_1' title='image "./oratioprocnplanc00ciceuoft/oratioprocnplanc00ciceuoft_0320.png"; bbox 0 0 2185 2720; ppageno 0'>
   <div class='ocr_carea' id='block_1_1' title="bbox 136 160 1339 198">
    <p class='ocr_par' dir='ltr' id='par_1_1' title="bbox 136 160 1339 198">
     <span class='ocr_line' id='line_1_1' title="bbox 136 160 1339 198; baseline 0.002 -12"><span class='ocrx_word' id='word_1_1' title='bbox 136 172 187 198; x_wconf 73' lang='lat'>202</span> <span class='ocrx_word' id='word_1_2' title='bbox 763 160 1339 189; x_wconf 87' lang='lat' dir='ltr'><strong>COMMENTARIUS.</strong></span> 
     </span>
    </p>
   </div>
   <div class='ocr_carea' id='block_1_2' title="bbox 136 231 2011 2389">
    <p class='ocr_par' dir='ltr' id='par_1_2' title="bbox 136 231 2000 326">
     <span class='ocr_line' id='line_1_2' title="bbox 136 231 2000 282; baseline -0.002 -13"><span class='ocrx_word' id='word_1_3' title='bbox 136 241 167 273; x_wconf 73' lang='lat' dir='ltr'>si</span> <span class='ocrx_word' id='word_1_4' title='bbox 191 235 329 282; x_wconf 78' lang='lat' dir='ltr'>quando</span> <span class='ocrx_word' id='word_1_5' title='bbox 354 235 497 278; x_wconf 79' lang='lat' dir='ltr'>aliquod</span> <span class='ocrx_word' id='word_1_6' title='bbox 518 233 668 278; x_wconf 80' lang='lat' dir='ltr'>officium</span> <span class='ocrx_word' id='word_1_7' title='bbox 689 233 806 264; x_wconf 79' lang='lat' dir='ltr'>extitit</span> <span class='ocrx_word' id='word_1_8' title='bbox 827 232 942 264; x_wconf 84' lang='lat' dir='ltr'>amici.</span> <span class='ocrx_word' id='word_1_9' title='bbox 977 231 1019 263; x_wconf 89' lang='lat' dir='ltr'>de</span> <span class='ocrx_word' id='word_1_10' title='bbox 1041 231 1159 264; x_wconf 87' lang='lat' dir='ltr'>Diuin.</span> <span class='ocrx_word' id='word_1_11' title='bbox 1183 232 1216 272; x_wconf 87' lang='grc' dir='ltr'>Ι,</span> <span class='ocrx_word' id='word_1_12' title='bbox 1247 232 1299 264; x_wconf 79' lang='grc'>52.</span> <span class='ocrx_word' id='word_1_13' title='bbox 1337 233 1410 265; x_wconf 82' lang='lat' dir='ltr'>sine</span> <span class='ocrx_word' id='word_1_14' title='bbox 1432 232 1542 265; x_wconf 78' lang='lat' dir='ltr'>oculis</span> <span class='ocrx_word' id='word_1_15' title='bbox 1563 245 1630 266; x_wconf 86' lang='lat' dir='ltr'>non</span> <span class='ocrx_word' id='word_1_16' title='bbox 1647 240 1763 278; x_wconf 79' lang='lat' dir='ltr'>potest</span> <span class='ocrx_word' id='word_1_17' title='bbox 1784 240 1902 268; x_wconf 80' lang='lat' dir='ltr'><strong><em>extare</em></strong></span> <span class='ocrx_word' id='word_1_18' title='bbox 1925 235 2000 280; x_wconf 86' lang='lat' dir='ltr'>offi-</span> 
     </span>
     <span class='ocr_line' id='line_1_3' title="bbox 138 287 642 326; baseline -0.016 -1"><span class='ocrx_word' id='word_1_19' title='bbox 138 294 230 326; x_wconf 81' lang='lat' dir='ltr'>cium</span> <span class='ocrx_word' id='word_1_20' title='bbox 253 295 285 322; x_wconf 78' lang='lat' dir='ltr'>et</span> <span class='ocrx_word' id='word_1_21' title='bbox 309 301 432 320; x_wconf 77' lang='lat' dir='ltr'>nntnns</span> <span class='ocrx_word' id='word_1_22' title='bbox 456 287 642 318; x_wconf 75' lang='lat' dir='ltr'>oculorum.</span> 
     </span>
    </p>

    <p class='ocr_par' dir='ltr' id='par_1_3' title="bbox 140 336 2011 1640">
     <span class='ocr_line' id='line_1_4' title="bbox 224 336 2001 385; baseline 0.001 -12"><span class='ocrx_word' id='word_1_23' title='bbox 224 342 331 377; x_wconf 73' lang='lat' dir='ltr'>Nihil</span> <span class='ocrx_word' id='word_1_24' title='bbox 347 352 453 384; x_wconf 84' lang='lat' dir='ltr'>porro</span> <span class='ocrx_word' id='word_1_25' title='bbox 477 345 546 372; x_wconf 83' lang='lat' dir='ltr'>tam</span> <span class='ocrx_word' id='word_1_26' title='bbox 577 340 820 377; x_wconf 79' lang='lat' dir='ltr'>inhumanum,</span> <span class='ocrx_word' id='word_1_27' title='bbox 854 343 926 370; x_wconf 84' lang='lat' dir='ltr'>tam</span> <span class='ocrx_word' id='word_1_28' title='bbox 947 337 1101 376; x_wconf 81' lang='lat' dir='ltr'><em>inmane,</em></span> <span class='ocrx_word' id='word_1_29' title='bbox 1134 342 1207 370; x_wconf 87' lang='lat' dir='ltr'>tam</span> <span class='ocrx_word' id='word_1_30' title='bbox 1220 336 1357 382; x_wconf 82' lang='lat' dir='ltr'>ferum)</span> <span class='ocrx_word' id='word_1_31' title='bbox 1400 337 1460 370; x_wconf 83' lang='lat' dir='ltr'>Est</span> <span class='ocrx_word' id='word_1_32' title='bbox 1488 344 1569 381; x_wconf 87' lang='lat' dir='ltr'>aput</span> <span class='ocrx_word' id='word_1_33' title='bbox 1598 338 1750 382; x_wconf 86' lang='lat' dir='ltr'>Eybium</span> <span class='ocrx_word' id='word_1_34' title='bbox 1778 341 1870 373; x_wconf 77' lang='lat' dir='ltr'>nihil</span> <span class='ocrx_word' id='word_1_35' title='bbox 1892 353 2001 385; x_wconf 80' lang='lat' dir='ltr'>porro</span> 
     </span>
     <span class='ocr_line' id='line_1_5' title="bbox 141 389 2002 436; baseline -0.004 -4"><span class='ocrx_word' id='word_1_36' title='bbox 141 407 212 433; x_wconf 78' lang='lat' dir='ltr'>tam.</span> <span class='ocrx_word' id='word_1_37' title='bbox 234 399 355 433; x_wconf 82' lang='lat' dir='ltr'>inane,</span> <span class='ocrx_word' id='word_1_38' title='bbox 384 399 453 425; x_wconf 78' lang='lat' dir='ltr'>tam</span> <span class='ocrx_word' id='word_1_39' title='bbox 467 392 610 436; x_wconf 67' lang='lat' dir='ltr'>fernmg</span> <span class='ocrx_word' id='word_1_40' title='bbox 639 391 704 423; x_wconf 89' lang='lat' dir='ltr'>duo</span> <span class='ocrx_word' id='word_1_41' title='bbox 727 401 849 433; x_wconf 85' lang='lat' dir='ltr'><strong>nempe</strong></span> <span class='ocrx_word' id='word_1_42' title='bbox 871 390 1033 421; x_wconf 87' lang='lat' dir='ltr'>uocabula</span> <span class='ocrx_word' id='word_1_43' title='bbox 1056 389 1262 422; x_wconf 81' lang='lat' dir='ltr'>coaluerunt.</span> <span class='ocrx_word' id='word_1_44' title='bbox 1308 392 1364 423; x_wconf 87' lang='lat' dir='ltr'>Set</span> <span class='ocrx_word' id='word_1_45' title='bbox 1386 390 1483 434; x_wconf 86' lang='lat' dir='ltr'>quid,</span> <span class='ocrx_word' id='word_1_46' title='bbox 1515 392 1543 423; x_wconf 87' lang='lat' dir='ltr'>si</span> <span class='ocrx_word' id='word_1_47' title='bbox 1567 403 1610 424; x_wconf 80' lang='lat' dir='ltr'>ex</span> <span class='ocrx_word' id='word_1_48' title='bbox 1633 392 1915 435; x_wconf 83' lang='lat' dir='ltr'><strong>superscriptione</strong></span> <span class='ocrx_word' id='word_1_49' title='bbox 1937 394 2002 426; x_wconf 89' lang='lat' dir='ltr'>ali-</span> 
     </span>
     <span class='ocr_line' id='line_1_6' title="bbox 141 442 2001 495; baseline -0.003 -12"><span class='ocrx_word' id='word_1_50' title='bbox 141 463 207 495; x_wconf 85' lang='lat' dir='ltr'>qua</span> <span class='ocrx_word' id='word_1_51' title='bbox 227 449 283 481; x_wconf 86' lang='lat' dir='ltr'>nel</span> <span class='ocrx_word' id='word_1_52' title='bbox 306 445 523 488; x_wconf 72' lang='lat' dir='ltr'>adscriptione</span> <span class='ocrx_word' id='word_1_53' title='bbox 546 445 734 488; x_wconf 82' lang='lat' dir='ltr'>profectum</span> <span class='ocrx_word' id='word_1_54' title='bbox 756 444 836 474; x_wconf 87' lang='lat' dir='ltr'>istut</span> <span class='ocrx_word' id='word_1_55' title='bbox 857 444 994 476; x_wconf 78' lang='lat' dir='ltr'><em>inmane</em></span> <span class='ocrx_word' id='word_1_56' title='bbox 1015 442 1077 474; x_wconf 84' lang='lat' dir='ltr'>sit&#39;.&gt;</span> <span class='ocrx_word' id='word_1_57' title='bbox 1101 448 1149 474; x_wconf 86' lang='lat' dir='ltr'>est</span> <span class='ocrx_word' id='word_1_58' title='bbox 1171 443 1262 475; x_wconf 87' lang='lat' dir='ltr'>enim</span> <span class='ocrx_word' id='word_1_59' title='bbox 1283 444 1427 475; x_wconf 80' lang='lat' dir='ltr'>uerbum</span> <span class='ocrx_word' id='word_1_60' title='bbox 1448 455 1511 487; x_wconf 91' lang='lat' dir='ltr'>pro</span> <span class='ocrx_word' id='word_1_61' title='bbox 1536 455 1573 476; x_wconf 87' lang='lat' dir='ltr'>re</span> <span class='ocrx_word' id='word_1_62' title='bbox 1594 444 1695 476; x_wconf 87' lang='lat' dir='ltr'>nimis</span> <span class='ocrx_word' id='word_1_63' title='bbox 1717 444 1867 488; x_wconf 84' lang='lat' dir='ltr'>profecto</span> <span class='ocrx_word' id='word_1_64' title='bbox 1890 457 2001 488; x_wconf 85' lang='lat' dir='ltr'>graue.</span> 
     </span>
     <span class='ocr_line' id='line_1_7' title="bbox 142 495 2005 542; baseline -0.001 -10"><span class='ocrx_word' id='word_1_65' title='bbox 142 505 302 538; x_wconf 69' lang='lat' dir='ltr'>Dixerat,</span> <span class='ocrx_word' id='word_1_66' title='bbox 337 500 427 531; x_wconf 72' lang='lat' dir='ltr'>nihil</span> <span class='ocrx_word' id='word_1_67' title='bbox 449 504 520 530; x_wconf 84' lang='lat' dir='ltr'>tam</span> <span class='ocrx_word' id='word_1_68' title='bbox 541 498 719 542; x_wconf 75' lang='lat' dir='ltr'>proprium</span> <span class='ocrx_word' id='word_1_69' title='bbox 743 496 890 528; x_wconf 77' lang='lat' dir='ltr'>hominis</span> <span class='ocrx_word' id='word_1_70' title='bbox 912 497 1101 534; x_wconf 76' lang='lat' dir='ltr'>existztmo3</span> <span class='ocrx_word' id='word_1_71' title='bbox 1135 495 1171 526; x_wconf 85' lang='lat' dir='ltr'>in</span> <span class='ocrx_word' id='word_1_72' title='bbox 1198 496 1410 538; x_wconf 86' lang='lat' dir='ltr'>oppositione</span> <span class='ocrx_word' id='word_1_73' title='bbox 1435 497 1512 529; x_wconf 83' lang='lat' dir='ltr'>satis</span> <span class='ocrx_word' id='word_1_74' title='bbox 1538 503 1610 529; x_wconf 89' lang='lat' dir='ltr'>erat</span> <span class='ocrx_word' id='word_1_75' title='bbox 1630 498 1756 537; x_wconf 85' lang='lat' dir='ltr'>dicere,</span> <span class='ocrx_word' id='word_1_76' title='bbox 1791 499 1882 531; x_wconf 73' lang='lat' dir='ltr'>nihil</span> <span class='ocrx_word' id='word_1_77' title='bbox 1896 511 2005 542; x_wconf 81' lang='lat' dir='ltr'>porro</span> 
     </span>
     <span class='ocr_line' id='line_1_8' title="bbox 145 546 2005 593; baseline -0.002 -7"><span class='ocrx_word' id='word_1_78' title='bbox 145 563 216 589; x_wconf 78' lang='lat' dir='ltr'>tam</span> <span class='ocrx_word' id='word_1_79' title='bbox 239 554 474 585; x_wconf 72' lang='lat' dir='ltr'>inhnmanum.</span> <span class='ocrx_word' id='word_1_80' title='bbox 518 550 655 583; x_wconf 77' lang='lat' dir='ltr'><strong>Addere</strong></span> <span class='ocrx_word' id='word_1_81' title='bbox 678 549 804 592; x_wconf 81' lang='lat' dir='ltr'>placuit</span> <span class='ocrx_word' id='word_1_82' title='bbox 826 548 968 593; x_wconf 81' lang='lat' dir='ltr'>ferum,</span> <span class='ocrx_word' id='word_1_83' title='bbox 999 547 1090 591; x_wconf 84' lang='lat' dir='ltr'>quod</span> <span class='ocrx_word' id='word_1_84' title='bbox 1114 554 1151 580; x_wconf 83' lang='lat' dir='ltr'>ut</span> <span class='ocrx_word' id='word_1_85' title='bbox 1172 546 1308 592; x_wconf 72' lang='grc' dir='ltr'><strong><em>ἄγριον,</em></strong></span> <span class='ocrx_word' id='word_1_86' title='bbox 1335 549 1473 581; x_wconf 88' lang='lat' dir='ltr'>mollius</span> <span class='ocrx_word' id='word_1_87' title='bbox 1501 550 1716 592; x_wconf 83' lang='lat' dir='ltr'>interpretari</span> <span class='ocrx_word' id='word_1_88' title='bbox 1738 551 1825 582; x_wconf 88' lang='lat' dir='ltr'>licet.</span> <span class='ocrx_word' id='word_1_89' title='bbox 1872 551 2005 593; x_wconf 89' lang='lat' dir='ltr'>Quam-</span> 
     </span>
     <span class='ocr_line' id='line_1_9' title="bbox 144 600 2006 651; baseline -0.001 -13"><span class='ocrx_word' id='word_1_90' title='bbox 144 618 244 651; x_wconf 84' lang='lat' dir='ltr'>quam</span> <span class='ocrx_word' id='word_1_91' title='bbox 275 605 309 636; x_wconf 87' lang='lat' dir='ltr'>in</span> <span class='ocrx_word' id='word_1_92' title='bbox 331 617 398 636; x_wconf 88' lang='lat' dir='ltr'>uno</span> <span class='ocrx_word' id='word_1_93' title='bbox 423 603 612 636; x_wconf 81' lang='lat' dir='ltr'>Oxoniensi</span> <span class='ocrx_word' id='word_1_94' title='bbox 636 603 743 646; x_wconf 84' lang='lat' dir='ltr'>aptius</span> <span class='ocrx_word' id='word_1_95' title='bbox 767 609 813 633; x_wconf 86' lang='lat' dir='ltr'>est</span> <span class='ocrx_word' id='word_1_96' title='bbox 827 601 1005 646; x_wconf 79' lang='lat' dir='ltr'>ferreum,</span> <span class='ocrx_word' id='word_1_97' title='bbox 1038 600 1126 643; x_wconf 85' lang='lat' dir='ltr'>quod</span> <span class='ocrx_word' id='word_1_98' title='bbox 1148 600 1320 633; x_wconf 84' lang='lat' dir='ltr'>facillume</span> <span class='ocrx_word' id='word_1_99' title='bbox 1344 602 1520 646; x_wconf 81' lang='lat' dir='ltr'>inferum</span> <span class='ocrx_word' id='word_1_100' title='bbox 1542 603 1728 635; x_wconf 72' lang='lat' dir='ltr'>commutari</span> <span class='ocrx_word' id='word_1_101' title='bbox 1748 604 1868 646; x_wconf 89' lang='lat' dir='ltr'>potuit.</span> <span class='ocrx_word' id='word_1_102' title='bbox 1913 604 2006 636; x_wconf 89' lang='lat' dir='ltr'>Con-</span> 
     </span>
     <span class='ocr_line' id='line_1_10' title="bbox 144 654 2005 702; baseline -0.002 -10"><span class='ocrx_word' id='word_1_103' title='bbox 144 663 328 702; x_wconf 81' lang='lat' dir='ltr'>iunguntur</span> <span class='ocrx_word' id='word_1_104' title='bbox 341 656 446 701; x_wconf 82' lang='lat' dir='ltr'>ferus</span> <span class='ocrx_word' id='word_1_105' title='bbox 470 663 500 687; x_wconf 88' lang='lat' dir='ltr'>et</span> <span class='ocrx_word' id='word_1_106' title='bbox 512 655 656 700; x_wconf 76' lang='lat' dir='ltr'>ferrens</span> <span class='ocrx_word' id='word_1_107' title='bbox 678 656 703 687; x_wconf 94' lang='grc' dir='ltr'>Ι.</span> <span class='ocrx_word' id='word_1_108' title='bbox 728 655 834 698; x_wconf 81' lang='lat' dir='ltr'><strong>Epist.</strong></span> <span class='ocrx_word' id='word_1_109' title='bbox 857 654 897 686; x_wconf 88' lang='lat' dir='ltr'>ad</span> <span class='ocrx_word' id='word_1_110' title='bbox 922 655 965 697; x_wconf 86' lang='lat' dir='ltr'>Q.</span> <span class='ocrx_word' id='word_1_111' title='bbox 990 654 1031 685; x_wconf 89' lang='lat' dir='ltr'>fr.</span> <span class='ocrx_word' id='word_1_112' title='bbox 1057 654 1087 685; x_wconf 84' lang='lat'>5.</span> <span class='ocrx_word' id='word_1_113' title='bbox 1119 660 1266 696; x_wconf 81' lang='lat' dir='ltr'>suntque</span> <span class='ocrx_word' id='word_1_114' title='bbox 1287 666 1403 687; x_wconf 85' lang='lat' dir='ltr'>uersus</span> <span class='ocrx_word' id='word_1_115' title='bbox 1426 656 1613 688; x_wconf 84' lang='lat' dir='ltr'>Tibulliani</span> <span class='ocrx_word' id='word_1_116' title='bbox 1639 656 1813 688; x_wconf 88' lang='lat' dir='ltr'>notissumi</span> <span class='ocrx_word' id='word_1_117' title='bbox 1835 657 1867 696; x_wconf 89' lang='lat' dir='ltr'>I,</span> <span class='ocrx_word' id='word_1_118' title='bbox 1895 669 1950 696; x_wconf 87' lang='lat'>10,</span> <span class='ocrx_word' id='word_1_119' title='bbox 1977 669 2005 689; x_wconf 87' lang='lat'>1.</span> 
     </span>
     <span class='ocr_line' id='line_1_11' title="bbox 145 702 2006 755; baseline -0.002 -10"><span class='ocrx_word' id='word_1_120' title='bbox 145 715 232 755; x_wconf 81' lang='lat' dir='ltr'>Quis</span> <span class='ocrx_word' id='word_1_121' title='bbox 256 711 336 755; x_wconf 81' lang='lat' dir='ltr'>fnit</span> <span class='ocrx_word' id='word_1_122' title='bbox 359 716 438 741; x_wconf 87' lang='lat' dir='ltr'>etc..</span> <span class='ocrx_word' id='word_1_123' title='bbox 483 709 541 740; x_wconf 85' lang='lat' dir='ltr'>Set</span> <span class='ocrx_word' id='word_1_124' title='bbox 570 720 669 750; x_wconf 86' lang='lat' dir='ltr'>quom</span> <span class='ocrx_word' id='word_1_125' title='bbox 693 708 804 739; x_wconf 85' lang='lat' dir='ltr'>abesse</span> <span class='ocrx_word' id='word_1_126' title='bbox 826 708 942 739; x_wconf 89' lang='lat' dir='ltr'>debeat</span> <span class='ocrx_word' id='word_1_127' title='bbox 968 707 1008 738; x_wconf 80' lang='lat' dir='ltr'>ab</span> <span class='ocrx_word' id='word_1_128' title='bbox 1031 707 1093 738; x_wconf 84' lang='lat' dir='ltr'>hac</span> <span class='ocrx_word' id='word_1_129' title='bbox 1114 707 1275 739; x_wconf 85' lang='lat' dir='ltr'>sententia</span> <span class='ocrx_word' id='word_1_130' title='bbox 1303 709 1493 749; x_wconf 83' lang='lat' dir='ltr'>crudelitas,</span> <span class='ocrx_word' id='word_1_131' title='bbox 1535 709 1675 752; x_wconf 86' lang='lat' dir='ltr'>propius</span> <span class='ocrx_word' id='word_1_132' title='bbox 1699 709 1824 740; x_wconf 86' lang='lat' dir='ltr'>accedit</span> <span class='ocrx_word' id='word_1_133' title='bbox 1845 709 1938 741; x_wconf 84' lang='lat' dir='ltr'>locus</span> <span class='ocrx_word' id='word_1_134' title='bbox 1958 702 2006 743; x_wconf 87' lang='lat' dir='ltr'>V.</span> 
     </span>
     <span class='ocr_line' id='line_1_12' title="bbox 145 758 2007 806; baseline -0.003 -7"><span class='ocrx_word' id='word_1_135' title='bbox 145 768 182 799; x_wconf 87' lang='lat' dir='ltr'>iu</span> <span class='ocrx_word' id='word_1_136' title='bbox 205 767 305 799; x_wconf 83' lang='lat' dir='ltr'>Uerr.</span> <span class='ocrx_word' id='word_1_137' title='bbox 328 763 379 795; x_wconf 77' lang='grc'><strong>46.</strong></span> <span class='ocrx_word' id='word_1_138' title='bbox 403 763 491 803; x_wconf 79' lang='lat' dir='ltr'>Quis</span> <span class='ocrx_word' id='word_1_139' title='bbox 515 768 584 794; x_wconf 88' lang='lat' dir='ltr'>tam</span> <span class='ocrx_word' id='word_1_140' title='bbox 598 761 678 805; x_wconf 71' lang='lat' dir='ltr'>filit</span> <span class='ocrx_word' id='word_1_141' title='bbox 702 762 762 793; x_wconf 88' lang='lat' dir='ltr'>illo</span> <span class='ocrx_word' id='word_1_142' title='bbox 786 767 934 805; x_wconf 77' lang='lat' dir='ltr'>tempore</span> <span class='ocrx_word' id='word_1_143' title='bbox 956 761 1065 792; x_wconf 76' lang='lat' dir='ltr'>durus</span> <span class='ocrx_word' id='word_1_144' title='bbox 1090 765 1124 792; x_wconf 85' lang='lat' dir='ltr'>et</span> <span class='ocrx_word' id='word_1_145' title='bbox 1136 758 1291 803; x_wconf 65' lang='lat' dir='ltr'>ferreria,</span> <span class='ocrx_word' id='word_1_146' title='bbox 1315 762 1392 806; x_wconf 78' lang='lat' dir='ltr'>qais</span> <span class='ocrx_word' id='word_1_147' title='bbox 1415 768 1487 794; x_wconf 88' lang='lat' dir='ltr'>tam</span> <span class='ocrx_word' id='word_1_148' title='bbox 1510 763 1718 795; x_wconf 74' lang='lat' dir='ltr'>inhumanus</span> <span class='ocrx_word' id='word_1_149' title='bbox 1734 768 1877 806; x_wconf 78' lang='lat' dir='ltr'>praeter</span> <span class='ocrx_word' id='word_1_150' title='bbox 1899 775 2007 795; x_wconf 81' lang='lat' dir='ltr'>unum</span> 
     </span>
     <span class='ocr_line' id='line_1_13' title="bbox 146 811 2007 861; baseline -0.001 -13"><span class='ocrx_word' id='word_1_151' title='bbox 146 827 178 853; x_wconf 75' lang='lat' dir='ltr'>te.</span> <span class='ocrx_word' id='word_1_152' title='bbox 201 818 269 861; x_wconf 87' lang='lat' dir='ltr'>(cui</span> <span class='ocrx_word' id='word_1_153' title='bbox 290 828 412 859; x_wconf 82' lang='lat' dir='ltr'><strong>nempe</strong></span> <span class='ocrx_word' id='word_1_154' title='bbox 435 812 574 860; x_wconf 69' lang='grc' dir='ltr'><em>χάλκεον</em></span> <span class='ocrx_word' id='word_1_155' title='bbox 597 811 709 856; x_wconf 67' lang='grc' dir='ltr'>ἦτορ),</span> <span class='ocrx_word' id='word_1_156' title='bbox 735 815 818 858; x_wconf 74' lang='lat' dir='ltr'>quin</span> <span class='ocrx_word' id='word_1_157' title='bbox 841 815 981 847; x_wconf 78' lang='lat' dir='ltr'>illorum</span> <span class='ocrx_word' id='word_1_158' title='bbox 1002 818 1131 851; x_wconf 78' lang='lat' dir='ltr'>aetate,</span> <span class='ocrx_word' id='word_1_159' title='bbox 1154 812 1350 853; x_wconf 82' lang='lat' dir='ltr'>nobilitate,</span> <span class='ocrx_word' id='word_1_160' title='bbox 1373 815 1514 847; x_wconf 85' lang='lat' dir='ltr'>miseria</span> <span class='ocrx_word' id='word_1_161' title='bbox 1538 816 1821 848; x_wconf 78' lang='lat' dir='ltr'>conmoueretur?</span> <span class='ocrx_word' id='word_1_162' title='bbox 1867 815 1937 847; x_wconf 86' lang='lat' dir='ltr'>Cur</span> <span class='ocrx_word' id='word_1_163' title='bbox 1957 814 2007 847; x_wconf 87' lang='lat' dir='ltr'>ibi</span> 
     </span>
     <span class='ocr_line' id='line_1_14' title="bbox 145 865 2006 911; baseline -0.001 -7"><span class='ocrx_word' id='word_1_164' title='bbox 145 884 214 905; x_wconf 91' lang='lat' dir='ltr'>non</span> <span class='ocrx_word' id='word_1_165' title='bbox 240 877 288 902; x_wconf 80' lang='lat' dir='ltr'>est</span> <span class='ocrx_word' id='word_1_166' title='bbox 311 869 484 902; x_wconf 82' lang='lat' dir='ltr'>inmanis?</span> <span class='ocrx_word' id='word_1_167' title='bbox 527 868 699 899; x_wconf 88' lang='lat' dir='ltr'>Lubenter</span> <span class='ocrx_word' id='word_1_168' title='bbox 722 868 832 910; x_wconf 83' lang='lat' dir='ltr'>itaque</span> <span class='ocrx_word' id='word_1_169' title='bbox 855 868 909 898; x_wconf 83' lang='lat' dir='ltr'>hic</span> <span class='ocrx_word' id='word_1_170' title='bbox 932 865 1090 908; x_wconf 77' lang='lat' dir='ltr'>legerim,</span> <span class='ocrx_word' id='word_1_171' title='bbox 1131 866 1223 898; x_wconf 77' lang='lat' dir='ltr'>nihil</span> <span class='ocrx_word' id='word_1_172' title='bbox 1241 878 1343 910; x_wconf 81' lang='lat' dir='ltr'>porro</span> <span class='ocrx_word' id='word_1_173' title='bbox 1366 873 1437 900; x_wconf 83' lang='lat' dir='ltr'>tam</span> <span class='ocrx_word' id='word_1_174' title='bbox 1460 868 1706 907; x_wconf 71' lang='lat' dir='ltr'>inhumanum,</span> <span class='ocrx_word' id='word_1_175' title='bbox 1747 873 1818 900; x_wconf 84' lang='lat' dir='ltr'>tam</span> <span class='ocrx_word' id='word_1_176' title='bbox 1833 867 2006 911; x_wconf 78' lang='lat' dir='ltr'>ferreum.</span> 
     </span>
     <span class='ocr_line' id='line_1_15' title="bbox 145 918 2007 963; baseline -0.002 -7"><span class='ocrx_word' id='word_1_177' title='bbox 145 926 226 958; x_wconf 78' lang='lat' dir='ltr'>Non</span> <span class='ocrx_word' id='word_1_178' title='bbox 249 925 295 955; x_wconf 72' lang='lat' dir='ltr'>iia</span> <span class='ocrx_word' id='word_1_179' title='bbox 316 922 401 953; x_wconf 86' lang='lat' dir='ltr'>mihi</span> <span class='ocrx_word' id='word_1_180' title='bbox 423 927 533 952; x_wconf 87' lang='lat' dir='ltr'>tamen</span> <span class='ocrx_word' id='word_1_181' title='bbox 559 920 731 963; x_wconf 80' lang='lat' dir='ltr'>indulgeo,</span> <span class='ocrx_word' id='word_1_182' title='bbox 770 927 807 952; x_wconf 90' lang='lat' dir='ltr'>ut</span> <span class='ocrx_word' id='word_1_183' title='bbox 834 921 897 952; x_wconf 86' lang='lat' dir='ltr'>hoc</span> <span class='ocrx_word' id='word_1_184' title='bbox 918 920 1030 962; x_wconf 86' lang='lat' dir='ltr'>ipsum</span> <span class='ocrx_word' id='word_1_185' title='bbox 1060 919 1197 951; x_wconf 83' lang='lat' dir='ltr'>inmane</span> <span class='ocrx_word' id='word_1_186' title='bbox 1218 918 1465 961; x_wconf 85' lang='lat' dir='ltr'>interpretando</span> <span class='ocrx_word' id='word_1_187' title='bbox 1487 920 1634 963; x_wconf 82' lang='lat' dir='ltr'>mitigari</span> <span class='ocrx_word' id='word_1_188' title='bbox 1666 931 1763 962; x_wconf 89' lang='lat' dir='ltr'>posse</span> <span class='ocrx_word' id='word_1_189' title='bbox 1787 920 2007 953; x_wconf 85' lang='lat' dir='ltr'>dissimulem.</span> 
     </span>
     <span class='ocr_line' id='line_1_16' title="bbox 144 971 2008 1016; baseline -0.002 -6"><span class='ocrx_word' id='word_1_190' title='bbox 144 979 206 1011; x_wconf 72' lang='lat' dir='ltr'>Est</span> <span class='ocrx_word' id='word_1_191' title='bbox 229 976 318 1007; x_wconf 86' lang='lat' dir='ltr'>enim</span> <span class='ocrx_word' id='word_1_192' title='bbox 341 974 562 1005; x_wconf 85' lang='lat' dir='ltr'>Partitionum</span> <span class='ocrx_word' id='word_1_193' title='bbox 585 985 655 1016; x_wconf 80' lang='lat' dir='ltr'>cap.</span> <span class='ocrx_word' id='word_1_194' title='bbox 680 974 730 1005; x_wconf 84' lang='lat'>25.</span> <span class='ocrx_word' id='word_1_195' title='bbox 755 973 941 1006; x_wconf 79' lang='lat' dir='ltr'><em>inmanitas</em></span> <span class='ocrx_word' id='word_1_196' title='bbox 963 984 1026 1014; x_wconf 86' lang='lat' dir='ltr'>pro</span> <span class='ocrx_word' id='word_1_197' title='bbox 1051 971 1173 1003; x_wconf 79' lang='lat' dir='ltr'>duritie</span> <span class='ocrx_word' id='word_1_198' title='bbox 1195 971 1335 1013; x_wconf 84' lang='lat' dir='ltr'>quadam</span> <span class='ocrx_word' id='word_1_199' title='bbox 1364 979 1398 1005; x_wconf 88' lang='lat' dir='ltr'>et</span> <span class='ocrx_word' id='word_1_200' title='bbox 1426 974 1602 1016; x_wconf 80' lang='lat' dir='ltr'>asperitate</span> <span class='ocrx_word' id='word_1_201' title='bbox 1627 978 1780 1011; x_wconf 86' lang='lat' dir='ltr'>naturae,</span> <span class='ocrx_word' id='word_1_202' title='bbox 1815 985 1900 1016; x_wconf 87' lang='lat' dir='ltr'>quae</span> <span class='ocrx_word' id='word_1_203' title='bbox 1923 980 2008 1007; x_wconf 86' lang='lat' dir='ltr'>tem-</span> 
     </span>
     <span class='ocr_line' id='line_1_17' title="bbox 140 1025 2009 1075; baseline -0.001 -14"><span class='ocrx_word' id='word_1_204' title='bbox 140 1029 341 1075; x_wconf 76' lang='lat' dir='ltr'>perantiam</span> <span class='ocrx_word' id='word_1_205' title='bbox 365 1028 401 1059; x_wconf 87' lang='lat' dir='ltr'>in</span> <span class='ocrx_word' id='word_1_206' title='bbox 423 1027 648 1071; x_wconf 77' lang='lat' dir='ltr'>aspernandis</span> <span class='ocrx_word' id='word_1_207' title='bbox 671 1026 908 1070; x_wconf 70' lang='lat' dir='ltr'>uoluptatibus</span> <span class='ocrx_word' id='word_1_208' title='bbox 930 1025 1096 1057; x_wconf 82' lang='lat' dir='ltr'>imitetur·</span> <span class='ocrx_word' id='word_1_209' title='bbox 1141 1025 1218 1056; x_wconf 88' lang='lat' dir='ltr'>Hoc</span> <span class='ocrx_word' id='word_1_210' title='bbox 1239 1031 1349 1057; x_wconf 82' lang='lat' dir='ltr'>autem</span> <span class='ocrx_word' id='word_1_211' title='bbox 1372 1025 1399 1056; x_wconf 87' lang='lat' dir='ltr'>si</span> <span class='ocrx_word' id='word_1_212' title='bbox 1423 1025 1626 1065; x_wconf 83' lang='lat' dir='ltr'>retinemus,</span> <span class='ocrx_word' id='word_1_213' title='bbox 1650 1030 1689 1056; x_wconf 83' lang='lat' dir='ltr'>ut</span> <span class='ocrx_word' id='word_1_214' title='bbox 1712 1037 1828 1057; x_wconf 88' lang='lat' dir='ltr'>omnes</span> <span class='ocrx_word' id='word_1_215' title='bbox 1852 1027 1931 1058; x_wconf 88' lang='lat' dir='ltr'>libri</span> <span class='ocrx_word' id='word_1_216' title='bbox 1952 1027 2009 1059; x_wconf 86' lang='lat' dir='ltr'>iu-</span> 
     </span>
     <span class='ocr_line' id='line_1_18' title="bbox 146 1077 2007 1122; baseline -0.001 -8"><span class='ocrx_word' id='word_1_217' title='bbox 146 1084 242 1121; x_wconf 73' lang='lat' dir='ltr'>be&#39;nt,</span> <span class='ocrx_word' id='word_1_218' title='bbox 281 1092 319 1111; x_wconf 85' lang='lat' dir='ltr'>eo</span> <span class='ocrx_word' id='word_1_219' title='bbox 342 1079 447 1121; x_wconf 85' lang='lat' dir='ltr'>magis</span> <span class='ocrx_word' id='word_1_220' title='bbox 467 1078 630 1122; x_wconf 82' lang='lat' dir='ltr'>ferreum</span> <span class='ocrx_word' id='word_1_221' title='bbox 651 1080 736 1111; x_wconf 82' lang='lat' dir='ltr'>mihi</span> <span class='ocrx_word' id='word_1_222' title='bbox 759 1078 977 1121; x_wconf 83' lang='lat' dir='ltr'>adprobatur,</span> <span class='ocrx_word' id='word_1_223' title='bbox 1011 1077 1100 1120; x_wconf 91' lang='lat' dir='ltr'>quod</span> <span class='ocrx_word' id='word_1_224' title='bbox 1125 1077 1297 1109; x_wconf 85' lang='lat' dir='ltr'>mitiorem</span> <span class='ocrx_word' id='word_1_225' title='bbox 1326 1078 1463 1109; x_wconf 83' lang='lat' dir='ltr'>adiuuat</span> <span class='ocrx_word' id='word_1_226' title='bbox 1490 1078 1799 1120; x_wconf 84' lang='lat' dir='ltr'>interpretationem</span> <span class='ocrx_word' id='word_1_227' title='bbox 1820 1080 1917 1111; x_wconf 83' lang='lat' dir='ltr'>uerbi</span> <span class='ocrx_word' id='word_1_228' title='bbox 1939 1086 2007 1112; x_wconf 84' lang='lat' dir='ltr'>tam</span> 
     </span>
     <span class='ocr_line' id='line_1_19' title="bbox 147 1129 2007 1177; baseline -0.001 -10"><span class='ocrx_word' id='word_1_229' title='bbox 147 1146 244 1177; x_wconf 82' lang='lat' dir='ltr'>saepe</span> <span class='ocrx_word' id='word_1_230' title='bbox 275 1131 483 1176; x_wconf 75' lang='lat' dir='ltr'>grauissumi.</span> <span class='ocrx_word' id='word_1_231' title='bbox 523 1132 782 1163; x_wconf 79' lang='lat' dir='ltr'>GARATONIUS.</span> <span class='ocrx_word' id='word_1_232' title='bbox 837 1130 1006 1169; x_wconf 88' lang='lat' dir='ltr'>Inutilest,</span> <span class='ocrx_word' id='word_1_233' title='bbox 1045 1129 1209 1161; x_wconf 84' lang='lat' dir='ltr'>eiusmodi</span> <span class='ocrx_word' id='word_1_234' title='bbox 1243 1130 1357 1173; x_wconf 86' lang='lat' dir='ltr'>ingeni</span> <span class='ocrx_word' id='word_1_235' title='bbox 1384 1130 1495 1170; x_wconf 88' lang='lat' dir='ltr'>lusus,</span> <span class='ocrx_word' id='word_1_236' title='bbox 1530 1131 1636 1173; x_wconf 87' lang='lat' dir='ltr'>qualis</span> <span class='ocrx_word' id='word_1_237' title='bbox 1669 1131 1724 1162; x_wconf 91' lang='lat' dir='ltr'>hic</span> <span class='ocrx_word' id='word_1_238' title='bbox 1754 1139 1802 1164; x_wconf 77' lang='lat' dir='ltr'>est</span> <span class='ocrx_word' id='word_1_239' title='bbox 1834 1133 2007 1174; x_wconf 66' lang='lat' dir='ltr'>Garatoni,</span> 
     </span>
     <span class='ocr_line' id='line_1_20' title="bbox 146 1183 2008 1225; baseline -0.001 -6"><span class='ocrx_word' id='word_1_240' title='bbox 146 1187 261 1219; x_wconf 83' lang='lat' dir='ltr'>multis</span> <span class='ocrx_word' id='word_1_241' title='bbox 283 1185 438 1217; x_wconf 83' lang='lat' dir='ltr'>refutare.</span> <span class='ocrx_word' id='word_1_242' title='bbox 484 1184 612 1215; x_wconf 85' lang='lat' dir='ltr'>Sufficit</span> <span class='ocrx_word' id='word_1_243' title='bbox 633 1184 820 1224; x_wconf 85' lang='lat' dir='ltr'>monuisse,</span> <span class='ocrx_word' id='word_1_244' title='bbox 843 1184 892 1215; x_wconf 86' lang='lat' dir='ltr'>rei</span> <span class='ocrx_word' id='word_1_245' title='bbox 914 1183 1205 1225; x_wconf 77' lang='lat' dir='ltr'>exaggerationem</span> <span class='ocrx_word' id='word_1_246' title='bbox 1226 1183 1304 1214; x_wconf 88' lang='lat' dir='ltr'>huic</span> <span class='ocrx_word' id='word_1_247' title='bbox 1326 1184 1400 1215; x_wconf 85' lang='lat' dir='ltr'>loco</span> <span class='ocrx_word' id='word_1_248' title='bbox 1426 1184 1812 1216; x_wconf 81' lang='lat' dir='ltr'>accommodatissumam</span> <span class='ocrx_word' id='word_1_249' title='bbox 1838 1197 1924 1225; x_wconf 87' lang='lat' dir='ltr'>esse,</span> <span class='ocrx_word' id='word_1_250' title='bbox 1947 1186 2008 1217; x_wconf 88' lang='lat' dir='ltr'>de-</span> 
     </span>
     <span class='ocr_line' id='line_1_21' title="bbox 147 1236 2008 1281; baseline -0.001 -10"><span class='ocrx_word' id='word_1_251' title='bbox 147 1240 224 1271; x_wconf 87' lang='lat' dir='ltr'>inde</span> <span class='ocrx_word' id='word_1_252' title='bbox 252 1238 381 1270; x_wconf 86' lang='lat' dir='ltr'>nullam</span> <span class='ocrx_word' id='word_1_253' title='bbox 404 1247 465 1268; x_wconf 90' lang='lat' dir='ltr'>nec</span> <span class='ocrx_word' id='word_1_254' title='bbox 487 1237 577 1279; x_wconf 76' lang='lat' dir='ltr'>Eybi</span> <span class='ocrx_word' id='word_1_255' title='bbox 602 1248 664 1267; x_wconf 90' lang='lat' dir='ltr'>nec</span> <span class='ocrx_word' id='word_1_256' title='bbox 686 1237 807 1268; x_wconf 88' lang='lat' dir='ltr'>codicis</span> <span class='ocrx_word' id='word_1_257' title='bbox 831 1236 920 1267; x_wconf 90' lang='lat' dir='ltr'>illius</span> <span class='ocrx_word' id='word_1_258' title='bbox 945 1236 1150 1268; x_wconf 83' lang='lat' dir='ltr'>Oxoniensis</span> <span class='ocrx_word' id='word_1_259' title='bbox 1180 1247 1250 1266; x_wconf 86' lang='lat' dir='ltr'>esse</span> <span class='ocrx_word' id='word_1_260' title='bbox 1272 1237 1517 1277; x_wconf 76' lang='lat' dir='ltr'>auctoritatem,</span> <span class='ocrx_word' id='word_1_261' title='bbox 1553 1237 1698 1279; x_wconf 89' lang='lat' dir='ltr'>denique</span> <span class='ocrx_word' id='word_1_262' title='bbox 1725 1237 2008 1281; x_wconf 71' lang='lat' dir='ltr'>fsequentissume</span> 
     </span>
     <span class='ocr_line' id='line_1_22' title="bbox 147 1288 2006 1334; baseline -0.001 -10"><span class='ocrx_word' id='word_1_263' title='bbox 147 1304 166 1324; x_wconf 91' lang='lat' dir='ltr'>a</span> <span class='ocrx_word' id='word_1_264' title='bbox 190 1292 352 1324; x_wconf 88' lang='lat' dir='ltr'>Cicerone</span> <span class='ocrx_word' id='word_1_265' title='bbox 373 1290 477 1320; x_wconf 85' lang='lat' dir='ltr'>uerba</span> <span class='ocrx_word' id='word_1_266' title='bbox 500 1290 649 1322; x_wconf 84' lang='lat' dir='ltr'>inmanis</span> <span class='ocrx_word' id='word_1_267' title='bbox 673 1295 703 1320; x_wconf 84' lang='lat' dir='ltr'>et</span> <span class='ocrx_word' id='word_1_268' title='bbox 719 1289 825 1334; x_wconf 82' lang='lat' dir='ltr'>ferus</span> <span class='ocrx_word' id='word_1_269' title='bbox 854 1289 1000 1332; x_wconf 87' lang='lat' dir='ltr'>conponi</span> <span class='ocrx_word' id='word_1_270' title='bbox 1021 1289 1139 1320; x_wconf 87' lang='lat' dir='ltr'>solere.</span> <span class='ocrx_word' id='word_1_271' title='bbox 1185 1288 1257 1320; x_wconf 87' lang='lat' dir='ltr'>Cfr.</span> <span class='ocrx_word' id='word_1_272' title='bbox 1284 1300 1346 1332; x_wconf 87' lang='lat' dir='ltr'>pro</span> <span class='ocrx_word' id='word_1_273' title='bbox 1369 1290 1469 1321; x_wconf 80' lang='lat' dir='ltr'>Rosc.</span> <span class='ocrx_word' id='word_1_274' title='bbox 1492 1290 1537 1323; x_wconf 90' lang='lat' dir='ltr'>A.</span> <span class='ocrx_word' id='word_1_275' title='bbox 1560 1290 1665 1330; x_wconf 87' lang='lat' dir='ltr'>XIII,</span> <span class='ocrx_word' id='word_1_276' title='bbox 1696 1291 1747 1323; x_wconf 84' lang='lat'>58.</span> <span class='ocrx_word' id='word_1_277' title='bbox 1781 1302 1891 1323; x_wconf 77' lang='lat' dir='ltr'>mores</span> <span class='ocrx_word' id='word_1_278' title='bbox 1903 1290 2006 1334; x_wconf 85' lang='lat' dir='ltr'>feros</span> 
     </span>
     <span class='ocr_line' id='line_1_23' title="bbox 148 1341 2008 1387; baseline -0.001 -10"><span class='ocrx_word' id='word_1_279' title='bbox 148 1346 384 1387; x_wconf 77' lang='lat' dir='ltr'>inmanemque</span> <span class='ocrx_word' id='word_1_280' title='bbox 407 1348 580 1376; x_wconf 74' lang='lat' dir='ltr'>naturam.</span> <span class='ocrx_word' id='word_1_281' title='bbox 602 1343 684 1374; x_wconf 83' lang='lat' dir='ltr'>Ibid.</span> <span class='ocrx_word' id='word_1_282' title='bbox 710 1344 752 1381; x_wconf 88' lang='lat' dir='ltr'>L,</span> <span class='ocrx_word' id='word_1_283' title='bbox 780 1343 846 1374; x_wconf 86' lang='lat'>146.</span> <span class='ocrx_word' id='word_1_284' title='bbox 870 1355 956 1386; x_wconf 77' lang='lat' dir='ltr'>quae</span> <span class='ocrx_word' id='word_1_285' title='bbox 978 1348 1049 1374; x_wconf 80' lang='lat' dir='ltr'>tam</span> <span class='ocrx_word' id='word_1_286' title='bbox 1062 1341 1149 1386; x_wconf 84' lang='lat' dir='ltr'>fera</span> <span class='ocrx_word' id='word_1_287' title='bbox 1171 1342 1386 1387; x_wconf 79' lang='lat' dir='ltr'>inmanisque</span> <span class='ocrx_word' id='word_1_288' title='bbox 1407 1344 1562 1375; x_wconf 76' lang='lat' dir='ltr'>natura?</span> <span class='ocrx_word' id='word_1_289' title='bbox 1583 1343 1626 1375; x_wconf 91' lang='grc' dir='ltr'>Π.</span> <span class='ocrx_word' id='word_1_290' title='bbox 1642 1342 1677 1374; x_wconf 88' lang='lat' dir='ltr'>in</span> <span class='ocrx_word' id='word_1_291' title='bbox 1697 1344 1795 1377; x_wconf 86' lang='lat' dir='ltr'>Uerr.</span> <span class='ocrx_word' id='word_1_292' title='bbox 1812 1344 1855 1383; x_wconf 82' lang='lat' dir='ltr'>II,</span> <span class='ocrx_word' id='word_1_293' title='bbox 1879 1354 1931 1383; x_wconf 82' lang='lat'>21,</span> <span class='ocrx_word' id='word_1_294' title='bbox 1955 1345 2008 1376; x_wconf 82' lang='lat'>51.</span> 
     </span>
     <span class='ocr_line' id='line_1_24' title="bbox 147 1394 2009 1440; baseline 0 -12"><span class='ocrx_word' id='word_1_295' title='bbox 147 1398 255 1430; x_wconf 76' lang='lat' dir='ltr'>hostis</span> <span class='ocrx_word' id='word_1_296' title='bbox 278 1397 313 1427; x_wconf 82' lang='lat' dir='ltr'>in</span> <span class='ocrx_word' id='word_1_297' title='bbox 337 1396 457 1427; x_wconf 75' lang='lat' dir='ltr'>ceteris</span> <span class='ocrx_word' id='word_1_298' title='bbox 480 1396 579 1428; x_wconf 78' lang='lat' dir='ltr'>rebus</span> <span class='ocrx_word' id='word_1_299' title='bbox 601 1396 703 1428; x_wconf 84' lang='lat' dir='ltr'>nimis</span> <span class='ocrx_word' id='word_1_300' title='bbox 717 1395 823 1440; x_wconf 78' lang='lat' dir='ltr'>ferus</span> <span class='ocrx_word' id='word_1_301' title='bbox 845 1401 877 1427; x_wconf 86' lang='lat' dir='ltr'>et</span> <span class='ocrx_word' id='word_1_302' title='bbox 899 1395 1058 1428; x_wconf 77' lang='lat' dir='ltr'>inmanis.</span> <span class='ocrx_word' id='word_1_303' title='bbox 1102 1394 1187 1426; x_wconf 84' lang='lat' dir='ltr'>Ibid·</span> <span class='ocrx_word' id='word_1_304' title='bbox 1210 1395 1262 1435; x_wconf 87' lang='lat' dir='ltr'>V,</span> <span class='ocrx_word' id='word_1_305' title='bbox 1286 1395 1345 1436; x_wconf 83' lang='lat'>42,</span> <span class='ocrx_word' id='word_1_306' title='bbox 1375 1406 1443 1437; x_wconf 82' lang='lat'>109.</span> <span class='ocrx_word' id='word_1_307' title='bbox 1472 1407 1518 1427; x_wconf 86' lang='lat' dir='ltr'>an</span> <span class='ocrx_word' id='word_1_308' title='bbox 1542 1407 1618 1427; x_wconf 83' lang='lat' dir='ltr'>cum</span> <span class='ocrx_word' id='word_1_309' title='bbox 1635 1394 1722 1439; x_wconf 82' lang='lat' dir='ltr'>fera</span> <span class='ocrx_word' id='word_1_310' title='bbox 1743 1401 1847 1440; x_wconf 80' lang='lat' dir='ltr'>atque</span> <span class='ocrx_word' id='word_1_311' title='bbox 1874 1396 2009 1429; x_wconf 86' lang='lat' dir='ltr'>inmani</span> 
     </span>
     <span class='ocr_line' id='line_1_25' title="bbox 147 1447 2009 1493; baseline -0.002 -11"><span class='ocrx_word' id='word_1_312' title='bbox 147 1449 274 1482; x_wconf 79' lang='lat' dir='ltr'>belua?</span> <span class='ocrx_word' id='word_1_313' title='bbox 316 1449 414 1480; x_wconf 86' lang='lat' dir='ltr'>XIII.</span> <span class='ocrx_word' id='word_1_314' title='bbox 442 1449 531 1480; x_wconf 91' lang='lat' dir='ltr'>Phil.</span> <span class='ocrx_word' id='word_1_315' title='bbox 554 1460 581 1480; x_wconf 92' lang='lat' dir='ltr'>c.</span> <span class='ocrx_word' id='word_1_316' title='bbox 607 1460 637 1492; x_wconf 85' lang='lat'>9.</span> <span class='ocrx_word' id='word_1_317' title='bbox 669 1450 745 1493; x_wconf 76' lang='lat' dir='ltr'>quis</span> <span class='ocrx_word' id='word_1_318' title='bbox 768 1455 839 1481; x_wconf 85' lang='lat' dir='ltr'>tam</span> <span class='ocrx_word' id='word_1_319' title='bbox 862 1447 1027 1480; x_wconf 78' lang='lat' dir='ltr'>barbarus</span> <span class='ocrx_word' id='word_1_320' title='bbox 1050 1460 1229 1492; x_wconf 73' lang='lat' dir='ltr'>umquam,</span> <span class='ocrx_word' id='word_1_321' title='bbox 1266 1453 1338 1480; x_wconf 84' lang='lat' dir='ltr'>tam</span> <span class='ocrx_word' id='word_1_322' title='bbox 1360 1449 1528 1487; x_wconf 87' lang='lat' dir='ltr'>inmanis,</span> <span class='ocrx_word' id='word_1_323' title='bbox 1559 1453 1631 1480; x_wconf 87' lang='lat' dir='ltr'>tam</span> <span class='ocrx_word' id='word_1_324' title='bbox 1646 1447 1778 1492; x_wconf 82' lang='lat' dir='ltr'>ferus?</span> <span class='ocrx_word' id='word_1_325' title='bbox 1815 1448 1856 1479; x_wconf 86' lang='lat' dir='ltr'>de</span> <span class='ocrx_word' id='word_1_326' title='bbox 1882 1447 1952 1480; x_wconf 87' lang='lat' dir='ltr'>Off.</span> <span class='ocrx_word' id='word_1_327' title='bbox 1981 1449 2009 1488; x_wconf 87' lang='lat' dir='ltr'>I,</span> 
     </span>
     <span class='ocr_line' id='line_1_26' title="bbox 147 1499 2011 1546; baseline -0.001 -12"><span class='ocrx_word' id='word_1_328' title='bbox 147 1502 206 1542; x_wconf 75' lang='lat'>44,</span> <span class='ocrx_word' id='word_1_329' title='bbox 246 1503 313 1543; x_wconf 81' lang='lat'>157.</span> <span class='ocrx_word' id='word_1_330' title='bbox 360 1503 507 1546; x_wconf 79' lang='lat' dir='ltr'>itemque</span> <span class='ocrx_word' id='word_1_331' title='bbox 542 1503 746 1545; x_wconf 77' lang='lat' dir='ltr'>magnitudo</span> <span class='ocrx_word' id='word_1_332' title='bbox 783 1502 892 1534; x_wconf 86' lang='lat' dir='ltr'>animi</span> <span class='ocrx_word' id='word_1_333' title='bbox 933 1507 1062 1533; x_wconf 84' lang='lat' dir='ltr'>remota</span> <span class='ocrx_word' id='word_1_334' title='bbox 1098 1502 1330 1534; x_wconf 76' lang='lat' dir='ltr'>conmunitate</span> <span class='ocrx_word' id='word_1_335' title='bbox 1366 1502 1669 1545; x_wconf 76' lang='lat' dir='ltr'>coniunctioneque</span> <span class='ocrx_word' id='word_1_336' title='bbox 1701 1503 1853 1534; x_wconf 75' lang='lat' dir='ltr'>humana</span> <span class='ocrx_word' id='word_1_337' title='bbox 1876 1499 2011 1544; x_wconf 83' lang='lat' dir='ltr'>feritas</span> 
     </span>
     <span class='ocr_line' id='line_1_27' title="bbox 148 1552 2010 1599; baseline -0.001 -12"><span class='ocrx_word' id='word_1_338' title='bbox 148 1556 194 1587; x_wconf 83' lang='lat' dir='ltr'>sit</span> <span class='ocrx_word' id='word_1_339' title='bbox 223 1555 391 1599; x_wconf 76' lang='lat' dir='ltr'>quaedam</span> <span class='ocrx_word' id='word_1_340' title='bbox 421 1561 453 1588; x_wconf 81' lang='lat' dir='ltr'>et</span> <span class='ocrx_word' id='word_1_341' title='bbox 481 1556 679 1588; x_wconf 76' lang='lat' dir='ltr'>inmanitas.</span> <span class='ocrx_word' id='word_1_342' title='bbox 723 1555 809 1586; x_wconf 88' lang='lat' dir='ltr'>Ibid.</span> <span class='ocrx_word' id='word_1_343' title='bbox 836 1555 902 1595; x_wconf 91' lang='lat' dir='ltr'>III,</span> <span class='ocrx_word' id='word_1_344' title='bbox 935 1555 971 1595; x_wconf 88' lang='grc'>6,</span> <span class='ocrx_word' id='word_1_345' title='bbox 1000 1555 1051 1587; x_wconf 82' lang='lat'>52.</span> <span class='ocrx_word' id='word_1_346' title='bbox 1082 1554 1132 1586; x_wconf 80' lang='lat' dir='ltr'>sic</span> <span class='ocrx_word' id='word_1_347' title='bbox 1161 1554 1230 1586; x_wconf 77' lang='lat' dir='ltr'>ista</span> <span class='ocrx_word' id='word_1_348' title='bbox 1259 1554 1295 1586; x_wconf 89' lang='lat' dir='ltr'>in</span> <span class='ocrx_word' id='word_1_349' title='bbox 1314 1552 1445 1597; x_wconf 82' lang='lat' dir='ltr'>figura</span> <span class='ocrx_word' id='word_1_350' title='bbox 1470 1554 1617 1586; x_wconf 74' lang='lat' dir='ltr'>hominis</span> <span class='ocrx_word' id='word_1_351' title='bbox 1640 1553 1775 1598; x_wconf 83' lang='lat' dir='ltr'>feritas</span> <span class='ocrx_word' id='word_1_352' title='bbox 1796 1559 1830 1586; x_wconf 84' lang='lat' dir='ltr'>et</span> <span class='ocrx_word' id='word_1_353' title='bbox 1858 1553 2010 1586; x_wconf 89' lang='lat' dir='ltr'>inmani-</span> 
     </span>
     <span class='ocr_line' id='line_1_28' title="bbox 152 1608 355 1640; baseline 0 -1"><span class='ocrx_word' id='word_1_354' title='bbox 152 1613 205 1640; x_wconf 82' lang='lat' dir='ltr'>tas</span> <span class='ocrx_word' id='word_1_355' title='bbox 229 1608 355 1639; x_wconf 75' lang='lat' dir='ltr'>belnae.</span> 
     </span>
    </p>

    <p class='ocr_par' dir='ltr' id='par_1_4' title="bbox 233 1657 2010 1703">
     <span class='ocr_line' id='line_1_29' title="bbox 233 1657 2010 1703; baseline -0.002 -11"><span class='ocrx_word' id='word_1_356' title='bbox 233 1661 292 1692; x_wconf 78' lang='lat' dir='ltr'>Set</span> <span class='ocrx_word' id='word_1_357' title='bbox 307 1659 436 1701; x_wconf 82' lang='lat' dir='ltr'>uictus)</span> <span class='ocrx_word' id='word_1_358' title='bbox 459 1659 561 1691; x_wconf 88' lang='lat' dir='ltr'>Plane</span> <span class='ocrx_word' id='word_1_359' title='bbox 584 1666 621 1691; x_wconf 88' lang='lat' dir='ltr'>ut</span> <span class='ocrx_word' id='word_1_360' title='bbox 641 1660 770 1691; x_wconf 82' lang='lat' dir='ltr'>nullam</span> <span class='ocrx_word' id='word_1_361' title='bbox 792 1660 937 1703; x_wconf 89' lang='lat' dir='ltr'>amplius</span> <span class='ocrx_word' id='word_1_362' title='bbox 956 1658 1151 1692; x_wconf 86' lang='lat' dir='ltr'>referendae</span> <span class='ocrx_word' id='word_1_363' title='bbox 1173 1657 1295 1700; x_wconf 81' lang='lat' dir='ltr'>gratiae</span> <span class='ocrx_word' id='word_1_364' title='bbox 1316 1659 1601 1701; x_wconf 82' lang='lat' dir='ltr'>opportunitatem</span> <span class='ocrx_word' id='word_1_365' title='bbox 1624 1670 1773 1702; x_wconf 86' lang='lat' dir='ltr'>quaeras.</span> <span class='ocrx_word' id='word_1_366' title='bbox 1797 1659 2010 1691; x_wconf 79' lang='lat' dir='ltr'>WEISKIUS.</span> 
     </span>
    </p>

    <p class='ocr_par' dir='ltr' id='par_1_5' title="bbox 149 1709 2011 1811">
     <span class='ocr_line' id='line_1_30' title="bbox 234 1709 2011 1755; baseline -0.001 -12"><span class='ocrx_word' id='word_1_367' title='bbox 234 1714 264 1754; x_wconf 58' lang='grc' dir='ltr'>ς.</span> <span class='ocrx_word' id='word_1_368' title='bbox 289 1713 340 1744; x_wconf 80' lang='lat'>82.</span> <span class='ocrx_word' id='word_1_369' title='bbox 384 1713 453 1744; x_wconf 83' lang='lat' dir='ltr'>Isti</span> <span class='ocrx_word' id='word_1_370' title='bbox 475 1719 534 1745; x_wconf 83' lang='lat' dir='ltr'>tuo</span> <span class='ocrx_word' id='word_1_371' title='bbox 557 1713 707 1755; x_wconf 81' lang='lat' dir='ltr'>crimini)</span> <span class='ocrx_word' id='word_1_372' title='bbox 752 1713 822 1754; x_wconf 87' lang='lat' dir='ltr'>Qui</span> <span class='ocrx_word' id='word_1_373' title='bbox 846 1725 902 1744; x_wconf 90' lang='lat' dir='ltr'>me</span> <span class='ocrx_word' id='word_1_374' title='bbox 922 1713 1066 1744; x_wconf 89' lang='lat' dir='ltr'>nimium</span> <span class='ocrx_word' id='word_1_375' title='bbox 1088 1712 1123 1743; x_wconf 90' lang='lat' dir='ltr'>iu</span> <span class='ocrx_word' id='word_1_376' title='bbox 1143 1711 1314 1742; x_wconf 90' lang='lat' dir='ltr'>Plancium</span> <span class='ocrx_word' id='word_1_377' title='bbox 1339 1718 1470 1754; x_wconf 83' lang='lat' dir='ltr'>gratum</span> <span class='ocrx_word' id='word_1_378' title='bbox 1494 1712 1574 1743; x_wconf 78' lang='lat' dir='ltr'>dicis</span> <span class='ocrx_word' id='word_1_379' title='bbox 1597 1723 1682 1751; x_wconf 84' lang='lat' dir='ltr'>esse,</span> <span class='ocrx_word' id='word_1_380' title='bbox 1712 1711 1813 1753; x_wconf 80' lang='lat' dir='ltr'>idque</span> <span class='ocrx_word' id='word_1_381' title='bbox 1833 1709 1921 1742; x_wconf 84' lang='lat' dir='ltr'>mihi</span> <span class='ocrx_word' id='word_1_382' title='bbox 1942 1709 2011 1741; x_wconf 78' lang='lat' dir='ltr'>cri-</span> 
     </span>
     <span class='ocr_line' id='line_1_31' title="bbox 149 1764 1526 1811; baseline 0 -15"><span class='ocrx_word' id='word_1_383' title='bbox 149 1765 234 1796; x_wconf 83' lang='lat' dir='ltr'>mini</span> <span class='ocrx_word' id='word_1_384' title='bbox 256 1765 373 1796; x_wconf 85' lang='lat' dir='ltr'>uertis.</span> <span class='ocrx_word' id='word_1_385' title='bbox 420 1764 491 1796; x_wconf 86' lang='lat' dir='ltr'>Cfr.</span> <span class='ocrx_word' id='word_1_386' title='bbox 516 1766 554 1797; x_wconf 90' lang='lat' dir='ltr'>C.</span> <span class='ocrx_word' id='word_1_387' title='bbox 574 1766 727 1797; x_wconf 75' lang='lat' dir='ltr'>XXXJI.</span> <span class='ocrx_word' id='word_1_388' title='bbox 752 1766 782 1807; x_wconf 85' lang='lat'>§.</span> <span class='ocrx_word' id='word_1_389' title='bbox 807 1766 856 1808; x_wconf 87' lang='lat'>78.</span> <span class='ocrx_word' id='word_1_390' title='bbox 880 1767 972 1811; x_wconf 78' lang='lat' dir='ltr'>qaod</span> <span class='ocrx_word' id='word_1_391' title='bbox 992 1777 1044 1799; x_wconf 89' lang='lat' dir='ltr'>me</span> <span class='ocrx_word' id='word_1_392' title='bbox 1066 1777 1136 1797; x_wconf 80' lang='lat' dir='ltr'>esse</span> <span class='ocrx_word' id='word_1_393' title='bbox 1156 1770 1300 1808; x_wconf 76' lang='lat' dir='ltr'>gratum</span> <span class='ocrx_word' id='word_1_394' title='bbox 1322 1764 1526 1797; x_wconf 83' lang='lat' dir='ltr'>crimineris.</span> 
     </span>
    </p>

    <p class='ocr_par' dir='ltr' id='par_1_6' title="bbox 149 1814 2011 1902">
     <span class='ocr_line' id='line_1_32' title="bbox 242 1814 2011 1862; baseline -0.002 -13"><span class='ocrx_word' id='word_1_395' title='bbox 242 1818 388 1850; x_wconf 67' lang='lat' dir='ltr'>Uteum</span> <span class='ocrx_word' id='word_1_396' title='bbox 411 1817 573 1861; x_wconf 81' lang='lat' dir='ltr'>beneficio</span> <span class='ocrx_word' id='word_1_397' title='bbox 595 1819 868 1862; x_wconf 75' lang='lat' dir='ltr'>conplectamini)</span> <span class='ocrx_word' id='word_1_398' title='bbox 914 1820 968 1852; x_wconf 91' lang='lat' dir='ltr'>De</span> <span class='ocrx_word' id='word_1_399' title='bbox 985 1830 1020 1851; x_wconf 88' lang='lat' dir='ltr'>se</span> <span class='ocrx_word' id='word_1_400' title='bbox 1044 1818 1117 1862; x_wconf 87' lang='lat' dir='ltr'>ipso</span> <span class='ocrx_word' id='word_1_401' title='bbox 1140 1817 1236 1856; x_wconf 76' lang='lat' dir='ltr'>dicit3</span> <span class='ocrx_word' id='word_1_402' title='bbox 1268 1816 1469 1849; x_wconf 85' lang='lat' dir='ltr'>beneficium</span> <span class='ocrx_word' id='word_1_403' title='bbox 1491 1823 1621 1858; x_wconf 84' lang='lat' dir='ltr'>autem,</span> <span class='ocrx_word' id='word_1_404' title='bbox 1653 1816 1741 1860; x_wconf 89' lang='lat' dir='ltr'>quod</span> <span class='ocrx_word' id='word_1_405' title='bbox 1760 1815 1866 1859; x_wconf 85' lang='lat' dir='ltr'>petit,</span> <span class='ocrx_word' id='word_1_406' title='bbox 1895 1814 2011 1846; x_wconf 87' lang='lat' dir='ltr'>Planci</span> 
     </span>
     <span class='ocr_line' id='line_1_33' title="bbox 149 1871 571 1902; baseline -0.002 0"><span class='ocrx_word' id='word_1_407' title='bbox 149 1871 235 1902; x_wconf 87' lang='lat' dir='ltr'>salus</span> <span class='ocrx_word' id='word_1_408' title='bbox 259 1877 318 1902; x_wconf 85' lang='lat' dir='ltr'>est.</span> <span class='ocrx_word' id='word_1_409' title='bbox 358 1871 571 1902; x_wconf 57' lang='lat' dir='ltr'>MANUTws.</span> 
     </span>
    </p>

    <p class='ocr_par' dir='ltr' id='par_1_7' title="bbox 150 1921 2011 2125">
     <span class='ocr_line' id='line_1_34' title="bbox 235 1921 2010 1968; baseline -0.002 -11"><span class='ocrx_word' id='word_1_410' title='bbox 235 1925 359 1967; x_wconf 68' lang='lat' dir='ltr'>,Neque</span> <span class='ocrx_word' id='word_1_411' title='bbox 380 1924 470 1955; x_wconf 87' lang='lat' dir='ltr'>enim</span> <span class='ocrx_word' id='word_1_412' title='bbox 490 1923 573 1955; x_wconf 79' lang='lat' dir='ltr'>illut</span> <span class='ocrx_word' id='word_1_413' title='bbox 594 1924 642 1956; x_wconf 78' lang='lat' dir='ltr'>ad</span> <span class='ocrx_word' id='word_1_414' title='bbox 661 1924 910 1968; x_wconf 80' lang='lat' dir='ltr'>neglegendam</span> <span class='ocrx_word' id='word_1_415' title='bbox 931 1937 1042 1957; x_wconf 87' lang='lat' dir='ltr'>meam</span> <span class='ocrx_word' id='word_1_416' title='bbox 1063 1923 1221 1968; x_wconf 82' lang='lat' dir='ltr'>gratiam</span> <span class='ocrx_word' id='word_1_417' title='bbox 1242 1922 1338 1955; x_wconf 82' lang='lat' dir='ltr'>debet</span> <span class='ocrx_word' id='word_1_418' title='bbox 1361 1922 1491 1966; x_wconf 85' lang='lat' dir='ltr'>ualere)</span> <span class='ocrx_word' id='word_1_419' title='bbox 1524 1923 1574 1955; x_wconf 88' lang='lat' dir='ltr'>Ut</span> <span class='ocrx_word' id='word_1_420' title='bbox 1595 1921 1776 1965; x_wconf 84' lang='lat' dir='ltr'>neglegatis</span> <span class='ocrx_word' id='word_1_421' title='bbox 1797 1933 1909 1954; x_wconf 86' lang='lat' dir='ltr'>meam</span> <span class='ocrx_word' id='word_1_422' title='bbox 1933 1933 2010 1965; x_wconf 86' lang='lat' dir='ltr'>gra-</span> 
     </span>
     <span class='ocr_line' id='line_1_35' title="bbox 150 1974 2010 2020; baseline -0.002 -11"><span class='ocrx_word' id='word_1_423' title='bbox 150 1977 240 2016; x_wconf 87' lang='lat' dir='ltr'>tiam,</span> <span class='ocrx_word' id='word_1_424' title='bbox 265 1976 288 2009; x_wconf 88' lang='lat' dir='ltr'>i.</span> <span class='ocrx_word' id='word_1_425' title='bbox 312 1987 340 2007; x_wconf 89' lang='lat' dir='ltr'>e.</span> <span class='ocrx_word' id='word_1_426' title='bbox 363 1981 400 2006; x_wconf 89' lang='lat' dir='ltr'>ut</span> <span class='ocrx_word' id='word_1_427' title='bbox 414 1975 585 2007; x_wconf 85' lang='lat' dir='ltr'>recussetis</span> <span class='ocrx_word' id='word_1_428' title='bbox 607 1987 662 2007; x_wconf 88' lang='lat' dir='ltr'>me</span> <span class='ocrx_word' id='word_1_429' title='bbox 683 1976 843 2007; x_wconf 87' lang='lat' dir='ltr'>beneficio</span> <span class='ocrx_word' id='word_1_430' title='bbox 867 1976 1031 2020; x_wconf 79' lang='lat' dir='ltr'>conplecti</span> <span class='ocrx_word' id='word_1_431' title='bbox 1054 1982 1087 2007; x_wconf 87' lang='lat' dir='ltr'>et</span> <span class='ocrx_word' id='word_1_432' title='bbox 1109 1976 1154 2007; x_wconf 83' lang='lat' dir='ltr'>ita</span> <span class='ocrx_word' id='word_1_433' title='bbox 1176 1981 1306 2017; x_wconf 84' lang='lat' dir='ltr'>gratum</span> <span class='ocrx_word' id='word_1_434' title='bbox 1328 1975 1364 2006; x_wconf 90' lang='lat' dir='ltr'>in</span> <span class='ocrx_word' id='word_1_435' title='bbox 1385 1987 1446 2008; x_wconf 90' lang='lat' dir='ltr'>uos</span> <span class='ocrx_word' id='word_1_436' title='bbox 1467 1975 1588 2007; x_wconf 85' lang='lat' dir='ltr'>facere.</span> <span class='ocrx_word' id='word_1_437' title='bbox 1631 1974 1734 2008; x_wconf 89' lang='lat' dir='ltr'>Modo</span> <span class='ocrx_word' id='word_1_438' title='bbox 1758 1976 1849 2006; x_wconf 87' lang='lat' dir='ltr'>enim</span> <span class='ocrx_word' id='word_1_439' title='bbox 1871 1974 2010 2014; x_wconf 77' lang='lat' dir='ltr'>dixerat,</span> 
     </span>
     <span class='ocr_line' id='line_1_36' title="bbox 152 2027 2011 2073; baseline -0.002 -12"><span class='ocrx_word' id='word_1_440' title='bbox 152 2041 201 2068; x_wconf 89' lang='lat' dir='ltr'>se,</span> <span class='ocrx_word' id='word_1_441' title='bbox 236 2028 327 2071; x_wconf 93' lang='lat' dir='ltr'>quod</span> <span class='ocrx_word' id='word_1_442' title='bbox 352 2028 495 2059; x_wconf 87' lang='lat' dir='ltr'>nimium</span> <span class='ocrx_word' id='word_1_443' title='bbox 518 2034 628 2071; x_wconf 79' lang='lat' dir='ltr'>gratus</span> <span class='ocrx_word' id='word_1_444' title='bbox 652 2034 753 2068; x_wconf 85' lang='lat' dir='ltr'>esset,</span> <span class='ocrx_word' id='word_1_445' title='bbox 786 2029 946 2062; x_wconf 84' lang='lat' dir='ltr'>beneficio</span> <span class='ocrx_word' id='word_1_446' title='bbox 972 2030 1085 2073; x_wconf 78' lang='lat' dir='ltr'>potius</span> <span class='ocrx_word' id='word_1_447' title='bbox 1108 2040 1126 2060; x_wconf 91' lang='lat' dir='ltr'>a</span> <span class='ocrx_word' id='word_1_448' title='bbox 1148 2028 1313 2059; x_wconf 89' lang='lat' dir='ltr'>iudicibus</span> <span class='ocrx_word' id='word_1_449' title='bbox 1339 2038 1408 2058; x_wconf 89' lang='lat' dir='ltr'>esse</span> <span class='ocrx_word' id='word_1_450' title='bbox 1430 2027 1660 2059; x_wconf 82' lang='lat' dir='ltr'>adficiendum.</span> <span class='ocrx_word' id='word_1_451' title='bbox 1681 2045 1725 2053; x_wconf 92' lang='lat'>—</span> <span class='ocrx_word' id='word_1_452' title='bbox 1767 2029 1927 2060; x_wconf 81' lang='lat' dir='ltr'>Ceterum</span> <span class='ocrx_word' id='word_1_453' title='bbox 1953 2038 2011 2059; x_wconf 92' lang='lat' dir='ltr'>cur</span> 
     </span>
     <span class='ocr_line' id='line_1_37' title="bbox 153 2080 1473 2125; baseline -0.003 -10"><span class='ocrx_word' id='word_1_454' title='bbox 153 2083 235 2115; x_wconf 74' lang='lat' dir='ltr'>illut</span> <span class='ocrx_word' id='word_1_455' title='bbox 258 2093 301 2112; x_wconf 80' lang='lat' dir='ltr'>ex</span> <span class='ocrx_word' id='word_1_456' title='bbox 323 2082 350 2112; x_wconf 91' lang='lat' dir='ltr'>B</span> <span class='ocrx_word' id='word_1_457' title='bbox 374 2087 407 2112; x_wconf 86' lang='lat' dir='ltr'>et</span> <span class='ocrx_word' id='word_1_458' title='bbox 424 2081 453 2112; x_wconf 91' lang='lat' dir='ltr'><strong>E</strong></span> <span class='ocrx_word' id='word_1_459' title='bbox 475 2081 676 2123; x_wconf 85' lang='lat' dir='ltr'>receperim,</span> <span class='ocrx_word' id='word_1_460' title='bbox 700 2082 829 2125; x_wconf 86' lang='lat' dir='ltr'>Proleg.</span> <span class='ocrx_word' id='word_1_461' title='bbox 852 2083 893 2114; x_wconf 93' lang='lat' dir='ltr'>L.</span> <span class='ocrx_word' id='word_1_462' title='bbox 916 2083 960 2114; x_wconf 89' lang='grc' dir='ltr'>ΙΙ.</span> <span class='ocrx_word' id='word_1_463' title='bbox 985 2084 1023 2115; x_wconf 87' lang='lat' dir='ltr'>C.</span> <span class='ocrx_word' id='word_1_464' title='bbox 1045 2083 1072 2114; x_wconf 89' lang='grc' dir='ltr'><strong>Ι.</strong></span> <span class='ocrx_word' id='word_1_465' title='bbox 1096 2083 1127 2123; x_wconf 83' lang='lat'>§.</span> <span class='ocrx_word' id='word_1_466' title='bbox 1151 2081 1181 2114; x_wconf 87' lang='grc'><strong>8.</strong></span> <span class='ocrx_word' id='word_1_467' title='bbox 1204 2093 1240 2124; x_wconf 89' lang='lat' dir='ltr'>p.</span> <span class='ocrx_word' id='word_1_468' title='bbox 1262 2081 1375 2113; x_wconf 87' lang='lat' dir='ltr'>XLII.</span> <span class='ocrx_word' id='word_1_469' title='bbox 1390 2080 1473 2112; x_wconf 79' lang='lat' dir='ltr'>dixi.</span> 
     </span>
    </p>

    <p class='ocr_par' dir='ltr' id='par_1_8' title="bbox 154 2132 2011 2389">
     <span class='ocr_line' id='line_1_38' title="bbox 245 2132 2009 2179; baseline -0.002 -12"><span class='ocrx_word' id='word_1_470' title='bbox 245 2134 314 2167; x_wconf 84' lang='lat' dir='ltr'>Uos</span> <span class='ocrx_word' id='word_1_471' title='bbox 341 2146 402 2166; x_wconf 89' lang='lat' dir='ltr'>nec</span> <span class='ocrx_word' id='word_1_472' title='bbox 429 2135 582 2166; x_wconf 72' lang='lat' dir='ltr'>nocentis</span> <span class='ocrx_word' id='word_1_473' title='bbox 609 2147 670 2167; x_wconf 87' lang='lat' dir='ltr'>nee</span> <span class='ocrx_word' id='word_1_474' title='bbox 694 2136 866 2179; x_wconf 81' lang='lat' dir='ltr'>litigiosos</span> <span class='ocrx_word' id='word_1_475' title='bbox 888 2135 971 2178; x_wconf 81' lang='lat' dir='ltr'>esse)</span> <span class='ocrx_word' id='word_1_476' title='bbox 1015 2134 1173 2178; x_wconf 85' lang='lat' dir='ltr'>Explicat</span> <span class='ocrx_word' id='word_1_477' title='bbox 1200 2134 1281 2165; x_wconf 85' lang='lat' dir='ltr'>haec</span> <span class='ocrx_word' id='word_1_478' title='bbox 1313 2133 1386 2176; x_wconf 88' lang='lat' dir='ltr'>ipse</span> <span class='ocrx_word' id='word_1_479' title='bbox 1416 2132 1534 2164; x_wconf 86' lang='lat' dir='ltr'>Cicero</span> <span class='ocrx_word' id='word_1_480' title='bbox 1563 2132 1694 2172; x_wconf 88' lang='lat' dir='ltr'>uerbis,</span> <span class='ocrx_word' id='word_1_481' title='bbox 1734 2143 1819 2174; x_wconf 86' lang='lat' dir='ltr'>quae</span> <span class='ocrx_word' id='word_1_482' title='bbox 1843 2139 2009 2171; x_wconf 80' lang='lat' dir='ltr'>secuntur,</span> 
     </span>
     <span class='ocr_line' id='line_1_39' title="bbox 154 2184 2009 2232; baseline -0.003 -12"><span class='ocrx_word' id='word_1_483' title='bbox 154 2188 254 2232; x_wconf 76' lang='lat' dir='ltr'>quasi</span> <span class='ocrx_word' id='word_1_484' title='bbox 283 2199 364 2219; x_wconf 80' lang='lat' dir='ltr'>uero</span> <span class='ocrx_word' id='word_1_485' title='bbox 397 2192 478 2217; x_wconf 81' lang='lat' dir='ltr'>etc..</span> <span class='ocrx_word' id='word_1_486' title='bbox 521 2187 711 2219; x_wconf 89' lang='lat' dir='ltr'>Laterensis</span> <span class='ocrx_word' id='word_1_487' title='bbox 740 2188 830 2219; x_wconf 89' lang='lat' dir='ltr'>enim</span> <span class='ocrx_word' id='word_1_488' title='bbox 860 2188 1021 2220; x_wconf 86' lang='lat' dir='ltr'>sententia</span> <span class='ocrx_word' id='word_1_489' title='bbox 1049 2188 1131 2219; x_wconf 87' lang='lat' dir='ltr'>haec</span> <span class='ocrx_word' id='word_1_490' title='bbox 1158 2186 1241 2218; x_wconf 81' lang='lat' dir='ltr'>fuit:</span> <span class='ocrx_word' id='word_1_491' title='bbox 1280 2185 1397 2217; x_wconf 90' lang='lat' dir='ltr'>Cicero</span> <span class='ocrx_word' id='word_1_492' title='bbox 1420 2191 1550 2218; x_wconf 84' lang='lat' dir='ltr'>tantum</span> <span class='ocrx_word' id='word_1_493' title='bbox 1573 2192 1683 2229; x_wconf 83' lang='lat' dir='ltr'>gratus</span> <span class='ocrx_word' id='word_1_494' title='bbox 1712 2186 1748 2216; x_wconf 89' lang='lat' dir='ltr'>in</span> <span class='ocrx_word' id='word_1_495' title='bbox 1770 2197 1826 2218; x_wconf 90' lang='lat' dir='ltr'>eos</span> <span class='ocrx_word' id='word_1_496' title='bbox 1851 2191 1919 2225; x_wconf 82' lang='lat' dir='ltr'>est,</span> <span class='ocrx_word' id='word_1_497' title='bbox 1951 2184 2009 2227; x_wconf 89' lang='lat' dir='ltr'>qui</span> 
     </span>
     <span class='ocr_line' id='line_1_40' title="bbox 154 2237 2011 2283; baseline -0.002 -12"><span class='ocrx_word' id='word_1_498' title='bbox 154 2240 224 2271; x_wconf 89' lang='lat' dir='ltr'>eius</span> <span class='ocrx_word' id='word_1_499' title='bbox 247 2251 311 2282; x_wconf 90' lang='lat' dir='ltr'>ope</span> <span class='ocrx_word' id='word_1_500' title='bbox 336 2240 371 2270; x_wconf 92' lang='lat' dir='ltr'>in</span> <span class='ocrx_word' id='word_1_501' title='bbox 392 2238 522 2270; x_wconf 85' lang='lat' dir='ltr'>iudiciis</span> <span class='ocrx_word' id='word_1_502' title='bbox 544 2238 704 2282; x_wconf 87' lang='lat' dir='ltr'>indigent.</span> <span class='ocrx_word' id='word_1_503' title='bbox 746 2241 827 2272; x_wconf 85' lang='lat' dir='ltr'>Non</span> <span class='ocrx_word' id='word_1_504' title='bbox 849 2247 947 2283; x_wconf 87' lang='lat' dir='ltr'>egent</span> <span class='ocrx_word' id='word_1_505' title='bbox 968 2247 1094 2279; x_wconf 84' lang='lat' dir='ltr'>autem,</span> <span class='ocrx_word' id='word_1_506' title='bbox 1116 2239 1181 2272; x_wconf 87' lang='lat' dir='ltr'>nisi</span> <span class='ocrx_word' id='word_1_507' title='bbox 1205 2238 1263 2281; x_wconf 91' lang='lat' dir='ltr'>qui</span> <span class='ocrx_word' id='word_1_508' title='bbox 1284 2244 1439 2270; x_wconf 89' lang='lat' dir='ltr'>nocentes</span> <span class='ocrx_word' id='word_1_509' title='bbox 1460 2246 1516 2271; x_wconf 84' lang='lat' dir='ltr'>aut</span> <span class='ocrx_word' id='word_1_510' title='bbox 1538 2239 1677 2281; x_wconf 86' lang='lat' dir='ltr'>litigiosi</span> <span class='ocrx_word' id='word_1_511' title='bbox 1699 2245 1785 2271; x_wconf 83' lang='lat' dir='ltr'>sunt.</span> <span class='ocrx_word' id='word_1_512' title='bbox 1828 2237 1897 2279; x_wconf 86' lang='lat' dir='ltr'>Qui</span> <span class='ocrx_word' id='word_1_513' title='bbox 1919 2237 2011 2268; x_wconf 88' lang='lat' dir='ltr'>enim</span> 
     </span>
     <span class='ocr_line' id='line_1_41' title="bbox 154 2289 2011 2336; baseline -0.002 -13"><span class='ocrx_word' id='word_1_514' title='bbox 154 2304 276 2324; x_wconf 86' lang='lat' dir='ltr'>nocens</span> <span class='ocrx_word' id='word_1_515' title='bbox 301 2304 370 2324; x_wconf 89' lang='lat' dir='ltr'>non</span> <span class='ocrx_word' id='word_1_516' title='bbox 393 2298 455 2332; x_wconf 87' lang='lat' dir='ltr'>est,</span> <span class='ocrx_word' id='word_1_517' title='bbox 490 2292 668 2324; x_wconf 88' lang='lat' dir='ltr'>hominum</span> <span class='ocrx_word' id='word_1_518' title='bbox 691 2292 923 2335; x_wconf 88' lang='lat' dir='ltr'>eloquentium</span> <span class='ocrx_word' id='word_1_519' title='bbox 945 2294 1138 2326; x_wconf 81' lang='lat' dir='ltr'>defensione</span> <span class='ocrx_word' id='word_1_520' title='bbox 1159 2303 1280 2336; x_wconf 85' lang='lat' dir='ltr'>parum</span> <span class='ocrx_word' id='word_1_521' title='bbox 1302 2291 1444 2333; x_wconf 81' lang='lat' dir='ltr'>indiget3</span> <span class='ocrx_word' id='word_1_522' title='bbox 1475 2292 1533 2334; x_wconf 87' lang='lat' dir='ltr'>qui</span> <span class='ocrx_word' id='word_1_523' title='bbox 1561 2292 1716 2324; x_wconf 87' lang='lat' dir='ltr'>lubenter</span> <span class='ocrx_word' id='word_1_524' title='bbox 1736 2303 1805 2323; x_wconf 90' lang='lat' dir='ltr'>non</span> <span class='ocrx_word' id='word_1_525' title='bbox 1825 2289 1947 2332; x_wconf 83' lang='lat' dir='ltr'>litigat,</span> <span class='ocrx_word' id='word_1_526' title='bbox 1979 2289 2011 2321; x_wconf 85' lang='lat' dir='ltr'>ei</span> 
     </span>
     <span class='ocr_line' id='line_1_42' title="bbox 154 2341 2011 2389; baseline -0.001 -13"><span class='ocrx_word' id='word_1_527' title='bbox 154 2345 194 2376; x_wconf 92' lang='lat' dir='ltr'>de</span> <span class='ocrx_word' id='word_1_528' title='bbox 219 2351 390 2376; x_wconf 87' lang='lat' dir='ltr'>oratorum</span> <span class='ocrx_word' id='word_1_529' title='bbox 413 2344 517 2387; x_wconf 85' lang='lat' dir='ltr'>gratia</span> <span class='ocrx_word' id='word_1_530' title='bbox 538 2344 757 2377; x_wconf 87' lang='lat' dir='ltr'>laborandum</span> <span class='ocrx_word' id='word_1_531' title='bbox 785 2358 854 2378; x_wconf 91' lang='lat' dir='ltr'>non</span> <span class='ocrx_word' id='word_1_532' title='bbox 884 2352 943 2379; x_wconf 89' lang='lat' dir='ltr'>est.</span> <span class='ocrx_word' id='word_1_533' title='bbox 984 2348 1056 2380; x_wconf 90' lang='lat' dir='ltr'>Uos</span> <span class='ocrx_word' id='word_1_534' title='bbox 1080 2346 1200 2389; x_wconf 80' lang='lat' dir='ltr'>igitur,</span> <span class='ocrx_word' id='word_1_535' title='bbox 1235 2344 1293 2387; x_wconf 86' lang='lat' dir='ltr'>qui</span> <span class='ocrx_word' id='word_1_536' title='bbox 1314 2356 1375 2379; x_wconf 86' lang='lat' dir='ltr'>nec</span> <span class='ocrx_word' id='word_1_537' title='bbox 1396 2352 1552 2377; x_wconf 78' lang='lat' dir='ltr'>nocentes</span> <span class='ocrx_word' id='word_1_538' title='bbox 1574 2355 1635 2376; x_wconf 90' lang='lat' dir='ltr'>nec</span> <span class='ocrx_word' id='word_1_539' title='bbox 1657 2343 1791 2387; x_wconf 87' lang='lat' dir='ltr'>litigiosi</span> <span class='ocrx_word' id='word_1_540' title='bbox 1812 2341 1897 2381; x_wconf 88' lang='lat' dir='ltr'>sitis,</span> <span class='ocrx_word' id='word_1_541' title='bbox 1933 2354 2011 2385; x_wconf 87' lang='lat' dir='ltr'>gra-</span> 
     </span>
    </p>
   </div>
   <div class='ocr_carea' id='block_1_3' title="bbox 154 2394 2012 2482">
    <p class='ocr_par' dir='ltr' id='par_1_9' title="bbox 154 2394 2012 2482">
     <span class='ocr_line' id='line_1_43' title="bbox 154 2394 2012 2442; baseline -0.002 -13"><span class='ocrx_word' id='word_1_542' title='bbox 154 2398 237 2430; x_wconf 86' lang='lat' dir='ltr'>tiam</span> <span class='ocrx_word' id='word_1_543' title='bbox 261 2397 430 2428; x_wconf 87' lang='lat' dir='ltr'>Ciceronis</span> <span class='ocrx_word' id='word_1_544' title='bbox 453 2397 630 2441; x_wconf 83' lang='lat' dir='ltr'>neglegere</span> <span class='ocrx_word' id='word_1_545' title='bbox 651 2398 809 2442; x_wconf 83' lang='lat' dir='ltr'>potestis,</span> <span class='ocrx_word' id='word_1_546' title='bbox 841 2410 918 2432; x_wconf 89' lang='lat' dir='ltr'>cum</span> <span class='ocrx_word' id='word_1_547' title='bbox 940 2400 1034 2431; x_wconf 85' lang='lat' dir='ltr'>nulla</span> <span class='ocrx_word' id='word_1_548' title='bbox 1060 2399 1092 2430; x_wconf 90' lang='lat' dir='ltr'>ei</span> <span class='ocrx_word' id='word_1_549' title='bbox 1111 2397 1224 2431; x_wconf 86' lang='lat' dir='ltr'>offerri</span> <span class='ocrx_word' id='word_1_550' title='bbox 1247 2399 1373 2431; x_wconf 84' lang='lat' dir='ltr'>occasio</span> <span class='ocrx_word' id='word_1_551' title='bbox 1395 2399 1521 2442; x_wconf 79' lang='lat' dir='ltr'>possit,</span> <span class='ocrx_word' id='word_1_552' title='bbox 1558 2409 1623 2441; x_wconf 89' lang='lat' dir='ltr'>qua</span> <span class='ocrx_word' id='word_1_553' title='bbox 1644 2403 1773 2440; x_wconf 88' lang='lat' dir='ltr'>gratum</span> <span class='ocrx_word' id='word_1_554' title='bbox 1798 2394 1834 2426; x_wconf 90' lang='lat' dir='ltr'>in</span> <span class='ocrx_word' id='word_1_555' title='bbox 1856 2407 1915 2428; x_wconf 92' lang='lat' dir='ltr'>uos</span> <span class='ocrx_word' id='word_1_556' title='bbox 1936 2394 2012 2427; x_wconf 86' lang='lat' dir='ltr'>ani-</span> 
     </span>
     <span class='ocr_line' id='line_1_44' title="bbox 154 2448 432 2482; baseline -0.014 0"><span class='ocrx_word' id='word_1_557' title='bbox 154 2461 249 2482; x_wconf 91' lang='lat' dir='ltr'>mum</span> <span class='ocrx_word' id='word_1_558' title='bbox 273 2448 432 2480; x_wconf 83' lang='lat' dir='ltr'>ostendat.</span> 
     </span>
    </p>
   </div>
  </div>
 </body>
</html>
