2185 2720
150 145 336 177 XXXVIII
821 139 1345 170 PROLEGOMENA

153 227 182 249 ct
201 221 258 249 hoc
278 228 448 258 pronomen
469 229 507 246 ex
528 218 595 255 ipso
610 217 771 246 Ciceronis
792 226 846 244 ore
866 216 998 251 uenisse,
1019 220 1050 244 et
1069 216 1165 244 uerba
1184 214 1359 244 libertatem
1378 215 1492 252 equitis
1504 215 1648 250 Romani,
1669 214 1696 243 si
1715 220 1865 254 putentur
1884 215 2026 254 genuina,

152 268 356 308 appositionis
378 267 445 294 loco
468 264 644 303 pronomini
663 265 781 292 adiecta
801 264 913 292 debere
935 263 1038 291 statui.
1076 264 1143 301 Ego
1165 268 1285 298 tamen,
1306 272 1375 290 cum
1396 261 1550 300 appositio
1571 261 1630 289 ista
1648 262 1789 300 languida
1809 264 1849 292 sit
1868 264 2026 302 ipsorum-

153 326 211 355 que
232 315 371 344 codicum
393 313 545 350 scriptura
566 313 602 340 de
623 312 865 351 interpolatione
887 315 1028 348 suspecta
1047 311 1204 345 reddatur,
1226 309 1386 348 quoniam,
1407 308 1460 346 qui
1479 308 1536 336 hoc
1557 319 1730 347 pronomen
1750 312 1892 340 excidere
1912 317 2026 350 potue-

152 364 209 399 rit,
230 364 285 391 uix
306 366 407 400 potest
428 359 586 397 intellegi,
613 359 664 388 hic
692 370 813 399 quoque
835 358 997 396 genuinam
1017 368 1125 386 uocem
1147 359 1246 395 glossa
1273 356 1485 395 superscripta
1503 356 1536 385 in
1557 357 1655 386 altera
1673 358 1813 387 codicum
1833 359 1949 387 familia
1968 368 2025 386 ex-

152 412 270 451 pulsam
291 419 354 437 esse
375 408 525 446 suspicor.
564 408 591 435 A
613 418 671 445 qua
691 407 867 446 suspicione
888 416 951 433 non
974 416 1098 443 possum
1126 415 1162 433 eo
1184 404 1356 439 deterreri,
1392 404 1476 442 quod
1502 406 1596 433 uerba
1622 406 1797 435 libertatem
1817 417 1883 444 equ.
1905 407 1944 434 R.
1963 415 2027 434 non

152 465 281 498 propter
302 458 402 495 ipsum
423 465 593 494 pronomen
616 455 702 490 illut,
724 455 810 483 cuius
832 454 1009 492 explicandi
1030 464 1137 481 caussa
1156 451 1365 490 superscripta
1386 451 1484 480 fuisse
1503 458 1595 491 puto,
1615 458 1686 481 ante
1707 453 1835 481 uerbum
1856 458 2028 490 queruntur

153 507 184 534 iu
206 505 363 533 codicibus
385 504 485 543 posita
504 503 714 541 reperiuntur.
753 502 831 530 Nam
853 502 965 539 glossas
986 501 1196 529 interlinearis
1217 509 1307 538 saepe
1327 499 1405 535 alio,
1425 509 1514 538 quam
1535 511 1595 539 quo
1617 501 1786 535 debebant,
1807 500 1919 528 relatas
1937 507 2027 526 reee-

153 559 280 592 ptasque
301 562 382 587 esse,
416 551 532 579 nemini
560 551 739 587 ignotumst.
779 550 889 587 Neque
916 549 1114 578 temerarium
1141 548 1276 576 dixerim
1295 557 1385 584 eum,
1422 547 1475 586 qui
1496 547 1577 576 idem
1598 548 1664 577 sere
1684 548 1719 577 C.
1740 548 1797 576 lv.
1817 546 1844 587 §.
1868 557 1910 575 11.
1936 545 2030 574 huius

153 599 302 628 orationis
322 600 434 628 factum
456 599 611 637 opinetur.
651 597 699 625 Ibi
720 608 802 625 nunc
822 596 985 625 scribitur:

227 647 283 675 Est
303 650 384 674 enim
403 647 480 674 haec·
500 647 638 674 condicio
658 646 823 674 liberorum
848 647 1048 682 populorum,
1078 644 1309 681 praecipueque
1336 642 1431 670 huius
1449 644 1604 680 principis
1618 644 1732 681 populi
1752 649 1781 671 et
1801 643 1937 671 omnium
1952 650 2032 679 gen-

153 696 231 722 tium
252 694 369 721 domini
387 705 424 722 αι·
444 695 589 726 uictoris,
610 703 701 730 posse
720 694 885 731 suffi-agiis
905 694 957 720 uel
975 693 1049 720 dare
1069 692 1120 718 uel
1145 690 1307 718 detrahere
1327 690 1411 728 quod
1428 691 1505 718 uelit
1530 692 1661 728 cnique;
1681 696 1820 718 nostrum
1839 695 1898 718 est
1917 694 2033 723 autem,

153 748 354 774 nostrum,
375 744 429 779 qui
448 743 481 769 in
501 741 562 768 Ιιαι·
581 746 760 776 tempestate
776 742 888 778 populi
907 742 1058 768 iactemur
1079 748 1115 765 ac
1132 737 1306 775 fluetibus,
1326 737 1417 775 ferre
1437 737 1552 766 modice
1571 740 1682 775 populi
1703 739 1756 766 uol
1777 743 1879 766 ntates
1899 742 1957 765 etc.

227 790 324 817 Recte
346 787 494 822 Orellius,
514 787 547 814 id
567 788 648 825 quod
669 788 727 816 iam
745 789 932 817 Garatonius
952 790 1096 820 suaserat,
1118 795 1157 813 ex
1172 785 1196 812 B
1218 790 1249 812 et
1265 785 1292 812 E
1313 785 1498 812 auctoritate
1518 790 1590 823 post
1609 792 1715 814 autem
1733 785 1861 824 repetiit
1880 790 2030 819 nostrum,

153 837 236 876 quod
254 836 389 865 familiae
410 834 520 862 tertiae
544 836 665 863 codices
694 846 799 864 omnes
826 836 920 864 semel
949 840 1067 863 tantum
1097 838 1167 861 ante
1195 839 1240 861 est
1265 831 1390 860 habent.
1429 832 1663 871 Repetitiouem
1683 833 1765 861 enim
1785 843 1847 861 non
1867 833 1904 860 ab
1930 831 2030 859 inter-

153 890 240 923 prete
261 885 371 912 factam
391 892 480 920 posse
502 883 637 917 censeri,
668 884 718 911 uel
740 894 845 912 caecus
874 882 1097 912 animaduertat
1115 885 1280 908 necessest.
1318 879 1395 907 Illut
1415 885 1517 908 autem
1537 890 1623 916 cum,
1652 881 1678 908 si
1698 881 1850 918 uolgatam
1870 879 2031 917 genuinam

153 933 336 970 scripturam
358 935 516 969 putamus,
538 930 662 958 difficile
684 931 767 959 dictu
788 932 844 967 sit,
866 931 1019 969 quomodo
1041 935 1196 961 nostrum,
1225 927 1308 966 quod
1327 928 1397 955 fam.
1418 927 1529 955 tertiae
1550 928 1672 955 codices
1693 928 1857 963 omittunt,
1886 926 2032 954 excidere

152 979 307 1019 potuerit,
329 978 471 1016 equidem
490 976 563 1005 haut
583 978 664 1013 scie,
692 989 728 1006 :in
750 979 801 1008 hic
823 990 945 1032 quoque
965 978 1095 1007 uerbum
1117 982 1179 1008 est,
1209 976 1246 1003 ab
1268 975 1441 1013 interprete
1461 985 1554 1013 super
1575 975 1705 1002 alterum
1726 981 1865 1003 nostram
1884 973 2032 1013 positum,

152 1028 185 1055 in
207 1037 310 1055 caussa
329 1025 441 1059 fucrit,
473 1030 508 1052 ut
529 1025 565 1052 ab
587 1035 622 1053 eo
644 1026 790 1063 liblaiio,
824 1027 877 1065 qui
898 1026 1036 1055 codicem
1057 1023 1198 1062 selipsit,
1235 1032 1275 1050 ex
1295 1031 1355 1059 quo
1376 1021 1447 1050 fam.
1467 1023 1579 1051 tertiae
1600 1022 1673 1050 libii
1694 1027 1765 1050 sunt
1785 1021 1862 1057 orti,
1897 1022 2030 1050 alterum

153 1081 291 1103 nostrum
311 1072 517 1101 omitteretur.
559 1072 693 1102 Tantum
714 1084 789 1102 uero
811 1075 911 1109 abest,
946 1078 981 1101 ut
1000 1073 1131 1101 ueibum
1152 1076 1195 1099 est
1223 1070 1261 1098 ad
1282 1069 1431 1097 oiationis
1458 1069 1667 1108 iutegTitatem
1686 1069 1893 1097 necessarium
1913 1069 1969 1104 sit,
1995 1073 2032 1097 ut

153 1133 189 1150 eo
210 1122 322 1149 omisso
343 1120 402 1148 hoc
425 1120 549 1157 grauior
569 1120 715 1149 ieddatui
735 1122 844 1156 oratio,
866 1131 925 1158 quo
946 1121 1062 1148 maiore
1084 1129 1152 1147 cum
1174 1117 1207 1146 ui
1226 1117 1358 1145 uerbum
1379 1123 1424 1146 est
1442 1118 1502 1146 iam
1522 1118 1555 1145 in
1576 1117 1668 1146 initio
1688 1116 1780 1146 huius
1800 1115 1923 1155 periodi
1942 1115 2031 1154 posi-

153 1174 264 1204 tumst,
283 1169 327 1196 ita
346 1172 382 1195 ut
402 1167 439 1195 ad
459 1177 629 1205 pronomen
649 1175 787 1197 nostrum
809 1169 910 1207 repeti
930 1179 968 1207 pr
971 1179 1005 1195 οι
1008 1178 1056 1195 sus
1078 1166 1190 1194 inutile
1213 1170 1303 1194 esset.

227 1216 262 1244 C.
282 1215 391 1242 XVII.
413 1214 440 1254 §
460 1216 505 1243 43.
545 1216 669 1243 Etenim
689 1219 718 1244 si
744 1228 815 1245 rens
838 1217 937 1244 tribus
958 1217 1078 1249 ederet,
1112 1215 1287 1242 Uoltiniam
1299 1213 1442 1251 fiartasse
1460 1213 1615 1241 Plancius
1630 1217 1760 1249 propter
1779 1211 2035 1240 necessitudinem

153 1274 190 1291 ac
210 1265 423 1295 uicinitatem,
444 1273 533 1290 suam
563 1273 657 1292 uero
678 1270 787 1292 certe
809 1264 962 1292 edidisset.

228 1311 273 1339 Ita
292 1310 343 1337 hic
364 1310 450 1336 locus
471 1309 504 1336 iu
523 1310 548 1336 B
570 1315 600 1338 et
619 1311 646 1338 Ε
667 1311 800 1349 scriptus
822 1316 924 1347 extat3
964 1315 1070 1338 contra
1098 1308 1235 1337 familiae
1264 1308 1377 1336 tertiae
1398 1307 1520 1335 codices
1540 1307 1577 1335 ad
1597 1316 1693 1335 unum
1714 1316 1819 1334 omnes
1840 1312 1919 1334 certe
1939 1306 2034 1335 omit-

152 1364 231 1387 tunt.
271 1357 364 1393 Quod
383 1366 440 1394 pro
462 1367 533 1384 uero
556 1357 675 1395 aliquot
704 1359 826 1386 codices
847 1358 960 1386 uitiose
982 1369 1040 1386 non
1063 1357 1219 1391 scribunt,
1254 1355 1336 1383 nihil
1357 1354 1530 1383 morabitur
1547 1364 1632 1389 eum,
1667 1354 1720 1392 qui
1741 1354 2032 1403 fraequentissumam
2054 1362 2058 1370 “

152 1405 313 1441 utiiusque
332 1403 501 1441 palticulae
523 1404 736 1434 confusionem
758 1416 823 1434 esse
845 1405 1040 1438 meminerit,
1069 1411 1166 1433 ortam
1188 1403 1278 1438 iude,
1307 1402 1390 1439 quod
1410 1413 1482 1430 uero
1502 1401 1561 1428 hoc
1582 1402 1756 1438 conpendio
1777 1413 1814 1435 ιι,
1846 1412 1906 1428 non
1931 1401 1991 1430 hoc
2011 1413 2032 1429 n

153 1462 169 1479 a
189 1451 251 1479 libi
253 1451 326 1478 aliis
356 1460 425 1476 iem
429 1450 540 1478 ut1011s
561 1452 646 1484 aeui,
682 1464 741 1487 quo
770 1464 875 1482 omnes
900 1454 970 1482 fam.
992 1452 1103 1480 te1tiae
1123 1450 1246 1478 codices
1273 1447 1391 1476 exarati
1411 1451 1501 1481 sunt,
1535 1446 1629 1474 scribi
1650 1448 1822 1476 consueuit.
1863 1449 2033 1485 Quaeritur

152 1497 203 1525 hic
224 1494 454 1529 tantummodo,
476 1495 529 1532 qui
550 1502 630 1523 certe
649 1497 819 1534 particula,
851 1507 939 1534 quam
959 1496 1030 1524 fain.
1050 1496 1162 1523 tertiae
1183 1495 1272 1523 codd.
1294 1495 1438 1522 omittere
1459 1493 1543 1528 dixi,
1572 1493 1716 1521 excidere
1737 1495 1886 1532 potuerit.
1925 1496 2033 1534 Itaque

152 1543 285 1582 primum
305 1541 383 1569 hanc
405 1542 443 1569 ob
466 1552 598 1570 caussam
619 1543 701 1570 nihil
722 1544 826 1572 uerius
846 1549 942 1582 puto,
973 1553 1064 1581 quam
1084 1554 1156 1571 uero
1176 1542 1361 1581 particulam
1381 1541 1418 1569 ab
1439 1541 1612 1579 interprete
1631 1551 1725 1579 super
1745 1549 1825 1570 certe
1845 1543 2033 1581 explicatio-

153 1591 202 1618 nis
223 1599 326 1617 caussa
346 1588 379 1615 in
400 1588 506 1616 codice
527 1590 670 1628 principe
690 1592 785 1620 fuisse
806 1592 956 1630 positam,
989 1596 1036 1627 et,
1056 1596 1092 1619 ut
1111 1591 1144 1618 in
1164 1589 1314 1627 reliquis,
1345 1598 1421 1626 quos
1442 1587 1556 1623 adtuli,
1576 1588 1670 1624 locis,
1697 1589 1741 1616 ita
1760 1588 1811 1617 hic
1832 1600 1954 1628 quoque
1972 1601 2032 1630 pro

153 1638 287 1676 genuina
306 1645 383 1664 uoce
403 1636 440 1662 ab
461 1636 576 1672 altero,
608 1639 660 1675 qui
681 1639 818 1667 codicem
839 1639 1012 1677 principem
1034 1637 1214 1676 descripsit,
1242 1635 1371 1664 librario
1391 1640 1546 1673 receptam
1567 1644 1640 1662 esse.
1680 1635 1767 1671 Quae
1794 1638 1946 1666 sententia
1965 1649 2032 1668 mea

153 1684 272 1722 egregie
294 1682 494 1711 confirmatur
513 1694 560 1719 e0‚
581 1685 662 1722 quod
682 1686 715 1713 in
737 1686 887 1714 eiusmodi
907 1685 1058 1723 loquendi
1079 1694 1201 1722 genere,
1222 1684 1311 1722 quade
1332 1682 1391 1710 hoc
1411 1682 1480 1710 loco
1494 1682 1618 1710 Tullius
1638 1683 1808 1720 usurpauit,
1827 1685 2033 1721 praecedente

145 1733 287 1771 fortas-se
306 1730 458 1769 particula
477 1730 660 1769 plerumque
681 1734 779 1761 solum
797 1740 877 1761 certe
891 1733 976 1760 nulla
990 1732 1053 1771 alia
1067 1732 1169 1760 addita
1184 1730 1337 1769 particula
1353 1729 1546 1757 aduersatiua
1566 1740 1582 1757 a
1602 1729 1723 1757 Latinis
1742 1731 1818 1768 poni
1839 1732 1926 1760 solet.
1965 1734 2030 1763 Cfr.

155 1781 219 1809 Cic.
237 1779 293 1807 IV.
310 1779 346 1806 de
357 1777 463 1805 F1'n.3.
484 1788 532 1805 res
543 1778 686 1815 sortasse
706 1790 808 1817 uerae,
828 1786 909 1808 certe
921 1791 1058 1818 ἔναυε-9,·
1078 1780 1160 1807 idem
1172 1778 1229 1806 IV.
1245 1778 1283 1805 ad
1292 1777 1367 1805 Diu.
1381 1787 1407 1811 7.
1428 1779 1506 1804 uicti
1525 1786 1640 1810 sumu-9,
1660 1783 1725 1810 aut,
1745 1780 1774 1806 si
1787 1781 1874 1807 uim-i
1893 1780 2032 1818 dignitas

154 1839 216 1856 non
233 1832 350 1865 potest,
369 1824 475 1862 fracti
495 1831 574 1853 certe
595 1831 623 1853 et
643 1826 764 1855 abiecti.
803 1827 870 1855 Hos
890 1827 1028 1865 aliosque
1047 1827 1133 1855 locos
1165 1826 1225 1854 iam
1248 1825 1419 1854 Tui-sellin.
1446 1823 1483 1851 de
1503 1824 1649 1852 Particul.
1669 1825 1753 1854 Latt.
1772 1836 1802 1864 p.
1826 1828 1886 1864 175.
1909 1828 2032 1858 adtulit.

153 1875 248 1904 Plane
269 1873 422 1911 geminum
443 1872 618 1910 exemplum
638 1872 713 1901 haec
739 1879 845 1902 nostra
870 1875 963 1903 etiam
985 1875 1084 1903 oratio
1114 1874 1148 1902 C.
1168 1873 1259 1902 VIII.
1287 1871 1314 1911 §.
1335 1881 1381 1900 20.
1409 1871 1546 1910 praebet.
1584 1871 1649 1907 Qui
1669 1873 1756 1901 locus
1777 1884 1837 1912 quo
1857 1875 1949 1912 magis
1969 1875 2032 1905 hue

154 1921 309 1960 pertinet,
330 1930 365 1947 eo
386 1919 486 1957 aptius
506 1918 557 1946 hic
582 1921 774 1957 t1·actabitm·‚
796 1931 864 1950 cum
884 1922 951 1960 ipse
971 1922 1138 1950 similluma
1158 1921 1257 1959 glossa
1275 1920 1402 1949 uitiatus
1423 1919 1474 1947 sit.
1511 1919 1608 1947 Extat
1626 1919 1682 1947 ille
1701 1919 1734 1948 in
1755 1921 1860 1949 codice
1880 1923 2030 1953 Bauarico

153 1969 198 1996 sic
217 1967 366 2005 scriptus:

227 2017 273 2044 At
292 2017 326 2043 in
346 2024 562 2052 quemeumque
581 2015 768 2051 Arpinatem
788 2017 953 2050 incideris,
986 2019 1111 2046 etiamsi
1136 2017 1216 2045 noli-s·
1242 2017 1302 2044 erit
1323 2021 1426 2043 tamen
1454 2014 1513 2042 tibi
1528 2014 1672 2053 sortasse
1691 2017 1786 2043 etlam
1806 2017 1842 2045 de
1862 2017 1950 2047 nobis
1968 2020 2031 2048 ali-

154 2062 246 2101 quid,
267 2062 391 2098 aliquid
408 2068 469 2090 set
489 2068 569 2090 certe
589 2063 625 2089 de
646 2063 674 2090 C.
695 2064 802 2090 Mario
823 2064 1022 2094 audiendum.

228 2108 422 2136 Erfurteusis
442 2108 541 2136 solum
561 2118 597 2135 eo
618 2119 634 2136 a
653 2109 803 2138 Bauarico
825 2111 971 2147 discedit,
1005 2111 1088 2150 quod
1107 2110 1202 2139 semel
1219 2114 1341 2138 tantum
1360 2110 1487 2148 aliquid
1502 2109 1604 2138 habet.
1643 2109 1792 2138 Familiae
1809 2112 2029 2141 tertiaecodi-

154 2167 204 2185 ces
225 2166 329 2184 omnes
349 2161 393 2183 set
413 2155 596 2193 particulam
617 2156 764 2184 omittunt
784 2162 829 2192 et,
851 2158 969 2186 duobus
991 2159 1129 2197 exceptis
1150 2158 1212 2186 Ox.
1233 2164 1259 2195 ψ
1280 2163 1311 2186 et
1328 2165 1348 2194 χ
1362 2167 1391 2193 1,
1411 2167 1469 2195 pro
1489 2163 1570 2185 certe
1589 2157 1702 2185 uitiose
1723 2163 1752 2185 et
1772 2159 1928 2196 scribunt3
1945 2169 2027 2187 non-

154 2203 234 2231 nulli
255 2202 347 2230 etiam
367 2203 492 2239 aliquid
507 2202 602 2230 semel
621 2207 739 2230 tantum
766 2205 900 2242 positum
921 2205 1044 2233 habent.
1085 2205 1240 2234 Graeuius
1265 2205 1309 2233 sic
1330 2204 1472 2242 scripsit,
1508 2204 1761 2242 quemadmodum
1781 2205 1814 2233 in
1833 2207 1858 2234 B
1878 2206 2027 2244 scriptum

154 2250 237 2279 hunc
257 2250 359 2277 locum
378 2255 484 2277 extare
504 2249 580 2277 dixi.
619 2249 659 2276 Ei
680 2250 824 2279 adsensus
844 2257 890 2280 est
911 2252 1113 2288 Garatonius,
1140 2262 1284 2281 monens:
1312 2253 1441 2286 „Etiam
1459 2257 1491 2280 ct
1516 2258 1562 2281 set
1589 2252 1640 2280 hic
1661 2252 1720 2281 sibi
1740 2257 1810 2290 apte
1828 2252 2027 2290 respondent,

155 2303 190 2326 ut
209 2297 241 2324 in
261 2297 358 2324 Bruto
379 2306 441 2334 9⁰*
466 2297 560 2334 idque
575 2296 733 2334 faciebam
753 2300 884 2326 multum
904 2302 999 2327 etiam
1019 2302 1154 2333 Latine,
1172 2306 1217 2328 set
1236 2302 1356 2329 Graece
1374 2301 1506 2336 saepius.
1546 2300 1610 2328 Cur
1630 2310 1678 2327 eas
1697 2299 1862 2338 particulas
1881 2300 2027 2338 repudia-

154 2344 202 2373 m't
217 2343 387 2372 Ernestus?
414 2353 451 2371 an
473 2344 555 2382 quod
574 2345 732 2382 praecedit
751 2346 898 2373 etiamsi?
923 2347 1032 2375 leuest.
1060 2347 1206 2375 Codicem
1227 2353 1387 2385 optumum
1407 2347 1458 2376 uir
1477 2358 1612 2376 summus
1632 2347 1761 2375 nimium
1781 2347 2028 2376 contemnebat.‘⁴

155 2391 274 2419 Contra
294 2389 496 2418 Garatonium
517 2401 589 2419 uere
609 2392 730 2420 monuit
751 2392 904 2420 Orellius:
937 2393 1031 2428 „Non
1051 2394 1112 2422 iam
1132 2394 1352 2433 despicientiae
1374 2395 1490 2423 codicis
1509 2395 1576 2423 Erf.
1605 2394 1728 2428 tribue,
1760 2393 1842 2431 quod
1861 2393 2026 2423 Ernestius

155 2437 224 2466 illas
250 2436 416 2475 particulas
442 2438 636 2476 repudiauit,
665 2445 712 2468 set
739 2440 983 2477 intolerandum,
1016 2447 1052 2470 ut
1079 2442 1208 2481 opinor,
1237 2442 1266 2471 ei
1292 2443 1476 2478 uidebatur,
1506 2439 1654 2481 postponi
1680 2440 1713 2467 in
1738 2450 1848 2479 prosae
1875 2441 2026 2470 orationis
