2185 2720
865 155 891 185 c
911 155 940 184 A
959 156 998 186 P.
1036 154 1216 185 XXXVII.
1242 151 1270 195 §.
1290 160 1336 189 90·
1982 164 2036 192 229

155 237 275 283 fuisse
296 240 369 268 tam
388 233 584 274 excordem,
606 232 669 278 qui
688 231 784 266 uiuis
809 231 864 265 his
874 255 885 270 ,
907 235 1022 264 stante
1042 230 1126 263 urbe
1148 235 1183 262 et
1204 230 1303 262 curia
1326 229 1522 262 rediturum
1544 243 1615 271 me,
1638 232 1670 264 si
1692 232 1859 271 uiuerent,
1881 245 1947 265 non
1967 245 2037 278 pu-

163 290 280 323 taret?
303 295 336 320 et
359 299 421 331 pro
437 286 538 318 domo
560 285 653 318 c.24.
684 284 851 318 Uidebam
873 286 958 318 uiuo
974 289 1097 317 senatu
1113 283 1311 328 populoque
1323 285 1482 317 ‚Romano
1505 286 1647 317 celerem
1668 286 1756 318 mihi
1778 286 1941 325 reditum,
1955 292 2035 317 ete..

160 343 203 374 In
224 340 400 380 omnibus,
437 350 522 382 quae
544 338 584 370 de
606 338 711 369 exilio
733 349 771 369 ac
793 337 902 369 reditu
924 349 985 369 suo
1008 343 1078 368 tam
1100 348 1199 379 saepe
1225 338 1427 380 copioseque
1451 337 1599 377 disserit,
1631 350 1747 370 rerum
1772 337 1906 380 quidem
1930 345 2039 380 gesta-

161 406 240 427 rum
263 394 373 425 elucet
395 391 538 431 ueritas,
567 396 619 422 set
641 401 726 433 quae
747 389 892 422 oratorie
915 389 1128 433 glorioseque
1152 388 1325 429 dicuntur,
1353 401 1392 421 ea
1414 400 1524 431 neque
1548 390 1708 422 historice
1730 402 1841 433 neque
1866 390 2037 422 dialectice

162 452 242 479 sunt
267 443 470 478 excutienda
490 442 652 475 seuerius.
697 441 934 475 Conferendus
961 443 1099 474 omnino
1125 453 1211 474 unus
1237 447 1286 473 est
1308 441 1401 473 locus
1423 453 1486 485 pro
1510 444 1604 474 Sext.
1632 455 1659 475 c.
1684 455 1756 482 22,
1784 455 1851 485 quo
1874 444 1956 475 haec
1982 455 2039 475 ea·-

163 499 240 531 dem
262 496 467 530 enucleatius
489 494 665 537 fusiusque
687 501 880 539 pertractat.
921 496 1022 535 Hoc,
1051 496 1179 537 inquit,
1210 495 1388 528 uidebamt
1419 496 1450 527 si
1472 508 1630 528 caussam
1647 497 1827 541 publicam
1849 509 1925 528 mea
1947 509 2039 528 mors

158 552 379 597 peremisset,
410 549 581 581 neminem
602 560 767 592 umquam
780 547 883 592 fore,
918 549 979 592 qui
999 549 1143 582 auderet
1165 549 1338 592 suscipere
1367 554 1487 581 contra
1509 549 1669 593 inprobos
1695 550 1784 581 ciuis
1807 550 1858 581 rei
1876 549 2040 592 publicae

163 605 321 637 salutem.
362 603 488 646 Itaque
511 614 578 634 non
600 603 715 634 solum
737 602 769 634 si
791 602 830 634 ui
852 602 1065 640 interissem,
1099 607 1150 633 set
1170 601 1277 633 etiam
1296 602 1327 633 si
1348 601 1463 633 morbo
1485 603 1658 635 extinctus
1681 615 1806 641 essem,
1825 601 1911 644 fore
1929 608 2040 646 puta-

164 657 263 697 bam,
311 660 351 688 ut
382 655 576 698 exemplum
607 655 659 686 rei
681 666 721 698 p.
749 655 1004 688 conseruandae
1032 667 1165 687 mecum
1186 654 1294 686 simul
1322 654 1491 688 interiret.
1535 655 1623 694 Quis
1645 656 1737 687 enim
1758 667 1922 698 umquam
1943 667 1996 687 me
2017 668 2040 687 a

165 715 288 743 senatu
306 707 504 753 populoque
522 708 699 746 Romano,
724 713 821 740 tanto
843 708 997 740 omnium
1018 707 1183 739 bonorum
1203 708 1332 747 studio,
1354 720 1421 740 non
1447 707 1620 747 restituto,
1645 709 1736 751 quod
1758 713 1858 745 certe,
1882 708 1914 739 si
1935 720 2040 739 essem

163 761 382 806 interfecta-⁹,
403 759 560 792 accidere
581 771 648 793 non
663 761 850 804 potuisset,
872 761 983 793 ullam
1005 761 1057 792 rei
1073 772 1111 803 p.
1128 765 1269 803 partem
1291 772 1367 792 cum
1387 772 1451 791 sua
1473 760 1628 792 minuma
1651 761 1788 792 inuidia
1811 761 1954 792 auderet
1975 761 2040 793 ad-

164 815 327 858 tingere?
347 830 390 837 —
433 813 532 856 Ego,
561 813 622 856 qui
629 837 640 851 ,
672 814 957 856 quemadmodum
979 813 1083 846 multi
1107 812 1143 844 in
1166 818 1288 844 senatu
1311 824 1364 844 me
1385 811 1522 845 absente
1541 813 1725 852 dixerunt,
1749 813 1908 857 periculo
1934 814 1986 845 rei
2002 825 2039 857 p.

163 867 345 905 uiuelmm,
373 866 500 910 quique
522 865 561 897 ob
585 877 661 898 eam
682 878 841 898 caussam
863 865 1102 898 consularibus
1124 865 1253 897 litteris
1276 866 1318 898 de
1339 871 1479 898 senatus
1501 866 1672 898 sententia
1694 866 1819 898 exteris
1842 865 2041 898 nationibus

164 918 433 958 conmendabar,
456 930 584 956 nonne,
609 919 641 951 si
661 931 772 951 meam
793 919 906 951 uitam
927 919 1171 957 deseruissem,
1201 929 1273 948 rem
1290 930 1328 961 p.
1344 919 1602 962 prodidissem?
1635 919 1671 952 in
1697 917 1926 961 qudqzddem
1950 930 2041 950 nunc

165 986 220 1008 me
241 974 403 1006 restituto
425 972 519 1004 uiuit
539 983 671 1004 mecum
692 971 799 1004 simul
819 972 1012 1016 exemplum
1026 970 1121 1014 fidei
1140 970 1315 1014 publicae,
1337 973 1529 1016 exemplum
1545 973 1596 1004 rei
1613 971 1775 1016 publicae
1797 968 2042 1014 defendendae.

163 1027 218 1058 Re
245 1025 350 1069 igitur
379 1029 532 1055 accurate
553 1030 728 1067 perspecta
751 1035 900 1056 errorem
922 1035 992 1055 non
1015 1022 1194 1054 ferendum
1224 1034 1279 1054 me
1302 1024 1493 1064 sustulisse,
1529 1036 1645 1056 ueram
1668 1024 1848 1055 lectionem
1871 1023 2041 1055 constabi-

164 1077 244 1109 lisse
268 1075 411 1110 confido.
456 1075 493 1106 Si
514 1074 632 1117 fallor,
661 1075 753 1108 uiam
774 1082 886 1108 tamen
913 1076 955 1108 ad
981 1076 1125 1107 certiora
1147 1076 1339 1109 muniuero.
1365 1078 1626 1109 GARATONIUS.
1671 1077 1869 1110 Uerissume
1892 1076 2041 1108 Garato-

164 1130 241 1162 nius
274 1129 452 1163 retinendo
482 1140 501 1160 a
525 1128 689 1161 Cicerone
716 1128 868 1174 potuisse
894 1129 997 1161 scribi
1027 1127 1173 1171 negauit.
1219 1130 1331 1172 Quem
1362 1141 1440 1161 cum
1467 1141 1529 1160 nec
1558 1135 1692 1161 senatus
1722 1141 1784 1160 nec
1811 1130 1959 1172 populus
1983 1130 2039 1169 R.‚

165 1183 348 1226 quominus
370 1182 407 1213 in
430 1181 574 1213 exilium
595 1181 678 1223 iret,
716 1182 926 1223 retinuisset,
964 1182 1075 1213 dicere
1100 1181 1199 1213 etiam
1227 1194 1246 1214 a
1267 1189 1385 1215 senatu
1407 1194 1442 1215 se
1463 1182 1661 1226 populoque
1682 1182 1840 1214 Romano
1869 1189 2041 1216 retentum

165 1247 238 1267 esse
258 1246 329 1267 non
351 1234 474 1278 potuit.
519 1234 630 1277 Atqui
655 1236 720 1267 hoc
743 1235 923 1268 manifesto
953 1234 1174 1278 significaret,
1212 1236 1241 1268 si
1263 1238 1441 1270 retinendo
1469 1236 1650 1277 legeretur.
1695 1234 1852 1275 Accedit,
1893 1235 1984 1278 quod
2008 1241 2041 1267 et

166 1289 268 1321 huius
290 1289 395 1321 totius
420 1288 487 1320 loci
509 1288 676 1320 sententia
700 1294 734 1320 et
755 1288 831 1330 ille,
873 1300 974 1332 quem
999 1289 1204 1321 Garatonius
1233 1301 1277 1321 ex
1299 1302 1348 1322 or.
1368 1301 1432 1333 pro
1456 1289 1541 1320 Sest.
1566 1288 1604 1320 C.
1626 1289 1744 1322 XXII.
1766 1287 1903 1327 adtulit,
1941 1288 2041 1319 lucu-

164 1342 276 1374 lenter
307 1341 446 1382 docent,
482 1353 552 1373 non
573 1352 672 1385 posse
693 1341 750 1373 hic
773 1341 814 1372 de
836 1341 902 1373 alia
924 1353 961 1373 re
984 1353 1085 1384 quam
1108 1341 1147 1373 de
1171 1342 1343 1375 Ciceronis
1371 1341 1586 1374 restitutione
1607 1352 1798 1373 sermonem
1822 1352 1902 1373 esse.
1947 1341 2041 1374 Uidit

163 1395 231 1428 hoc
253 1395 427 1428 Manutius
453 1406 605 1438 quoque,
646 1395 703 1438 qui
725 1395 761 1427 in
785 1406 824 1426 eo
847 1401 979 1426 tantum
1003 1395 1148 1437 errauit,
1188 1396 1278 1438 quod
1303 1396 1410 1428 uerbo
1439 1395 1610 1429 retinendi
1639 1393 1915 1437 significationem
1938 1396 2040 1427 resti-

165 1449 288 1482 tuendi
314 1454 347 1480 et
369 1449 599 1481 conseruandi
620 1447 799 1487 adtribuit,
838 1458 939 1489 quam
968 1447 1092 1480 habere
1121 1449 1217 1480 nullo
1239 1455 1335 1492 pacto
1361 1454 1483 1490 potest.
1527 1449 1649 1490 Neque
1671 1458 1754 1478 uero
1781 1447 1872 1489 quod
1896 1448 2041 1479 Garato-

164 1502 242 1533 nius
266 1500 446 1543 legendum
468 1501 618 1544 putauit,
643 1501 680 1533 in
703 1513 755 1534 me
778 1502 1010 1541 restituendo,
1039 1501 1194 1544 equidem
1218 1514 1237 1533 a
1261 1502 1424 1534 Cicerone
1448 1501 1612 1544 scriptum
1639 1512 1709 1533 esse
1731 1500 1817 1532 mihi
1839 1501 2040 1543 persuadere

163 1565 314 1598 possum.
361 1553 513 1594 Omitto,
550 1553 762 1585 audaciorem
783 1554 1003 1586 mutationem
1027 1566 1114 1594 esse,
1151 1567 1227 1587 cum
1249 1556 1398 1589 retinere
1423 1561 1456 1586 et
1478 1555 1661 1587 restituere
1684 1553 1746 1585 uix
1767 1564 1930 1594 umquam
1954 1565 1974 1585 a
1996 1553 2041 1585 li-

164 1606 287 1638 brariis
310 1612 502 1639 conmutata
524 1606 749 1649 reperiantur.
795 1607 1013 1647 Sententiam,
1039 1619 1123 1650 quae
1146 1608 1226 1640 inde
1250 1609 1373 1648 existit,
1396 1618 1482 1650 nego
1506 1613 1620 1650 aptam
1643 1606 1723 1638 huic
1745 1606 1819 1637 loco
1844 1617 1925 1637 esse,
1969 1607 2041 1639 Mi-

164 1670 269 1692 nume
292 1659 383 1690 enim
407 1659 640 1702 interpretatio
664 1660 846 1700 Garatoni,
883 1671 968 1702 quae
996 1672 1059 1704 per
1082 1673 1117 1693 se
1141 1661 1279 1704 quidem
1308 1661 1432 1694 bonam
1454 1660 1656 1692 sententiam
1679 1658 1845 1697 continet,
1884 1660 1998 1692 uerbis
2021 1672 2040 1692 a

167 1713 333 1745 Cicerone
354 1712 474 1755 positis
496 1713 691 1756 respondet.
736 1715 980 1756 Interpretatur
1002 1713 1078 1753 ille,
1102 1721 1137 1746 ut
1162 1715 1325 1756 uidimus,
1349 1716 1382 1747 h.
1403 1715 1516 1747 locum
1537 1714 1601 1746 ita:
1633 1724 1708 1746 mea
1729 1724 1821 1745 mors
1837 1715 2041 1756 peremisset

165 1766 250 1799 illut
271 1766 481 1809 exemplum,
506 1767 599 1811 quod
618 1778 671 1798 me
693 1772 766 1799 tam
788 1767 959 1805 studiose,
989 1772 1061 1799 tam
1082 1767 1271 1811 honorifice
1293 1768 1505 1801 restituendo
1527 1772 1667 1800 senatus
1690 1765 1910 1811 populusque
1933 1767 2038 1800 dedit.

167 1819 217 1852 At
238 1829 308 1849 non
332 1817 421 1849 dixit
444 1819 582 1852 Cicero:
609 1820 648 1852 id
668 1820 880 1865 exemplum,
904 1820 997 1864 quod
1018 1820 1114 1852 dedit
1134 1833 1186 1853 me
1208 1822 1421 1856 restituendo
1444 1826 1525 1862 etc„
1546 1826 1612 1852 set:
1639 1820 1678 1852 id
1699 1818 1902 1863 exemplum,
1925 1820 2039 1862 qualis

158 1869 313 1915 futurus
335 1871 373 1903 in
393 1883 448 1904 me
468 1871 671 1916 —fuisset.
712 1873 827 1905 Uerba
849 1879 961 1905 autem
977 1872 1131 1918 futurus
1151 1873 1288 1918 fuisset
1315 1873 1494 1906 manifesto
1516 1873 1708 1918 postulant,
1745 1877 1799 1911 ut,
1830 1871 1918 1913 quod
1940 1884 2039 1916 saepe

166 1923 206 1955 fit
227 1923 263 1954 in
282 1923 497 1965 huiusmodi,
532 1926 639 1967 qualis
662 1927 744 1957 haec
766 1932 835 1966 est,
858 1925 1104 1966 locutionibus,
1138 1938 1349 1972 suppressam
1374 1926 1523 1971 aliquam
1550 1925 1751 1959 sententiam
1772 1930 1972 1965 statuamus,
2007 1933 2040 1958 et

167 1976 305 2019 quidem
329 1977 433 2010 hanc:
471 1979 503 2010 si
525 1980 708 2020 uixissem,
746 1979 889 2021 ideoque
917 1990 1033 2010 sensus
1056 1979 1116 2011 sit:
1154 1992 1250 2013 nemo
1272 1993 1325 2013 me
1346 1987 1482 2014 mortuo
1512 1981 1602 2013 scire
1616 1984 1755 2024 posset,
1792 1978 1878 2023 quid
1897 1984 2039 2012 senatus

164 2029 382 2074 populusque
403 2032 470 2071 R.‚
505 2033 539 2064 si
563 2033 747 2073 uixissem,
783 2033 825 2065 de
845 2044 916 2071 me,
949 2044 1027 2064 cum
1049 2032 1270 2073 restituerer,
1294 2033 1467 2078 facturus
1479 2030 1626 2077 fuisset.
1671 2033 1745 2064 Nec
1768 2030 1858 2062 enim
1880 2032 1945 2063 hoc
1966 2033 2040 2064 cui-

170 2092 272 2125 quam
295 2094 366 2115 esse
388 2084 529 2117 dubium
550 2091 675 2129 potest,
704 2085 804 2128 quin,
835 2085 864 2116 si
884 2085 1017 2127 legatur
1040 2086 1076 2118 in
1098 2098 1152 2118 me
1174 2087 1404 2127 restituendo,
1435 2084 1467 2116 id
1490 2084 1603 2127 ipsum
1624 2083 1812 2127 significare
1836 2082 1970 2123 debeat,
2003 2086 2039 2118 in

167 2148 221 2169 me
240 2141 332 2176 tum,
374 2149 453 2170 cum
476 2140 697 2179 restituerer,
731 2139 789 2170 uel
811 2140 849 2171 in
875 2139 1093 2172 restitutione
1121 2151 1207 2172 mea.
1249 2141 1321 2172 Iam
1343 2151 1426 2171 uero
1456 2137 1607 2181 ineptam
1628 2142 1720 2180 patet
1741 2135 1808 2168 loci
1839 2137 2039 2169 sententiam

167 2188 241 2221 fieri
262 2189 375 2223 addito
406 2192 512 2224 uerbo
542 2192 766 2225 restituendo.
809 2192 890 2224 Non
921 2191 1013 2222 enim
1036 2191 1101 2222 hoc
1121 2198 1231 2234 potest
1254 2192 1372 2225 Cicero
1395 2191 1525 2231 dicere,
1559 2201 1620 2222 sua
1639 2195 1749 2221 morte
1777 2187 1930 2220 effectum
1953 2188 2038 2229 sore,

166 2248 206 2274 ut
228 2253 329 2274 nemo
352 2243 469 2285 sciret,
494 2245 575 2288 quid
598 2251 731 2277 senatus
755 2244 797 2276 de
819 2256 873 2286 se,
903 2244 932 2276 si
953 2243 1111 2283 uixisset,
1142 2244 1178 2275 in
1200 2245 1414 2277 restitutione
1431 2255 1491 2275 sua
1512 2242 1662 2275 facturus
1685 2242 1819 2280 fuisset,
1852 2247 1902 2272 set
1923 2252 2039 2273 neces-

168 2296 256 2328 sario
279 2296 378 2328 debet
399 2296 598 2340 simpliciter
619 2298 743 2338 dicere,
766 2309 826 2329 sua
848 2302 958 2327 morte
981 2296 1137 2328 effectum
1160 2297 1249 2337 fore,
1281 2304 1320 2329 ut
1341 2308 1442 2328 nemo
1464 2295 1582 2335 sciret,
1609 2294 1691 2338 quid
1711 2299 1841 2326 senatus
1865 2293 1906 2324 de
1928 2305 1980 2334 se,
2010 2293 2038 2325 si

168 2347 328 2390 uixisset,
362 2347 511 2382 facturus
533 2349 668 2391 fuisset,
698 2350 731 2382 id
754 2356 823 2389 est,
859 2356 975 2382 utrum
995 2356 1210 2394 suscepturus
1236 2361 1384 2382 caussam
1410 2348 1481 2381 eius
1500 2347 1634 2387 fuisset,
1669 2346 1879 2379 restituendo
1902 2357 1979 2378 eum
2002 2346 2039 2377 in

169 2400 335 2444 patriam,
368 2413 412 2433 an
433 2401 646 2442 deserturus,
683 2402 936 2443 conmittendo,
971 2409 1010 2435 ut
1038 2404 1074 2435 in
1105 2403 1209 2435 exilio
1237 2408 1399 2434 maneret.
1444 2402 1501 2433 Ex
1528 2401 1581 2432 his
1605 2399 1799 2438 conficitur,
1838 2398 2038 2431 Ciceronem

170 2452 367 2497 simpliciter
390 2455 505 2499 qualis
516 2454 672 2499 futurus
693 2457 730 2489 in
751 2468 804 2488 me
813 2455 949 2500 fuisset
971 2462 1033 2488 etc.
1056 2456 1201 2488 scribere
1221 2454 1408 2487 necessario
1432 2454 1603 2494 debuisse,
1627 2452 1838 2494 uerbumque
1860 2451 2038 2484 retinendo
