2185 2720
833 153 872 182 1,.
900 152 924 181 1.
970 151 1004 180 c.
1032 151 1088 180 III.
1136 149 1164 191 ς.
1192 152 1292 181 5-8,
1927 159 2013 189 XXI

127 228 161 255 in
181 226 264 261 dico,
284 236 375 264 quam
396 226 480 259 dieo,
511 226 536 254 si
557 226 667 255 fnisset
687 237 704 255 a
724 226 832 255 Tullio
852 226 1006 265 positum,
1036 227 1068 254 in
1090 226 1194 254 <licam
1215 227 1386 254 conmutari
1414 228 1527 265 potuit.
1577 229 1721 258 Eundem
1742 240 1880 261 errorem
1901 234 2012 264 librari

127 275 161 303 in
181 285 225 302 or.
247 274 283 302 de
312 274 436 311 inperio
458 274 514 302 Cn.
535 274 665 312 Pompei
693 275 726 303 C.
747 275 825 304 XX.
855 273 882 314 §.
904 275 948 303 60.
976 274 1202 309 conmiserunt,
1238 284 1297 311 quo
1326 274 1359 301 in
1388 274 1456 302 loco
1477 275 1551 304 item
1578 287 1635 314 pro
1657 278 1740 312 dien,
1773 289 1849 317 quae
1877 283 2013 320 uolgaris

127 322 325 360 scripturast,
346 321 539 349 Erfurtensis
560 323 635 350 libri
656 323 839 351 auctoritate
860 322 1047 360 grauissuma
1065 322 1168 349 dicam
1188 320 1385 349 scribendum
1408 332 1482 357 esse,
1504 323 1536 351 in
1557 325 1656 352 Praef.
1677 325 1715 353 ad
1735 325 1826 355 Uarr.
1847 329 1949 358 Lectt.
1972 342 2011 360 ex

127 370 194 398 cod.
223 370 290 397 Erf.
317 375 399 397 enot.
426 380 455 407 p.
477 370 618 398 LXXII.
647 370 815 398 docuimus.
855 370 984 398 Prorsus
1014 369 1189 405 ambiguum
1216 373 1317 396 autem
1339 369 1464 397 uidetur
1485 380 1565 406 esse,
1603 377 1706 400 utrum
1728 373 1840 403 Cicero
1863 376 1896 404 C.
1918 377 2011 407 XIV.

126 417 155 458 §.
175 418 220 446 33.
239 419 274 446 in
293 418 392 445 medio
409 418 502 454 soro,
532 427 592 454 quo
614 418 723 446 ordine
743 418 771 445 A
791 417 886 444 uerba
906 415 980 444 haec
1003 416 1160 447 conlocat.
1188 425 1225 442 an
1246 416 1344 443 medio
1365 418 1398 444 in
1409 417 1503 454 foro,
1531 428 1620 455 quem
1647 421 1788 450 ordinem
1814 425 1909 452 ceteri
1937 426 2011 455 libri

126 469 270 502 tuentur,
291 470 322 493 et
343 464 376 492 C.
397 464 526 491 XXXI.
548 462 575 503 §.
598 466 641 501 75.
665 470 792 501 poterat
812 464 890 491 haec
911 474 972 491 esse
993 464 1137 495 inuidia,
1167 463 1422 501 quemadmodum
1442 464 1471 491 A
1492 464 1617 501 scribit,
1654 477 1691 494 an
1712 468 1788 497 haec
1803 477 1931 507 poterat
1951 485 2013 503 esse

125 514 268 548 inuidia,
305 522 381 550 quae
406 512 599 549 reliquorum
628 513 769 540 codicum
802 511 943 546 lectiost,
981 510 1151 549 scripserit.
1200 511 1278 539 Nam
1314 516 1448 549 utroque
1480 512 1572 540 modo
1599 514 1694 542 uerba
1723 517 1885 546 conlocare
1910 520 2012 551 licuit,

127 561 323 598 Sequendum
343 564 445 587 tamen
465 559 706 587 Ambrosianum
727 559 820 590 duxi.
856 558 909 597 qui
930 564 962 586 et
983 558 1159 596 antiquiore
1181 569 1257 587 aeuo
1279 570 1366 597 quam
1390 560 1461 595 ille,
1489 560 1541 597 qui
1561 560 1632 588 fons
1653 561 1788 591 familiae
1809 568 1960 597 secundae
1981 575 2012 598 et

125 609 236 637 tertiae
257 607 379 642 extitit,
400 607 533 645 scriptus
555 617 637 642 esse,
659 612 689 634 et
710 618 748 635 ex
769 606 938 644 integriore
958 606 1055 641 fonte,
1075 606 1108 634 id
1129 607 1210 644 quod
1232 607 1266 635 C.
1288 607 1328 634 II.
1348 605 1375 646 §.
1400 617 1422 635 1.
1445 607 1734 645 demsmstrauinms,
1755 611 1883 641 fluxisse
1904 617 2012 646 uidea-

125 661 186 684 tur.
213 656 318 684 Aliter
337 660 439 683 taincn
460 655 564 683 iudico
586 655 623 683 de
643 655 814 693 scripturae
836 653 1026 689 diuersitate,
1048 663 1124 691 quae
1147 654 1180 682 C.
1198 655 1241 682 X.
1262 653 1289 693 §
1306 656 1351 683 25.
1373 660 1404 682 et
1426 655 1460 682 C.
1475 654 1619 683 XXVII.
1641 654 1668 694 ᾗ.
1690 656 1734 685 66.
1756 657 2011 696 deprehenditur.

123 703 268 731 Alterum
296 702 407 730 horum
435 702 576 730 locorum
597 702 734 731 familiae
755 702 906 731 secundae
928 706 958 729 ct
978 701 1089 729 tertiae
1117 702 1239 730 codices
1268 703 1311 730 ita
1332 702 1483 740 scriptum
1504 701 1670 739 exliibentJ:
1707 705 1793 733 Nam
1815 715 1851 736 ut
1870 714 2012 741 omittam

123 751 216 784 illut,
244 751 328 788 quod
347 761 399 788 ego
414 761 473 787 pro
495 761 526 778 eo
551 750 748 785 laborabam,
778 752 833 788 qni
853 749 978 777 ualebat
1007 751 1072 786 ipse
1096 759 1154 786 per
1174 760 1252 782 sese,
1285 752 1407 788 rogatio
1435 752 1526 786 ipsa
1555 761 1671 791 semper
1699 758 1744 780 est
1759 757 2011 795 gratiogjsfflmm,

124 808 203 836 quae
223 804 265 826 es(
293 799 392 836 officio
415 799 650 826 necessilzcclinis
670 800 836 826 coniuncta
857 807 1007 825 maxume.
1047 796 1192 824 Discedit
1212 798 1250 825 ab
1272 798 1311 825 iis
1332 797 1557 825 Ambrosianus
1579 807 1631 830 eo,
1663 799 1745 835 quod
1764 811 1822 838 pro
1843 805 1912 840 ipsa
1932 808 2012 835 scri-

122 845 171 874 bit
190 845 274 889 lzqee.
313 846 414 873 Nemo
436 856 498 874 non
519 846 682 884 intellegit,
702 846 851 873 alterutra
871 844 1026 881 scriptura
1046 844 1082 879 si,
1104 844 1140 872 de
1163 855 1222 882 quo
1243 855 1321 882 nego
1343 845 1479 873 dubitari
1500 856 1599 883 posse,
1621 856 1638 872 a
1658 845 1766 875 Tullio
1787 853 1916 886 putetur
1935 863 2012 890 pro-

122 894 221 929 fecta,
240 894 368 922 alteram
388 894 561 922 necessario
582 904 644 922 non
666 904 704 921 ex
724 893 834 921 librari
855 902 961 920 errore
982 897 1028 919 set
1050 892 1247 920 correctione
1277 892 1390 920 debere
1418 897 1516 920 ortam
1537 893 1727 922 existumari.
1766 895 1803 923 Id
1823 902 1924 927 autem
1941 900 2012 929 fieri

123 941 215 969 etiam
236 942 272 969 ab
295 951 330 969 eo
350 941 470 979 potuit,
492 941 544 978 qui
565 941 772 978 antiquiorem
792 940 931 968 codicem
951 940 1193 968 Ambrosianum
1213 940 1357 978 scripsit3
1378 941 1492 968 factum
1514 950 1588 975 esse,
1610 950 1648 968 ex
1668 941 1731 969 loci
1751 946 1904 974 sententia
1924 953 2011 976 certo

123 993 200 1027 puto
229 989 344 1025 conligi
370 999 478 1026 posse,
513 989 563 1016 cui
592 988 692 1026 primo
721 993 845 1026 aspectu
874 988 951 1016 llaec
977 997 1149 1025 pronomen
1177 992 1308 1025 propter
1336 998 1466 1026 sequens
1494 989 1659 1016 relatiuom
1688 1000 1768 1027 quae
1788 993 1886 1021 multo
1907 996 2010 1034 aptius

123 1046 213 1074 quam
232 1038 303 1073 ipsa
330 1036 518 1074 respondere
538 1036 691 1064 uideatur.
733 1036 849 1063 Contra
875 1037 944 1072 ipsa
973 1045 1153 1073 quamquam
1174 1035 1374 1073 aptissumum
1395 1046 1518 1064 sensum
1537 1037 1683 1074 praebet,
1714 1038 1746 1066 id
1767 1041 1850 1077 quod
1870 1042 1902 1070 in
1924 1054 2010 1073 com-

121 1084 274 1112 mentario
304 1084 411 1119 docui,
437 1089 539 1112 tamen
568 1084 698 1111 multost
724 1083 885 1111 obscurius
914 1082 1047 1118 dictum,
1077 1093 1166 1120 quam
1194 1087 1229 1110 ut
1257 1083 1293 1111 ab
1324 1083 1452 1111 librario
1480 1094 1538 1121 pro
1567 1083 1644 1112 llaec
1665 1094 1730 1112 esse
1758 1087 1895 1124 positum
1915 1090 2010 1118 ullam

121 1131 233 1159 habeat
260 1131 490 1169 probabilitatis
517 1131 659 1169 speeiem.
700 1130 806 1168 Itaque
836 1135 866 1158 et
894 1130 1043 1158 hocloco
1074 1129 1190 1158 codicis
1210 1129 1411 1158 Ambrosiani
1432 1131 1648 1160 auctoritatem
1678 1134 1897 1172 neglegendam
1925 1137 2010 1174 duxi,

122 1183 154 1206 et.
173 1178 271 1206 altero
291 1178 347 1207 illo
369 1179 415 1217 (C.
436 1179 580 1207 XXVII.
602 1176 628 1217 ἕ.
650 1175 725 1215 (BQ),
746 1178 779 1205 in
800 1188 860 1215 quo
880 1188 938 1216 pro
959 1178 1081 1215 uolgata
1109 1178 1272 1216 scriptura,
1293 1178 1376 1206 liam
1391 1180 1463 1215 seio,
1484 1189 1526 1206 (ιη
1541 1180 1616 1215 plus
1637 1181 1715 1209 mihi
1732 1182 1904 1219 profuerit,
1925 1185 2009 1213 solus

121 1225 230 1263 habet,
250 1227 340 1255 Ιιαιιῑῖ
357 1230 436 1262 seio,
457 1237 500 1254 an
514 1228 620 1263 pluris
640 1225 719 1253 mihi
729 1225 857 1263 fiairi&
879 1235 954 1263 quae
975 1225 1166 1264 scriptura'a
1185 1235 1277 1254 sensu
1298 1226 1359 1254 loci
1379 1226 1615 1255 alienissmnast.

1023 1331 1050 1372 ς.
1077 1338 1103 1365 7.

194 1405 370 1435 Deficiente
389 1406 591 1435 Ambrosiani
612 1405 812 1441 auctoritate,
834 1405 886 1444 qui
906 1415 1020 1444 paucos
1041 1411 1160 1434 tantum
1180 1405 1272 1434 huius
1294 1405 1443 1434 orationis
1464 1406 1549 1435 locos
1571 1407 1727 1443 seruauit,
1748 1417 1889 1438 maxuma
1908 1411 2009 1439 Baua-

119 1454 179 1484 rici
199 1459 230 1483 et
250 1455 443 1483 Erfurtensis
465 1454 631 1483 auctoritas
653 1459 706 1481 est.
747 1453 810 1489 Qui
830 1454 885 1482 ubi
906 1454 1107 1482 consentiunt
1135 1464 1204 1482 011111
1224 1454 1360 1482 familiae
1381 1454 1490 1482 tertiae
1512 1455 1671 1483 codicibus
1693 1456 1856 1494 omnibus,
1890 1464 2009 1488 tantum

119 1502 346 1539 intelleguntur
362 1503 555 1531 auctoritatis
574 1501 698 1536 habere,
720 1506 866 1539 quantum
883 1502 981 1530 codex
1002 1501 1158 1540 princeps,
1181 1502 1233 1540 qui
1254 1502 1323 1529 sons
1339 1502 1474 1530 familiae
1494 1503 1645 1531 secundae
1667 1508 1697 1532 et
1717 1504 1828 1532 tertiae
1844 1506 1961 1541 extitit,
1982 1506 2009 1534 si

120 1554 260 1577 seruatus
281 1555 378 1585 essct,
398 1549 535 1578 haberet.
576 1550 657 1577 Eum
677 1554 779 1577 autem
800 1548 937 1577 codicem
958 1549 1018 1577 iam
1041 1560 1134 1587 supra
1155 1549 1189 1577 C.
1212 1549 1267 1577 ΙΙΙ.
1289 1549 1315 1588 §.
1341 1560 1363 1578 1.
1385 1549 1546 1578 docuimus
1568 1552 1754 1590 corruptelis
1775 1553 1893 1590 aliquot
1912 1553 2010 1581 fuisse

120 1597 329 1636 deprauatum.
369 1598 475 1635 Itaque
496 1598 562 1626 solo
584 1597 639 1625 illo
661 1606 813 1624 consensu
834 1606 1001 1634 numquam
1022 1597 1133 1625 adduci
1153 1608 1332 1635 possumus,
1351 1602 1387 1625 ut
1407 1598 1609 1636 scripturam,
1638 1609 1726 1636 quam
1747 1609 1853 1628 omnes
1873 1600 2008 1628 familiae

119 1644 271 1673 secundae
292 1649 322 1672 et
341 1645 451 1672 tertiae
473 1645 595 1672 codices
614 1644 780 1682 praebent,
810 1643 849 1670 ob
871 1654 935 1672 eam
957 1646 1054 1683 ipsam
1076 1655 1210 1673 caussam
1232 1645 1396 1682 genuinam
1418 1645 1576 1674 credamus
1597 1656 1671 1675 esse.
1713 1648 1904 1686 Quamquam
1934 1649 2008 1677 illut

118 1692 223 1731 negari
245 1692 370 1720 omnino
392 1693 516 1730 nequit,
538 1703 586 1721 eas
608 1693 793 1731 scripturas,
820 1691 853 1718 in
874 1702 946 1730 quas
977 1692 1112 1721 familiae
1140 1692 1292 1720 secundae
1320 1697 1349 1720 et
1378 1693 1489 1721 tertiae
1519 1694 1639 1722 codices
1668 1705 1772 1723 omnes
1801 1696 2006 1732 consentiant,

117 1751 290 1770 maxumam
308 1744 429 1779 partem
449 1739 602 1768 eiusmodi
623 1749 705 1776 0550,
735 1749 811 1778 quae
831 1740 907 1778 quin
927 1751 944 1768 a
965 1741 1074 1769 Tullio
1096 1740 1163 1779 ipso
1183 1739 1342 1777 profectae
1363 1740 1426 1768 sint
1446 1741 1583 1770 dubitari
1602 1752 1667 1770 non
1686 1743 1796 1781 possit.

1021 1857 1048 1898 ς.
1076 1862 1103 1890 ε.

193 1932 291 1960 Porro
313 1941 362 1959 eas
382 1941 505 1970 quoquc
524 1930 709 1969 scripturas,
744 1941 816 1969 quas
837 1932 862 1959 B
884 1936 915 1960 et
933 1931 961 1959 E
983 1941 1053 1958 cum
1072 1930 1225 1968 plurumis
1253 1936 1306 1959 aut
1325 1931 1431 1959 multis
1453 1936 1537 1959 certe
1557 1932 1693 1960 familiae
1713 1933 1823 1961 tertiae
1845 1932 2004 1961 codicibus

118 1978 269 2015 habeant,
295 1979 360 2007 sere
381 1989 501 2017 semper
522 1979 555 2007 in
576 1978 682 2007 codice
704 1979 759 2006 illo
779 1979 925 2017 principe
946 1979 1103 2014 extitisse,
1134 1978 1267 2017 ideoque
1293 1980 1421 2014 alteras,
1455 1990 1531 2017 quae
1552 1979 1584 2007 in
1604 1980 1710 2018 paucis
1732 1980 1896 2008 deterioris
1917 1980 2003 2007 illius

117 2025 252 2055 familiae
271 2026 361 2054 libris
381 2027 594 2055 tantummodo
616 2031 705 2062 sunt,
740 2031 793 2054 aut
814 2036 852 2054 ex
873 2027 1069 2055 correctione
1090 2031 1143 2055 aut
1164 2037 1203 2054 ex
1223 2027 1418 2064 neglegentia
1436 2027 1546 2055 librari
1567 2032 1650 2055 ortas
1672 2037 1752 2063 esse,
1785 2028 1852 2056 iure
1873 2027 2004 2055 merito-

118 2084 178 2112 que
198 2073 290 2101 statui
310 2078 422 2112 potest.
463 2074 663 2103 Contrarium
684 2074 767 2102 enim
787 2074 812 2101 si
833 2084 942 2103 uerum
963 2079 1152 2113 putaremus,
1174 2074 1423 2102 existumandum
1445 2080 1540 2110 esset,
1562 2080 1593 2103 et
1613 2076 1649 2103 ab
1672 2085 1707 2104 eo
1730 2075 1870 2111 librario,
1891 2073 1944 2113 qui
1964 2083 2003 2101 ex

116 2121 224 2149 codice
244 2119 386 2159 principe
406 2121 478 2149 illut
498 2121 663 2159 descripsit
684 2121 860 2160 exemplar,
889 2132 928 2150 ex
949 2133 1009 2160 quo
1030 2123 1055 2150 B
1077 2127 1109 2150 et
1128 2122 1154 2150 E
1175 2127 1248 2149 sunt
1269 2122 1346 2157 orti,
1376 2127 1406 2150 et
1429 2123 1466 2150 ab
1487 2122 1526 2150 iis
1548 2123 1708 2158 onmibus,
1737 2123 1789 2161 qui
1809 2122 1906 2150 libros
1928 2131 2002 2149 exa-

115 2173 239 2203 rarunt,
260 2168 293 2195 in
314 2167 424 2206 quibus
445 2168 550 2197 eadem
570 2173 661 2206 atque
681 2168 715 2196 in
734 2169 760 2196 B
782 2173 812 2196 et
832 2169 858 2196 E
880 2169 1035 2207 scriptura
1055 2174 1155 2205 extat,
1176 2170 1308 2198 fortuito
1330 2180 1481 2198 consensu
1502 2170 1613 2206 uerba,
1635 2180 1712 2208 quae
1732 2171 1765 2198 in
1786 2169 1892 2198 codice
1911 2168 2002 2207 prin-

118 2217 188 2256 cipe
208 2216 323 2254 scripta
343 2220 448 2251 erant,
468 2216 501 2244 in
521 2215 651 2244 eundem
671 2215 797 2244 modum
819 2222 995 2245 conmutata
1016 2227 1090 2245 esse.
1133 2217 1226 2253 Quod
1246 2227 1315 2245 cum
1334 2228 1461 2256 prorsus
1483 2218 1523 2245 sit
1543 2217 1759 2255 inprobabile,
1779 2216 1860 2244 nihil
1882 2216 2001 2251 dubito,

117 2264 192 2303 quin
213 2263 374 2292 mendosas
396 2272 518 2300 quoque
538 2263 723 2301 scripturas,
751 2273 824 2301 quas
845 2264 965 2302 aliquot
985 2265 1018 2292 in
1038 2264 1116 2292 locis
1136 2265 1161 2291 B
1184 2269 1216 2292 et
1235 2264 1262 2292 E
1293 2275 1361 2292 cuin
1381 2264 1533 2303 plurumis
1553 2265 1688 2293 familiae
1708 2264 1819 2293 tertiae
1841 2262 2000 2291 codicibus

116 2311 249 2346 habent,
270 2310 335 2338 fere
356 2310 471 2347 ubique
493 2320 531 2338 ex
551 2310 657 2337 codice
677 2311 820 2349 principe
840 2317 1039 2350 propagatas,
1070 2321 1236 2349 uerasque,
1266 2322 1339 2349 quas
1359 2312 1449 2350 pauci
1469 2312 1604 2340 familiae
1624 2312 1713 2340 istius
1735 2311 1855 2340 codices
1875 2310 2000 2345 habent,

82 2368 88 2373 ·
117 2369 134 2387 a
154 2363 332 2387 correctore
351 2358 507 2396 profectas
539 2367 603 2385 esse
635 2359 826 2387 contendam.
866 2359 1059 2388 Paucissumi
1079 2364 1199 2387 tantuin
1220 2359 1282 2387 loci
1303 2364 1390 2395 sunt,
1428 2359 1460 2387 in
1482 2359 1592 2397 quibus
1614 2370 1683 2387 cum
1703 2368 1844 2387 maxume
1863 2356 1999 2396 procliui

118 2416 224 2435 errore
244 2415 320 2434 uera
339 2405 493 2443 scriptura
514 2416 531 2433 a
550 2405 692 2443 pluribus
713 2405 805 2434 simul
823 2407 962 2436 librariis
982 2408 1016 2435 in
1038 2407 1169 2436 eundem
1189 2407 1314 2435 modum
1335 2407 1498 2444 dcprauari
1517 2411 1641 2444 posset,
1662 2406 1804 2444 equidem
1824 2415 1887 2434 11011
1906 2414 1998 2433 recu-

117 2447 198 2489 sem,
226 2452 302 2492 quin
321 2452 453 2491 genuina
473 2452 629 2491 scriptura
649 2462 687 2480 ex
708 2452 815 2481 codice
834 2454 980 2494 principe
1001 2455 1183 2495 deprompta
1203 2459 1234 2484 et
1253 2464 1309 2493 per
1340 2464 1453 2493 paucos
1473 2458 1592 2483 tantum
1611 2454 1756 2484 librarios
1783 2458 1903 2483 seruata
1929 2451 1998 2481 exi-
