<?xml version="1.0" encoding="UTF-8"?>
<!DOCTYPE html PUBLIC "-//W3C//DTD XHTML 1.0 Transitional//EN"
    "http://www.w3.org/TR/xhtml1/DTD/xhtml1-transitional.dtd">
<html xmlns="http://www.w3.org/1999/xhtml" xml:lang="en" lang="en">
 <head>
  <title>
</title>
<meta http-equiv="Content-Type" content="text/html;charset=utf-8" />
  <meta name='ocr-system' content='tesseract 3.04.00' />
  <meta name='ocr-capabilities' content='ocr_page ocr_carea ocr_par ocr_line ocrx_word'/>
</head>
<body>
  <div class='ocr_page' id='page_1' title='image "./oratioprocnplanc00ciceuoft/oratioprocnplanc00ciceuoft_0197.png"; bbox 0 0 2185 2720; ppageno 0'>
   <div class='ocr_carea' id='block_1_1' title="bbox 908 117 2078 159">
    <p class='ocr_par' dir='ltr' id='par_1_1' title="bbox 908 117 2078 159">
     <span class='ocr_line' id='line_1_1' title="bbox 908 117 2078 159; baseline 0.006 -11"><span class='ocrx_word' id='word_1_1' title='bbox 908 119 933 148; x_wconf 90' lang='lat' dir='ltr'>C</span> <span class='ocrx_word' id='word_1_2' title='bbox 954 118 984 148; x_wconf 93' lang='lat' dir='ltr'>A</span> <span class='ocrx_word' id='word_1_3' title='bbox 1006 120 1049 148; x_wconf 91' lang='lat' dir='ltr'>P.</span> <span class='ocrx_word' id='word_1_4' title='bbox 1089 118 1146 148; x_wconf 90' lang='lat' dir='ltr'>VI.</span> <span class='ocrx_word' id='word_1_5' title='bbox 1175 117 1203 159; x_wconf 81' lang='lat'>§.</span> <span class='ocrx_word' id='word_1_6' title='bbox 1232 125 1275 152; x_wconf 87' lang='lat'>15.</span> <span class='ocrx_word' id='word_1_7' title='bbox 1304 126 1349 152; x_wconf 86' lang='lat'>16.</span> <span class='ocrx_word' id='word_1_8' title='bbox 2042 128 2078 155; x_wconf 81' lang='lat'>81</span> 
     </span>
    </p>
   </div>
   <div class='ocr_carea' id='block_1_2' title="bbox 150 191 2082 2500">
    <p class='ocr_par' dir='ltr' id='par_1_2' title="bbox 160 191 2082 1453">
     <span class='ocr_line' id='line_1_2' title="bbox 179 191 2082 242; baseline 0.003 -16"><span class='ocrx_word' id='word_1_9' title='bbox 179 193 429 227; x_wconf 78' lang='lat' dir='ltr'><em>contentionem</em></span> <span class='ocrx_word' id='word_1_10' title='bbox 450 193 503 226; x_wconf 88' lang='lat' dir='ltr'>his</span> <span class='ocrx_word' id='word_1_11' title='bbox 527 193 609 226; x_wconf 89' lang='lat' dir='ltr'>locis</span> <span class='ocrx_word' id='word_1_12' title='bbox 633 205 696 237; x_wconf 90' lang='lat' dir='ltr'>pro</span> <span class='ocrx_word' id='word_1_13' title='bbox 721 191 962 236; x_wconf 83' lang='lat' dir='ltr'>conparatione</span> <span class='ocrx_word' id='word_1_14' title='bbox 985 194 1171 237; x_wconf 80' lang='lat' dir='ltr'>usurpari?</span> <span class='ocrx_word' id='word_1_15' title='bbox 1216 195 1328 227; x_wconf 85' lang='lat' dir='ltr'>Multa</span> <span class='ocrx_word' id='word_1_16' title='bbox 1350 195 1451 227; x_wconf 87' lang='lat' dir='ltr'>huius</span> <span class='ocrx_word' id='word_1_17' title='bbox 1474 195 1728 238; x_wconf 84' lang='lat' dir='ltr'>significationis</span> <span class='ocrx_word' id='word_1_18' title='bbox 1752 200 1911 242; x_wconf 84' lang='lat' dir='ltr'>exempla</span> <span class='ocrx_word' id='word_1_19' title='bbox 1934 199 2082 242; x_wconf 85' lang='lat' dir='ltr'>conlegit</span> 
     </span>
     <span class='ocr_line' id='line_1_3' title="bbox 179 246 2080 295; baseline 0.003 -17"><span class='ocrx_word' id='word_1_20' title='bbox 179 258 223 278; x_wconf 84' lang='lat' dir='ltr'>ex</span> <span class='ocrx_word' id='word_1_21' title='bbox 245 246 362 277; x_wconf 89' lang='lat' dir='ltr'>Tullio</span> <span class='ocrx_word' id='word_1_22' title='bbox 386 247 609 278; x_wconf 82' lang='lat' dir='ltr'>Menckenius</span> <span class='ocrx_word' id='word_1_23' title='bbox 633 246 670 277; x_wconf 88' lang='lat' dir='ltr'>in</span> <span class='ocrx_word' id='word_1_24' title='bbox 694 246 840 278; x_wconf 87' lang='lat' dir='ltr'>Obseru.</span> <span class='ocrx_word' id='word_1_25' title='bbox 863 247 905 277; x_wconf 88' lang='lat' dir='ltr'>L.</span> <span class='ocrx_word' id='word_1_26' title='bbox 929 247 971 277; x_wconf 88' lang='lat' dir='ltr'>L.</span> <span class='ocrx_word' id='word_1_27' title='bbox 995 258 1028 289; x_wconf 89' lang='lat' dir='ltr'>p.</span> <span class='ocrx_word' id='word_1_28' title='bbox 1056 248 1144 289; x_wconf 61' lang='lat'>187„</span> <span class='ocrx_word' id='word_1_29' title='bbox 1168 247 1204 278; x_wconf 90' lang='lat' dir='ltr'>in</span> <span class='ocrx_word' id='word_1_30' title='bbox 1233 248 1354 289; x_wconf 90' lang='lat' dir='ltr'>quibus</span> <span class='ocrx_word' id='word_1_31' title='bbox 1378 255 1427 280; x_wconf 87' lang='lat' dir='ltr'>est</span> <span class='ocrx_word' id='word_1_32' title='bbox 1451 249 1526 289; x_wconf 81' lang='lat' dir='ltr'>ille,</span> <span class='ocrx_word' id='word_1_33' title='bbox 1556 251 1613 293; x_wconf 90' lang='lat' dir='ltr'>qui</span> <span class='ocrx_word' id='word_1_34' title='bbox 1639 252 1701 283; x_wconf 90' lang='lat' dir='ltr'>hos</span> <span class='ocrx_word' id='word_1_35' title='bbox 1726 252 1895 295; x_wconf 77' lang='lat' dir='ltr'>explicat,</span> <span class='ocrx_word' id='word_1_36' title='bbox 1923 252 2080 294; x_wconf 84' lang='lat' dir='ltr'>superior</span> 
     </span>
     <span class='ocr_line' id='line_1_4' title="bbox 175 299 2079 346; baseline 0.002 -16"><span class='ocrx_word' id='word_1_37' title='bbox 175 299 270 330; x_wconf 87' lang='lat' dir='ltr'>locus</span> <span class='ocrx_word' id='word_1_38' title='bbox 294 311 321 330; x_wconf 89' lang='grc'>0.</span> <span class='ocrx_word' id='word_1_39' title='bbox 347 310 398 332; x_wconf 83' lang='lat'>2.:</span> <span class='ocrx_word' id='word_1_40' title='bbox 427 301 597 344; x_wconf 73' lang='lat' dir='ltr'>quaedam</span> <span class='ocrx_word' id='word_1_41' title='bbox 620 300 798 331; x_wconf 74' lang='lat' dir='ltr'>hominum</span> <span class='ocrx_word' id='word_1_42' title='bbox 822 300 977 342; x_wconf 71' lang='lat' dir='ltr'>ipsoram</span> <span class='ocrx_word' id='word_1_43' title='bbox 998 300 1141 332; x_wconf 73' lang='lat' dir='ltr'>uidetur</span> <span class='ocrx_word' id='word_1_44' title='bbox 1161 300 1336 343; x_wconf 75' lang='lat' dir='ltr'>facienda</span> <span class='ocrx_word' id='word_1_45' title='bbox 1358 313 1429 333; x_wconf 78' lang='lat' dir='ltr'>esse</span> <span class='ocrx_word' id='word_1_46' title='bbox 1455 305 1638 337; x_wconf 77' lang='lat' dir='ltr'>contentio.</span> <span class='ocrx_word' id='word_1_47' title='bbox 1683 306 1723 337; x_wconf 89' lang='lat' dir='ltr'>Iu</span> <span class='ocrx_word' id='word_1_48' title='bbox 1750 306 1812 337; x_wconf 87' lang='lat' dir='ltr'>hac</span> <span class='ocrx_word' id='word_1_49' title='bbox 1835 311 1949 337; x_wconf 83' lang='lat' dir='ltr'>autem</span> <span class='ocrx_word' id='word_1_50' title='bbox 1972 304 2079 346; x_wconf 82' lang='lat' dir='ltr'>sigui-</span> 
     </span>
     <span class='ocr_line' id='line_1_5' title="bbox 176 350 2079 400; baseline 0.003 -19"><span class='ocrx_word' id='word_1_51' title='bbox 176 350 333 382; x_wconf 83' lang='lat' dir='ltr'>ficatione</span> <span class='ocrx_word' id='word_1_52' title='bbox 355 359 514 385; x_wconf 73' lang='lat' dir='ltr'>nostram</span> <span class='ocrx_word' id='word_1_53' title='bbox 542 358 683 394; x_wconf 84' lang='lat' dir='ltr'>optume</span> <span class='ocrx_word' id='word_1_54' title='bbox 706 351 747 382; x_wconf 83' lang='lat' dir='ltr'>ab</span> <span class='ocrx_word' id='word_1_55' title='bbox 770 350 893 382; x_wconf 86' lang='lat' dir='ltr'>eodem</span> <span class='ocrx_word' id='word_1_56' title='bbox 915 352 1071 384; x_wconf 61' lang='lat' dir='ltr'>BIanutio</span> <span class='ocrx_word' id='word_1_57' title='bbox 1095 353 1137 384; x_wconf 84' lang='lat' dir='ltr'>ad</span> <span class='ocrx_word' id='word_1_58' title='bbox 1165 365 1192 385; x_wconf 92' lang='lat' dir='ltr'>c.</span> <span class='ocrx_word' id='word_1_59' title='bbox 1219 366 1249 395; x_wconf 82' lang='lat'>7.</span> <span class='ocrx_word' id='word_1_60' title='bbox 1278 352 1445 395; x_wconf 83' lang='lat' dir='ltr'>praeferri</span> <span class='ocrx_word' id='word_1_61' title='bbox 1476 366 1545 386; x_wconf 87' lang='lat' dir='ltr'>non</span> <span class='ocrx_word' id='word_1_62' title='bbox 1571 356 1701 389; x_wconf 85' lang='lat' dir='ltr'>dubito.</span> <span class='ocrx_word' id='word_1_63' title='bbox 1747 359 1809 390; x_wconf 84' lang='lat' dir='ltr'>Est</span> <span class='ocrx_word' id='word_1_64' title='bbox 1832 357 1996 400; x_wconf 87' lang='lat' dir='ltr'>loquendi</span> <span class='ocrx_word' id='word_1_65' title='bbox 2019 368 2079 399; x_wconf 85' lang='lat' dir='ltr'>ge-</span> 
     </span>
     <span class='ocr_line' id='line_1_6' title="bbox 174 403 2078 452; baseline 0.003 -17"><span class='ocrx_word' id='word_1_66' title='bbox 174 415 238 436; x_wconf 89' lang='lat' dir='ltr'>nus</span> <span class='ocrx_word' id='word_1_67' title='bbox 262 404 455 447; x_wconf 83' lang='lat' dir='ltr'>egregium3</span> <span class='ocrx_word' id='word_1_68' title='bbox 492 403 575 434; x_wconf 81' lang='lat' dir='ltr'>haut</span> <span class='ocrx_word' id='word_1_69' title='bbox 598 409 712 435; x_wconf 85' lang='lat' dir='ltr'>tamen</span> <span class='ocrx_word' id='word_1_70' title='bbox 735 404 893 435; x_wconf 88' lang='lat' dir='ltr'>omnibus</span> <span class='ocrx_word' id='word_1_71' title='bbox 916 404 1063 447; x_wconf 78' lang='lat' dir='ltr'><strong>placuit,</strong></span> <span class='ocrx_word' id='word_1_72' title='bbox 1101 406 1160 448; x_wconf 89' lang='lat' dir='ltr'>qui</span> <span class='ocrx_word' id='word_1_73' title='bbox 1181 407 1265 438; x_wconf 90' lang='lat' dir='ltr'>olim</span> <span class='ocrx_word' id='word_1_74' title='bbox 1289 406 1419 438; x_wconf 87' lang='lat' dir='ltr'>codices</span> <span class='ocrx_word' id='word_1_75' title='bbox 1443 413 1476 438; x_wconf 86' lang='lat' dir='ltr'>et</span> <span class='ocrx_word' id='word_1_76' title='bbox 1503 408 1562 450; x_wconf 89' lang='lat' dir='ltr'>qui</span> <span class='ocrx_word' id='word_1_77' title='bbox 1584 416 1702 452; x_wconf 83' lang='lat' dir='ltr'>postea</span> <span class='ocrx_word' id='word_1_78' title='bbox 1725 411 1891 444; x_wconf 79' lang='lat' dir='ltr'>editiones</span> <span class='ocrx_word' id='word_1_79' title='bbox 1916 410 2078 442; x_wconf 85' lang='lat' dir='ltr'>emenda-</span> 
     </span>
     <span class='ocr_line' id='line_1_7' title="bbox 174 456 2077 505; baseline 0.004 -17"><span class='ocrx_word' id='word_1_80' title='bbox 174 464 267 488; x_wconf 86' lang='lat' dir='ltr'>runt.</span> <span class='ocrx_word' id='word_1_81' title='bbox 313 458 491 490; x_wconf 83' lang='lat' dir='ltr'>Aduersus</span> <span class='ocrx_word' id='word_1_82' title='bbox 513 456 699 488; x_wconf 87' lang='lat' dir='ltr'>Ernestum</span> <span class='ocrx_word' id='word_1_83' title='bbox 722 463 813 488; x_wconf 87' lang='lat' dir='ltr'>recte</span> <span class='ocrx_word' id='word_1_84' title='bbox 844 456 1040 489; x_wconf 81' lang='lat' dir='ltr'>defenditur</span> <span class='ocrx_word' id='word_1_85' title='bbox 1060 459 1100 489; x_wconf 84' lang='lat' dir='ltr'>ab</span> <span class='ocrx_word' id='word_1_86' title='bbox 1124 460 1150 490; x_wconf 91' lang='lat' dir='ltr'>I.</span> <span class='ocrx_word' id='word_1_87' title='bbox 1175 459 1269 490; x_wconf 86' lang='lat' dir='ltr'>Frid.</span> <span class='ocrx_word' id='word_1_88' title='bbox 1296 460 1512 502; x_wconf 85' lang='lat' dir='ltr'>Heusingero</span> <span class='ocrx_word' id='word_1_89' title='bbox 1536 461 1571 492; x_wconf 88' lang='lat' dir='ltr'>in</span> <span class='ocrx_word' id='word_1_90' title='bbox 1595 463 1702 505; x_wconf 83' lang='lat' dir='ltr'>praef.</span> <span class='ocrx_word' id='word_1_91' title='bbox 1733 464 1775 495; x_wconf 80' lang='lat' dir='ltr'>ad</span> <span class='ocrx_word' id='word_1_92' title='bbox 1804 465 1873 497; x_wconf 81' lang='lat' dir='ltr'>Cic.</span> <span class='ocrx_word' id='word_1_93' title='bbox 1908 465 1950 496; x_wconf 84' lang='lat' dir='ltr'>de</span> <span class='ocrx_word' id='word_1_94' title='bbox 1978 463 2077 496; x_wconf 74' lang='lat' dir='ltr'>Offic-</span> 
     </span>
     <span class='ocr_line' id='line_1_8' title="bbox 172 509 2077 557; baseline 0.005 -17"><span class='ocrx_word' id='word_1_95' title='bbox 172 520 208 552; x_wconf 82' lang='lat' dir='ltr'>p.</span> <span class='ocrx_word' id='word_1_96' title='bbox 230 510 372 542; x_wconf 90' lang='lat' dir='ltr'>XLIII..</span> <span class='ocrx_word' id='word_1_97' title='bbox 404 510 653 541; x_wconf 80' lang='lat' dir='ltr'>GARATONIUS</span> <span class='ocrx_word' id='word_1_98' title='bbox 677 511 717 541; x_wconf 87' lang='grc' dir='ltr'>Ι..</span> <span class='ocrx_word' id='word_1_99' title='bbox 764 509 809 540; x_wconf 84' lang='lat' dir='ltr'>Et</span> <span class='ocrx_word' id='word_1_100' title='bbox 831 510 887 541; x_wconf 89' lang='lat' dir='ltr'>hic</span> <span class='ocrx_word' id='word_1_101' title='bbox 909 516 943 541; x_wconf 87' lang='lat' dir='ltr'>et</span> <span class='ocrx_word' id='word_1_102' title='bbox 965 509 1055 542; x_wconf 76' lang='lat' dir='ltr'>infra</span> <span class='ocrx_word' id='word_1_103' title='bbox 1085 522 1112 542; x_wconf 88' lang='lat' dir='ltr'>c.</span> <span class='ocrx_word' id='word_1_104' title='bbox 1137 512 1217 543; x_wconf 88' lang='lat' dir='ltr'>VII.</span> <span class='ocrx_word' id='word_1_105' title='bbox 1243 513 1272 553; x_wconf 55' lang='grc' dir='ltr'>ἓ.</span> <span class='ocrx_word' id='word_1_106' title='bbox 1301 525 1348 554; x_wconf 84' lang='lat'>17.</span> <span class='ocrx_word' id='word_1_107' title='bbox 1373 514 1506 557; x_wconf 84' lang='lat' dir='ltr'>eripere</span> <span class='ocrx_word' id='word_1_108' title='bbox 1529 516 1681 547; x_wconf 81' lang='lat' dir='ltr'>orationi</span> <span class='ocrx_word' id='word_1_109' title='bbox 1711 522 1791 548; x_wconf 77' lang='lat' dir='ltr'>tuae</span> <span class='ocrx_word' id='word_1_110' title='bbox 1824 519 2077 551; x_wconf 77' lang='lat' dir='ltr'>contentionem</span> 
     </span>
     <span class='ocr_line' id='line_1_9' title="bbox 172 562 2077 608; baseline 0.005 -15"><span class='ocrx_word' id='word_1_111' title='bbox 172 568 332 594; x_wconf 71' lang='lat' dir='ltr'>nostrum</span> <span class='ocrx_word' id='word_1_112' title='bbox 355 562 453 592; x_wconf 89' lang='lat' dir='ltr'>unice</span> <span class='ocrx_word' id='word_1_113' title='bbox 479 573 596 592; x_wconf 82' lang='lat' dir='ltr'>ueram</span> <span class='ocrx_word' id='word_1_114' title='bbox 622 562 827 605; x_wconf 81' lang='lat' dir='ltr'>scripturam</span> <span class='ocrx_word' id='word_1_115' title='bbox 850 568 1009 594; x_wconf 76' lang='lat' dir='ltr'>nostrum</span> <span class='ocrx_word' id='word_1_116' title='bbox 1032 575 1120 603; x_wconf 89' lang='lat' dir='ltr'>esse,</span> <span class='ocrx_word' id='word_1_117' title='bbox 1144 570 1178 595; x_wconf 87' lang='lat' dir='ltr'>et</span> <span class='ocrx_word' id='word_1_118' title='bbox 1202 565 1295 596; x_wconf 92' lang='lat' dir='ltr'>Gelli</span> <span class='ocrx_word' id='word_1_119' title='bbox 1317 566 1400 605; x_wconf 77' lang='lat' dir='ltr'>XX,</span> <span class='ocrx_word' id='word_1_120' title='bbox 1426 568 1455 598; x_wconf 89' lang='grc'>6.</span> <span class='ocrx_word' id='word_1_121' title='bbox 1483 567 1704 600; x_wconf 82' lang='lat' dir='ltr'>confirmatur</span> <span class='ocrx_word' id='word_1_122' title='bbox 1726 570 1933 608; x_wconf 77' lang='lat' dir='ltr'>testimonio,</span> <span class='ocrx_word' id='word_1_123' title='bbox 1959 570 2077 601; x_wconf 88' lang='lat' dir='ltr'>dicen-</span> 
     </span>
     <span class='ocr_line' id='line_1_10' title="bbox 173 614 2075 661; baseline 0.006 -16"><span class='ocrx_word' id='word_1_124' title='bbox 173 614 233 646; x_wconf 81' lang='lat' dir='ltr'>tis:</span> <span class='ocrx_word' id='word_1_125' title='bbox 277 615 361 646; x_wconf 72' lang='lat' dir='ltr'>liaeo</span> <span class='ocrx_word' id='word_1_126' title='bbox 384 621 502 647; x_wconf 76' lang='lat' dir='ltr'>autem</span> <span class='ocrx_word' id='word_1_127' title='bbox 527 615 604 658; x_wconf 78' lang='lat' dir='ltr'>ipsa</span> <span class='ocrx_word' id='word_1_128' title='bbox 630 615 721 645; x_wconf 81' lang='lat' dir='ltr'>ratio</span> <span class='ocrx_word' id='word_1_129' title='bbox 745 619 796 645; x_wconf 74' lang='lat' dir='ltr'>est</span> <span class='ocrx_word' id='word_1_130' title='bbox 820 616 857 647; x_wconf 91' lang='lat' dir='ltr'>in</span> <span class='ocrx_word' id='word_1_131' title='bbox 879 628 1021 647; x_wconf 83' lang='lat' dir='ltr'>numero</span> <span class='ocrx_word' id='word_1_132' title='bbox 1040 617 1245 659; x_wconf 71' lang='lat' dir='ltr'>plur-atino,</span> <span class='ocrx_word' id='word_1_133' title='bbox 1280 630 1348 661; x_wconf 77' lang='lat' dir='ltr'>qua</span> <span class='ocrx_word' id='word_1_134' title='bbox 1372 618 1552 652; x_wconf 68' lang='lat' dir='ltr'>Gracchus</span> <span class='ocrx_word' id='word_1_135' title='bbox 1583 622 1797 654; x_wconf 78' lang='lat' dir='ltr'>misereri</span> <span class='ocrx_word' id='word_1_136' title='bbox 1820 630 2014 656; x_wconf 75' lang='lat' dir='ltr'>nestram</span> <span class='ocrx_word' id='word_1_137' title='bbox 2042 629 2075 656; x_wconf 72' lang='lat' dir='ltr'>et</span> 
     </span>
     <span class='ocr_line' id='line_1_11' title="bbox 172 667 2074 719; baseline 0.005 -21"><span class='ocrx_word' id='word_1_138' title='bbox 172 679 242 710; x_wconf 74' lang='lat' dir='ltr'>qua</span> <span class='ocrx_word' id='word_1_139' title='bbox 266 668 317 699; x_wconf 88' lang='lat' dir='ltr'>M.</span> <span class='ocrx_word' id='word_1_140' title='bbox 341 667 458 699; x_wconf 84' lang='lat' dir='ltr'>Cicero</span> <span class='ocrx_word' id='word_1_141' title='bbox 482 667 705 699; x_wconf 79' lang='lat' dir='ltr'>contentio</span> <span class='ocrx_word' id='word_1_142' title='bbox 728 673 926 699; x_wconf 76' lang='lat' dir='ltr'>uestram</span> <span class='ocrx_word' id='word_1_143' title='bbox 949 673 982 699; x_wconf 86' lang='lat' dir='ltr'>et</span> <span class='ocrx_word' id='word_1_144' title='bbox 1011 670 1295 703; x_wconf 78' lang='lat' dir='ltr'><em>contentione</em></span> <span class='ocrx_word' id='word_1_145' title='bbox 1324 678 1480 704; x_wconf 76' lang='lat' dir='ltr'>nostru</span> <span class='ocrx_word' id='word_1_146' title='bbox 1491 685 1526 704; x_wconf 90' lang='lat' dir='ltr'>m</span> <span class='ocrx_word' id='word_1_147' title='bbox 1551 674 1660 713; x_wconf 81' lang='lat' dir='ltr'><em>dixit,</em></span> <span class='ocrx_word' id='word_1_148' title='bbox 1698 681 1731 706; x_wconf 91' lang='lat' dir='ltr'>et</span> <span class='ocrx_word' id='word_1_149' title='bbox 1753 676 1819 707; x_wconf 87' lang='lat' dir='ltr'>loci</span> <span class='ocrx_word' id='word_1_150' title='bbox 1843 677 2074 719; x_wconf 83' lang='lat' dir='ltr'>conprobatur</span> 
     </span>
     <span class='ocr_line' id='line_1_12' title="bbox 170 719 2073 769; baseline 0.005 -18"><span class='ocrx_word' id='word_1_151' title='bbox 170 719 348 751; x_wconf 79' lang='lat' dir='ltr'>sententia.</span> <span class='ocrx_word' id='word_1_152' title='bbox 392 720 442 751; x_wconf 90' lang='lat' dir='ltr'>Ea</span> <span class='ocrx_word' id='word_1_153' title='bbox 465 731 543 750; x_wconf 89' lang='lat' dir='ltr'>cum</span> <span class='ocrx_word' id='word_1_154' title='bbox 566 720 650 750; x_wconf 73' lang='lat' dir='ltr'>haee</span> <span class='ocrx_word' id='word_1_155' title='bbox 680 731 750 751; x_wconf 89' lang='lat' dir='ltr'>esse</span> <span class='ocrx_word' id='word_1_156' title='bbox 774 720 909 759; x_wconf 88' lang='lat' dir='ltr'>debeat,</span> <span class='ocrx_word' id='word_1_157' title='bbox 947 720 984 751; x_wconf 86' lang='lat' dir='ltr'>id</span> <span class='ocrx_word' id='word_1_158' title='bbox 1008 721 1100 762; x_wconf 83' lang='lat' dir='ltr'>quod</span> <span class='ocrx_word' id='word_1_159' title='bbox 1123 723 1298 756; x_wconf 73' lang='lat' dir='ltr'>Manutius</span> <span class='ocrx_word' id='word_1_160' title='bbox 1323 731 1356 756; x_wconf 89' lang='lat' dir='ltr'>et</span> <span class='ocrx_word' id='word_1_161' title='bbox 1381 725 1587 757; x_wconf 84' lang='lat' dir='ltr'>Garatonius</span> <span class='ocrx_word' id='word_1_162' title='bbox 1610 726 1678 758; x_wconf 80' lang='lat' dir='ltr'>iam</span> <span class='ocrx_word' id='word_1_163' title='bbox 1702 735 1793 760; x_wconf 87' lang='lat' dir='ltr'>recte</span> <span class='ocrx_word' id='word_1_164' title='bbox 1817 729 1997 769; x_wconf 87' lang='lat' dir='ltr'>uiderunt,</span> <span class='ocrx_word' id='word_1_165' title='bbox 2033 734 2073 760; x_wconf 87' lang='lat' dir='ltr'>ut</span> 
     </span>
     <span class='ocr_line' id='line_1_13' title="bbox 170 771 2072 825; baseline 0.005 -22"><span class='ocrx_word' id='word_1_166' title='bbox 170 771 260 804; x_wconf 85' lang='lat' dir='ltr'>dicat</span> <span class='ocrx_word' id='word_1_167' title='bbox 283 771 423 803; x_wconf 83' lang='lat' dir='ltr'>Cicero:</span> <span class='ocrx_word' id='word_1_168' title='bbox 447 771 521 803; x_wconf 83' lang='lat' dir='ltr'>noli</span> <span class='ocrx_word' id='word_1_169' title='bbox 538 784 561 803; x_wconf 82' lang='lat' dir='ltr'>a</span> <span class='ocrx_word' id='word_1_170' title='bbox 583 784 636 805; x_wconf 89' lang='lat' dir='ltr'>me</span> <span class='ocrx_word' id='word_1_171' title='bbox 656 774 847 816; x_wconf 75' lang='lat' dir='ltr'>postulare,</span> <span class='ocrx_word' id='word_1_172' title='bbox 871 779 911 804; x_wconf 79' lang='lat' dir='ltr'>ut</span> <span class='ocrx_word' id='word_1_173' title='bbox 934 775 1216 817; x_wconf 78' lang='lat' dir='ltr'><em>conparationem</em></span> <span class='ocrx_word' id='word_1_174' title='bbox 1230 776 1383 820; x_wconf 79' lang='lat' dir='ltr'>fac-iam,</span> <span class='ocrx_word' id='word_1_175' title='bbox 1406 784 1485 809; x_wconf 79' lang='lat' dir='ltr'>uter</span> <span class='ocrx_word' id='word_1_176' title='bbox 1506 785 1665 811; x_wconf 75' lang='lat' dir='ltr'>nostrum</span> <span class='ocrx_word' id='word_1_177' title='bbox 1688 782 1832 825; x_wconf 82' lang='lat' dir='ltr'>dignior</span> <span class='ocrx_word' id='word_1_178' title='bbox 1855 782 1988 822; x_wconf 76' lang='lat' dir='ltr'>fuerit:</span> <span class='ocrx_word' id='word_1_179' title='bbox 2011 793 2072 824; x_wconf 90' lang='lat' dir='ltr'>ge-</span> 
     </span>
     <span class='ocr_line' id='line_1_14' title="bbox 166 824 2071 877; baseline 0.006 -20"><span class='ocrx_word' id='word_1_180' title='bbox 166 824 316 857; x_wconf 84' lang='lat' dir='ltr'>nitiuom</span> <span class='ocrx_word' id='word_1_181' title='bbox 339 831 496 856; x_wconf 73' lang='lat' dir='ltr'>nostram</span> <span class='ocrx_word' id='word_1_182' title='bbox 520 824 629 855; x_wconf 82' lang='lat' dir='ltr'>multo</span> <span class='ocrx_word' id='word_1_183' title='bbox 654 831 744 856; x_wconf 90' lang='lat' dir='ltr'>certe</span> <span class='ocrx_word' id='word_1_184' title='bbox 766 824 1067 867; x_wconf 84' lang='lat' dir='ltr'>significantiorem</span> <span class='ocrx_word' id='word_1_185' title='bbox 1090 829 1273 871; x_wconf 86' lang='lat' dir='ltr'>sensuique</span> <span class='ocrx_word' id='word_1_186' title='bbox 1294 830 1462 872; x_wconf 83' lang='lat' dir='ltr'><em>aptiorem</em></span> <span class='ocrx_word' id='word_1_187' title='bbox 1482 843 1582 873; x_wconf 86' lang='lat' dir='ltr'>quam</span> <span class='ocrx_word' id='word_1_188' title='bbox 1597 833 1801 875; x_wconf 80' lang='lat' dir='ltr'>scripturam</span> <span class='ocrx_word' id='word_1_189' title='bbox 1827 841 1983 867; x_wconf 70' lang='lat' dir='ltr'>nostram</span> <span class='ocrx_word' id='word_1_190' title='bbox 2008 845 2071 877; x_wconf 81' lang='lat' dir='ltr'>pa-</span> 
     </span>
     <span class='ocr_line' id='line_1_15' title="bbox 166 877 2068 929; baseline 0.004 -18"><span class='ocrx_word' id='word_1_191' title='bbox 166 885 217 911; x_wconf 84' lang='lat' dir='ltr'>tet</span> <span class='ocrx_word' id='word_1_192' title='bbox 240 890 322 910; x_wconf 86' lang='lat' dir='ltr'>esse.</span> <span class='ocrx_word' id='word_1_193' title='bbox 366 879 456 909; x_wconf 80' lang='lat' dir='ltr'>Nam</span> <span class='ocrx_word' id='word_1_194' title='bbox 484 877 655 908; x_wconf 78' lang='lat' dir='ltr'>contentio</span> <span class='ocrx_word' id='word_1_195' title='bbox 684 883 805 910; x_wconf 75' lang='lat' dir='ltr'>nostra</span> <span class='ocrx_word' id='word_1_196' title='bbox 831 878 877 910; x_wconf 86' lang='lat' dir='ltr'>ita</span> <span class='ocrx_word' id='word_1_197' title='bbox 908 878 1052 918; x_wconf 83' lang='lat' dir='ltr'>dicitur,</span> <span class='ocrx_word' id='word_1_198' title='bbox 1094 886 1132 911; x_wconf 88' lang='lat' dir='ltr'>ut</span> <span class='ocrx_word' id='word_1_199' title='bbox 1160 881 1370 923; x_wconf 84' lang='lat' dir='ltr'>significetur</span> <span class='ocrx_word' id='word_1_200' title='bbox 1401 884 1596 926; x_wconf 79' lang='lat' dir='ltr'>conparatio</span> <span class='ocrx_word' id='word_1_201' title='bbox 1630 897 1714 927; x_wconf 87' lang='lat' dir='ltr'>quae</span> <span class='ocrx_word' id='word_1_202' title='bbox 1738 886 1796 918; x_wconf 83' lang='lat' dir='ltr'>fiat</span> <span class='ocrx_word' id='word_1_203' title='bbox 1824 888 1865 918; x_wconf 86' lang='lat' dir='ltr'>ab</span> <span class='ocrx_word' id='word_1_204' title='bbox 1889 888 1947 927; x_wconf 89' lang='lat' dir='ltr'>iis,</span> <span class='ocrx_word' id='word_1_205' title='bbox 1985 899 2068 929; x_wconf 86' lang='lat' dir='ltr'>quos</span> 
     </span>
     <span class='ocr_line' id='line_1_16' title="bbox 165 930 2068 982; baseline 0.005 -20"><span class='ocrx_word' id='word_1_206' title='bbox 165 931 241 973; x_wconf 87' lang='lat' dir='ltr'>quis</span> <span class='ocrx_word' id='word_1_207' title='bbox 265 930 482 972; x_wconf 79' lang='lat' dir='ltr'>adloquitur3</span> <span class='ocrx_word' id='word_1_208' title='bbox 505 935 623 960; x_wconf 86' lang='lat' dir='ltr'>utrum</span> <span class='ocrx_word' id='word_1_209' title='bbox 645 935 759 960; x_wconf 83' lang='lat' dir='ltr'>autem</span> <span class='ocrx_word' id='word_1_210' title='bbox 780 942 852 962; x_wconf 87' lang='lat' dir='ltr'>sese</span> <span class='ocrx_word' id='word_1_211' title='bbox 875 931 928 962; x_wconf 87' lang='lat' dir='ltr'>illi</span> <span class='ocrx_word' id='word_1_212' title='bbox 951 939 1155 974; x_wconf 83' lang='lat' dir='ltr'>conparent,</span> <span class='ocrx_word' id='word_1_213' title='bbox 1183 936 1466 978; x_wconf 78' lang='lat' dir='ltr'>contendantque,</span> <span class='ocrx_word' id='word_1_214' title='bbox 1491 943 1568 968; x_wconf 87' lang='lat' dir='ltr'>uter</span> <span class='ocrx_word' id='word_1_215' title='bbox 1591 949 1710 970; x_wconf 88' lang='lat' dir='ltr'>eorum</span> <span class='ocrx_word' id='word_1_216' title='bbox 1733 940 1847 981; x_wconf 85' lang='lat' dir='ltr'>aliqua</span> <span class='ocrx_word' id='word_1_217' title='bbox 1870 952 1908 972; x_wconf 87' lang='lat' dir='ltr'>re</span> <span class='ocrx_word' id='word_1_218' title='bbox 1932 940 2068 982; x_wconf 87' lang='lat' dir='ltr'>dignior</span> 
     </span>
     <span class='ocr_line' id='line_1_17' title="bbox 167 982 2067 1027; baseline 0.004 -12"><span class='ocrx_word' id='word_1_219' title='bbox 167 983 289 1023; x_wconf 87' lang='lat' dir='ltr'>fuerit,</span> <span class='ocrx_word' id='word_1_220' title='bbox 331 994 374 1013; x_wconf 83' lang='lat' dir='ltr'>an</span> <span class='ocrx_word' id='word_1_221' title='bbox 404 982 551 1012; x_wconf 86' lang='lat' dir='ltr'>aliorum</span> <span class='ocrx_word' id='word_1_222' title='bbox 581 982 621 1013; x_wconf 82' lang='lat' dir='ltr'>ab</span> <span class='ocrx_word' id='word_1_223' title='bbox 647 982 687 1013; x_wconf 85' lang='lat' dir='ltr'>iis</span> <span class='ocrx_word' id='word_1_224' title='bbox 715 982 772 1015; x_wconf 79' lang='lat' dir='ltr'>fiat</span> <span class='ocrx_word' id='word_1_225' title='bbox 798 985 1012 1027; x_wconf 77' lang='lat' dir='ltr'>conparatio,</span> <span class='ocrx_word' id='word_1_226' title='bbox 1046 985 1147 1027; x_wconf 84' lang='lat' dir='ltr'>plane</span> <span class='ocrx_word' id='word_1_227' title='bbox 1177 999 1246 1019; x_wconf 91' lang='lat' dir='ltr'>non</span> <span class='ocrx_word' id='word_1_228' title='bbox 1278 989 1414 1020; x_wconf 86' lang='lat' dir='ltr'>dicitur.</span> <span class='ocrx_word' id='word_1_229' title='bbox 1461 990 1589 1021; x_wconf 83' lang='lat' dir='ltr'>Contra</span> <span class='ocrx_word' id='word_1_230' title='bbox 1622 993 1792 1024; x_wconf 74' lang='lat' dir='ltr'>eontentio</span> <span class='ocrx_word' id='word_1_231' title='bbox 1818 999 1976 1025; x_wconf 76' lang='lat' dir='ltr'>nostrum</span> <span class='ocrx_word' id='word_1_232' title='bbox 1997 1003 2067 1023; x_wconf 91' lang='grc'>11011</span> 
     </span>
     <span class='ocr_line' id='line_1_18' title="bbox 168 1033 2067 1088; baseline 0.005 -20"><span class='ocrx_word' id='word_1_233' title='bbox 168 1042 280 1080; x_wconf 88' lang='lat' dir='ltr'>potest</span> <span class='ocrx_word' id='word_1_234' title='bbox 302 1035 369 1067; x_wconf 83' lang='lat' dir='ltr'>alio</span> <span class='ocrx_word' id='word_1_235' title='bbox 392 1046 493 1066; x_wconf 89' lang='lat' dir='ltr'>sensu</span> <span class='ocrx_word' id='word_1_236' title='bbox 516 1033 622 1076; x_wconf 85' lang='lat' dir='ltr'>accipi</span> <span class='ocrx_word' id='word_1_237' title='bbox 647 1047 748 1077; x_wconf 83' lang='lat' dir='ltr'>quam</span> <span class='ocrx_word' id='word_1_238' title='bbox 770 1036 852 1076; x_wconf 91' lang='lat' dir='ltr'>hoc,</span> <span class='ocrx_word' id='word_1_239' title='bbox 877 1043 916 1069; x_wconf 86' lang='lat' dir='ltr'>ut</span> <span class='ocrx_word' id='word_1_240' title='bbox 939 1049 1005 1075; x_wconf 90' lang='lat' dir='ltr'>eos,</span> <span class='ocrx_word' id='word_1_241' title='bbox 1032 1049 1115 1079; x_wconf 90' lang='lat' dir='ltr'>quos</span> <span class='ocrx_word' id='word_1_242' title='bbox 1140 1040 1214 1081; x_wconf 88' lang='lat' dir='ltr'>quis</span> <span class='ocrx_word' id='word_1_243' title='bbox 1236 1041 1444 1083; x_wconf 84' lang='lat' dir='ltr'>adloquitur,</span> <span class='ocrx_word' id='word_1_244' title='bbox 1469 1053 1540 1073; x_wconf 86' lang='lat' dir='ltr'>sese</span> <span class='ocrx_word' id='word_1_245' title='bbox 1562 1049 1694 1075; x_wconf 79' lang='lat' dir='ltr'>tautum</span> <span class='ocrx_word' id='word_1_246' title='bbox 1719 1056 1903 1088; x_wconf 82' lang='lat' dir='ltr'>conparare</span> <span class='ocrx_word' id='word_1_247' title='bbox 1928 1052 1961 1077; x_wconf 85' lang='lat' dir='ltr'>et</span> <span class='ocrx_word' id='word_1_248' title='bbox 1984 1057 2067 1076; x_wconf 90' lang='lat' dir='ltr'>con-</span> 
     </span>
     <span class='ocr_line' id='line_1_19' title="bbox 166 1088 2066 1142; baseline 0.004 -21"><span class='ocrx_word' id='word_1_249' title='bbox 166 1089 324 1128; x_wconf 81' lang='lat' dir='ltr'>tendere,</span> <span class='ocrx_word' id='word_1_250' title='bbox 363 1095 440 1120; x_wconf 82' lang='lat' dir='ltr'>uter</span> <span class='ocrx_word' id='word_1_251' title='bbox 463 1099 584 1118; x_wconf 85' lang='lat' dir='ltr'>eorum</span> <span class='ocrx_word' id='word_1_252' title='bbox 613 1088 727 1130; x_wconf 87' lang='lat' dir='ltr'>aliqua</span> <span class='ocrx_word' id='word_1_253' title='bbox 757 1101 794 1120; x_wconf 93' lang='lat' dir='ltr'>re</span> <span class='ocrx_word' id='word_1_254' title='bbox 819 1089 956 1132; x_wconf 83' lang='lat' dir='ltr'>dignior</span> <span class='ocrx_word' id='word_1_255' title='bbox 984 1088 1106 1130; x_wconf 85' lang='lat' dir='ltr'>fuerit,</span> <span class='ocrx_word' id='word_1_256' title='bbox 1148 1092 1395 1136; x_wconf 81' lang='lat' dir='ltr'>intellegamus.</span> <span class='ocrx_word' id='word_1_257' title='bbox 1443 1095 1561 1137; x_wconf 79' lang='lat' dir='ltr'>Itaque</span> <span class='ocrx_word' id='word_1_258' title='bbox 1585 1097 1752 1129; x_wconf 52' lang='lat' dir='ltr'>xsVolffius</span> <span class='ocrx_word' id='word_1_259' title='bbox 1775 1098 1822 1128; x_wconf 86' lang='lat' dir='ltr'>ita</span> <span class='ocrx_word' id='word_1_260' title='bbox 1844 1099 1958 1142; x_wconf 85' lang='lat' dir='ltr'>potius</span> <span class='ocrx_word' id='word_1_261' title='bbox 1981 1099 2066 1129; x_wconf 85' lang='lat' dir='ltr'>haec</span> 
     </span>
     <span class='ocr_line' id='line_1_20' title="bbox 162 1140 2062 1196; baseline 0.005 -22"><span class='ocrx_word' id='word_1_262' title='bbox 162 1141 384 1184; x_wconf 84' lang='lat' dir='ltr'>interpretari</span> <span class='ocrx_word' id='word_1_263' title='bbox 416 1140 576 1171; x_wconf 83' lang='lat' dir='ltr'>debebat:</span> <span class='ocrx_word' id='word_1_264' title='bbox 624 1141 676 1172; x_wconf 50' lang='lat' dir='ltr'>lsV</span> <span class='ocrx_word' id='word_1_265' title='bbox 681 1142 747 1173; x_wconf 88' lang='lat' dir='ltr'>olle</span> <span class='ocrx_word' id='word_1_266' title='bbox 779 1143 871 1174; x_wconf 72' lang='lat' dir='ltr'>mich</span> <span class='ocrx_word' id='word_1_267' title='bbox 899 1143 996 1174; x_wconf 72' lang='lat' dir='ltr'>nic-ht</span> <span class='ocrx_word' id='word_1_268' title='bbox 1025 1156 1070 1175; x_wconf 76' lang='lat' dir='ltr'>za</span> <span class='ocrx_word' id='word_1_269' title='bbox 1093 1144 1189 1176; x_wconf 79' lang='lat' dir='ltr'>einer</span> <span class='ocrx_word' id='word_1_270' title='bbox 1214 1145 1252 1178; x_wconf 90' lang='lat' dir='ltr'><em>V</em></span> <span class='ocrx_word' id='word_1_271' title='bbox 1253 1148 1482 1192; x_wconf 76' lang='lat' dir='ltr'>ergleic·lzzcng</span> <span class='ocrx_word' id='word_1_272' title='bbox 1514 1162 1615 1182; x_wconf 74' lang='lat' dir='ltr'>ezcrer</span> <span class='ocrx_word' id='word_1_273' title='bbox 1637 1151 1812 1182; x_wconf 75' lang='lat' dir='ltr'>Personen</span> <span class='ocrx_word' id='word_1_274' title='bbox 1845 1152 2062 1196; x_wconf 73' lang='lat' dir='ltr'>azffordern.</span> 
     </span>
     <span class='ocr_line' id='line_1_21' title="bbox 166 1192 2062 1247; baseline 0.006 -21"><span class='ocrx_word' id='word_1_275' title='bbox 166 1195 329 1227; x_wconf 85' lang='lat' dir='ltr'>Ceterum</span> <span class='ocrx_word' id='word_1_276' title='bbox 351 1194 509 1225; x_wconf 83' lang='lat' dir='ltr'>similiter</span> <span class='ocrx_word' id='word_1_277' title='bbox 535 1192 660 1224; x_wconf 77' lang='lat' dir='ltr'>dicitur</span> <span class='ocrx_word' id='word_1_278' title='bbox 670 1193 879 1238; x_wconf 66' lang='lat' dir='ltr'>frequentia</span> <span class='ocrx_word' id='word_1_279' title='bbox 903 1201 1080 1234; x_wconf 72' lang='lat' dir='ltr'>nostrum,</span> <span class='ocrx_word' id='word_1_280' title='bbox 1106 1203 1145 1228; x_wconf 84' lang='lat' dir='ltr'>ut</span> <span class='ocrx_word' id='word_1_281' title='bbox 1166 1197 1202 1228; x_wconf 93' lang='lat' dir='ltr'>in</span> <span class='ocrx_word' id='word_1_282' title='bbox 1226 1199 1321 1230; x_wconf 89' lang='lat' dir='ltr'>Rull.</span> <span class='ocrx_word' id='word_1_283' title='bbox 1346 1201 1396 1240; x_wconf 89' lang='lat' dir='ltr'>II,</span> <span class='ocrx_word' id='word_1_284' title='bbox 1426 1212 1484 1241; x_wconf 82' lang='lat'>21,</span> <span class='ocrx_word' id='word_1_285' title='bbox 1509 1203 1560 1233; x_wconf 87' lang='lat'>55.</span> <span class='ocrx_word' id='word_1_286' title='bbox 1614 1203 1814 1247; x_wconf 81' lang='lat' dir='ltr'>Ue‹·tigalia</span> <span class='ocrx_word' id='word_1_287' title='bbox 1839 1205 1953 1236; x_wconf 78' lang='lat' dir='ltr'>locare</span> <span class='ocrx_word' id='word_1_288' title='bbox 1976 1216 2062 1236; x_wconf 80' lang='lat' dir='ltr'>nus-</span> 
     </span>
     <span class='ocr_line' id='line_1_22' title="bbox 162 1247 2062 1301; baseline 0.005 -21"><span class='ocrx_word' id='word_1_289' title='bbox 162 1260 268 1292; x_wconf 70' lang='lat' dir='ltr'>quam</span> <span class='ocrx_word' id='word_1_290' title='bbox 293 1248 373 1279; x_wconf 86' lang='lat' dir='ltr'>licet</span> <span class='ocrx_word' id='word_1_291' title='bbox 395 1247 466 1279; x_wconf 79' lang='lat' dir='ltr'>nisi</span> <span class='ocrx_word' id='word_1_292' title='bbox 488 1247 524 1278; x_wconf 80' lang='lat' dir='ltr'>in</span> <span class='ocrx_word' id='word_1_293' title='bbox 548 1247 613 1278; x_wconf 76' lang='lat' dir='ltr'>lzac</span> <span class='ocrx_word' id='word_1_294' title='bbox 635 1247 734 1287; x_wconf 76' lang='lat' dir='ltr'>urbe,</span> <span class='ocrx_word' id='word_1_295' title='bbox 759 1249 821 1280; x_wconf 80' lang='lat' dir='ltr'>lzoc</span> <span class='ocrx_word' id='word_1_296' title='bbox 844 1260 884 1279; x_wconf 79' lang='lat' dir='ltr'>ex</span> <span class='ocrx_word' id='word_1_297' title='bbox 907 1248 998 1286; x_wconf 70' lang='lat' dir='ltr'>loc-o,</span> <span class='ocrx_word' id='word_1_298' title='bbox 1021 1250 1086 1281; x_wconf 84' lang='lat' dir='ltr'>lzac</span> <span class='ocrx_word' id='word_1_299' title='bbox 1110 1257 1268 1284; x_wconf 76' lang='lat' dir='ltr'>nostrum</span> <span class='ocrx_word' id='word_1_300' title='bbox 1284 1252 1511 1297; x_wconf 66' lang='lat' dir='ltr'>frequentia,</span> <span class='ocrx_word' id='word_1_301' title='bbox 1541 1261 1574 1286; x_wconf 81' lang='lat' dir='ltr'>et</span> <span class='ocrx_word' id='word_1_302' title='bbox 1597 1255 1685 1288; x_wconf 85' lang='lat' dir='ltr'>Phil.</span> <span class='ocrx_word' id='word_1_303' title='bbox 1709 1258 1779 1296; x_wconf 82' lang='lat' dir='ltr'>IV,</span> <span class='ocrx_word' id='word_1_304' title='bbox 1810 1269 1837 1289; x_wconf 93' lang='grc'>1.</span> <span class='ocrx_word' id='word_1_305' title='bbox 1882 1258 2062 1301; x_wconf 76' lang='lat' dir='ltr'>Frequen-</span> 
     </span>
     <span class='ocr_line' id='line_1_23' title="bbox 163 1298 2061 1348; baseline 0.005 -15"><span class='ocrx_word' id='word_1_306' title='bbox 163 1302 215 1334; x_wconf 81' lang='lat' dir='ltr'>tia</span> <span class='ocrx_word' id='word_1_307' title='bbox 238 1306 395 1333; x_wconf 75' lang='lat' dir='ltr'>nostrum</span> <span class='ocrx_word' id='word_1_308' title='bbox 418 1298 650 1337; x_wconf 78' lang='lat' dir='ltr'>incredibilis,</span> <span class='ocrx_word' id='word_1_309' title='bbox 689 1300 866 1339; x_wconf 68' lang='lat' dir='ltr'>Quirites,</span> <span class='ocrx_word' id='word_1_310' title='bbox 906 1306 993 1338; x_wconf 78' lang='lat' dir='ltr'>etc-3</span> <span class='ocrx_word' id='word_1_311' title='bbox 1037 1302 1158 1343; x_wconf 87' lang='lat' dir='ltr'>quibus</span> <span class='ocrx_word' id='word_1_312' title='bbox 1185 1303 1221 1335; x_wconf 86' lang='lat' dir='ltr'>iu</span> <span class='ocrx_word' id='word_1_313' title='bbox 1247 1304 1329 1336; x_wconf 86' lang='lat' dir='ltr'>locis</span> <span class='ocrx_word' id='word_1_314' title='bbox 1351 1306 1408 1347; x_wconf 85' lang='lat' dir='ltr'>qui</span> <span class='ocrx_word' id='word_1_315' title='bbox 1432 1318 1495 1348; x_wconf 84' lang='lat' dir='ltr'>pro</span> <span class='ocrx_word' id='word_1_316' title='bbox 1520 1315 1678 1341; x_wconf 76' lang='lat' dir='ltr'>nostrum</span> <span class='ocrx_word' id='word_1_317' title='bbox 1700 1309 1917 1341; x_wconf 87' lang='lat' dir='ltr'>scribendum</span> <span class='ocrx_word' id='word_1_318' title='bbox 1941 1316 2061 1342; x_wconf 78' lang='lat' dir='ltr'>uestra</span> 
     </span>
     <span class='ocr_line' id='line_1_24' title="bbox 160 1351 2060 1406; baseline 0.005 -21"><span class='ocrx_word' id='word_1_319' title='bbox 160 1359 347 1398; x_wconf 84' lang='lat' dir='ltr'>putarunt,</span> <span class='ocrx_word' id='word_1_320' title='bbox 371 1359 448 1384; x_wconf 88' lang='lat' dir='ltr'>ante</span> <span class='ocrx_word' id='word_1_321' title='bbox 472 1351 586 1383; x_wconf 86' lang='lat' dir='ltr'>omnia</span> <span class='ocrx_word' id='word_1_322' title='bbox 609 1353 777 1395; x_wconf 78' lang='lat' dir='ltr'>exemplis</span> <span class='ocrx_word' id='word_1_323' title='bbox 805 1353 971 1385; x_wconf 84' lang='lat' dir='ltr'>debebant</span> <span class='ocrx_word' id='word_1_324' title='bbox 994 1355 1222 1397; x_wconf 82' lang='lat' dir='ltr'>conprobare,</span> <span class='ocrx_word' id='word_1_325' title='bbox 1245 1356 1305 1388; x_wconf 89' lang='lat' dir='ltr'>illo</span> <span class='ocrx_word' id='word_1_326' title='bbox 1327 1358 1385 1400; x_wconf 87' lang='lat' dir='ltr'>qui</span> <span class='ocrx_word' id='word_1_327' title='bbox 1407 1359 1456 1391; x_wconf 87' lang='lat' dir='ltr'>ibi</span> <span class='ocrx_word' id='word_1_328' title='bbox 1479 1360 1610 1393; x_wconf 84' lang='lat' dir='ltr'>obtinet</span> <span class='ocrx_word' id='word_1_329' title='bbox 1632 1373 1733 1394; x_wconf 84' lang='lat' dir='ltr'>sensu</span> <span class='ocrx_word' id='word_1_330' title='bbox 1755 1374 1774 1394; x_wconf 83' lang='lat' dir='ltr'>a</span> <span class='ocrx_word' id='word_1_331' title='bbox 1796 1363 1962 1395; x_wconf 86' lang='lat' dir='ltr'>Romanis</span> <span class='ocrx_word' id='word_1_332' title='bbox 1975 1361 2060 1406; x_wconf 82' lang='lat' dir='ltr'>fre-</span> 
     </span>
     <span class='ocr_line' id='line_1_25' title="bbox 162 1404 754 1453; baseline -0.008 -13"><span class='ocrx_word' id='word_1_333' title='bbox 162 1408 305 1453; x_wconf 77' lang='lat' dir='ltr'>quentia</span> <span class='ocrx_word' id='word_1_334' title='bbox 330 1412 452 1438; x_wconf 79' lang='lat' dir='ltr'>uostra</span> <span class='ocrx_word' id='word_1_335' title='bbox 475 1404 542 1435; x_wconf 87' lang='lat' dir='ltr'>dici</span> <span class='ocrx_word' id='word_1_336' title='bbox 565 1416 754 1436; x_wconf 87' lang='lat' dir='ltr'>consuesse.</span> 
     </span>
    </p>

    <p class='ocr_par' dir='ltr' id='par_1_3' title="bbox 158 1458 2058 1609">
     <span class='ocr_line' id='line_1_26' title="bbox 243 1458 2058 1512; baseline 0.005 -21"><span class='ocrx_word' id='word_1_337' title='bbox 243 1460 387 1491; x_wconf 81' lang='lat' dir='ltr'>Frontis</span> <span class='ocrx_word' id='word_1_338' title='bbox 410 1459 525 1502; x_wconf 80' lang='lat' dir='ltr'>aperit</span> <span class='ocrx_word' id='word_1_339' title='bbox 548 1458 744 1497; x_wconf 67' lang='lat' dir='ltr'>hominurn,</span> <span class='ocrx_word' id='word_1_340' title='bbox 766 1460 891 1491; x_wconf 85' lang='lat' dir='ltr'>mentis</span> <span class='ocrx_word' id='word_1_341' title='bbox 915 1460 1016 1503; x_wconf 78' lang='lat' dir='ltr'>tegit)</span> <span class='ocrx_word' id='word_1_342' title='bbox 1044 1461 1134 1502; x_wconf 87' lang='lat' dir='ltr'>Quia</span> <span class='ocrx_word' id='word_1_343' title='bbox 1157 1462 1237 1495; x_wconf 89' lang='lat' dir='ltr'>licet</span> <span class='ocrx_word' id='word_1_344' title='bbox 1258 1464 1442 1507; x_wconf 87' lang='lat' dir='ltr'>unicuique</span> <span class='ocrx_word' id='word_1_345' title='bbox 1465 1467 1654 1500; x_wconf 83' lang='lat' dir='ltr'>liberaliter</span> <span class='ocrx_word' id='word_1_346' title='bbox 1677 1475 1710 1501; x_wconf 83' lang='lat' dir='ltr'>et</span> <span class='ocrx_word' id='word_1_347' title='bbox 1731 1470 1819 1502; x_wconf 80' lang='lat' dir='ltr'>laeta</span> <span class='ocrx_word' id='word_1_348' title='bbox 1841 1469 1955 1502; x_wconf 86' lang='lat' dir='ltr'>fronte</span> <span class='ocrx_word' id='word_1_349' title='bbox 1977 1468 2058 1512; x_wconf 82' lang='lat' dir='ltr'>pol-</span> 
     </span>
     <span class='ocr_line' id='line_1_27' title="bbox 158 1511 2057 1563; baseline 0.004 -18"><span class='ocrx_word' id='word_1_350' title='bbox 158 1511 274 1551; x_wconf 86' lang='lat' dir='ltr'>liceri,</span> <span class='ocrx_word' id='word_1_351' title='bbox 323 1511 415 1553; x_wconf 88' lang='lat' dir='ltr'>quod</span> <span class='ocrx_word' id='word_1_352' title='bbox 443 1515 615 1552; x_wconf 82' lang='lat' dir='ltr'>praestare</span> <span class='ocrx_word' id='word_1_353' title='bbox 644 1516 759 1542; x_wconf 82' lang='lat' dir='ltr'>tamen</span> <span class='ocrx_word' id='word_1_354' title='bbox 790 1511 828 1544; x_wconf 87' lang='lat' dir='ltr'>in</span> <span class='ocrx_word' id='word_1_355' title='bbox 856 1512 1017 1555; x_wconf 83' lang='lat' dir='ltr'>suffragio</span> <span class='ocrx_word' id='word_1_356' title='bbox 1047 1515 1151 1555; x_wconf 65' lang='lat' dir='ltr'>nolit,</span> <span class='ocrx_word' id='word_1_357' title='bbox 1197 1516 1275 1548; x_wconf 87' lang='lat' dir='ltr'>ideo</span> <span class='ocrx_word' id='word_1_358' title='bbox 1304 1524 1419 1550; x_wconf 79' lang='lat' dir='ltr'>autem</span> <span class='ocrx_word' id='word_1_359' title='bbox 1446 1520 1543 1561; x_wconf 88' lang='lat' dir='ltr'>licet,</span> <span class='ocrx_word' id='word_1_360' title='bbox 1590 1521 1668 1563; x_wconf 83' lang='lat' dir='ltr'>quia</span> <span class='ocrx_word' id='word_1_361' title='bbox 1698 1523 1821 1554; x_wconf 80' lang='lat' dir='ltr'>tabella</span> <span class='ocrx_word' id='word_1_362' title='bbox 1849 1523 1973 1555; x_wconf 85' lang='lat' dir='ltr'>mentis</span> <span class='ocrx_word' id='word_1_363' title='bbox 2003 1528 2057 1553; x_wconf 76' lang='lat' dir='ltr'>te-</span> 
     </span>
     <span class='ocr_line' id='line_1_28' title="bbox 160 1564 483 1609; baseline -0.006 -13"><span class='ocrx_word' id='word_1_364' title='bbox 160 1566 220 1609; x_wconf 66' lang='lat' dir='ltr'>git.</span> <span class='ocrx_word' id='word_1_365' title='bbox 266 1564 483 1596; x_wconf 78' lang='lat' dir='ltr'>MANUTms.</span> 
     </span>
    </p>

    <p class='ocr_par' dir='ltr' id='par_1_4' title="bbox 150 1616 2055 2461">
     <span class='ocr_line' id='line_1_29' title="bbox 246 1616 2055 1670; baseline 0.006 -21"><span class='ocrx_word' id='word_1_366' title='bbox 246 1617 317 1649; x_wconf 81' lang='lat' dir='ltr'>Car</span> <span class='ocrx_word' id='word_1_367' title='bbox 349 1622 387 1648; x_wconf 78' lang='lat' dir='ltr'>tu</span> <span class='ocrx_word' id='word_1_368' title='bbox 411 1617 447 1647; x_wconf 86' lang='lat' dir='ltr'>in</span> <span class='ocrx_word' id='word_1_369' title='bbox 474 1616 605 1647; x_wconf 71' lang='lat' dir='ltr'>iudicio</span> <span class='ocrx_word' id='word_1_370' title='bbox 638 1616 805 1659; x_wconf 74' lang='lat' dir='ltr'>exprimis</span> <span class='ocrx_word' id='word_1_371' title='bbox 835 1619 928 1661; x_wconf 82' lang='lat' dir='ltr'><em>quod</em></span> <span class='ocrx_word' id='word_1_372' title='bbox 955 1632 1022 1652; x_wconf 86' lang='lat' dir='ltr'><em>non</em></span> <span class='ocrx_word' id='word_1_373' title='bbox 1043 1619 1097 1663; x_wconf 89' lang='lat' dir='ltr'>fit</span> <span class='ocrx_word' id='word_1_374' title='bbox 1119 1622 1155 1653; x_wconf 88' lang='lat' dir='ltr'>in</span> <span class='ocrx_word' id='word_1_375' title='bbox 1179 1622 1313 1667; x_wconf 81' lang='lat' dir='ltr'>campo)</span> <span class='ocrx_word' id='word_1_376' title='bbox 1357 1623 1482 1655; x_wconf 84' lang='lat' dir='ltr'>Melius</span> <span class='ocrx_word' id='word_1_377' title='bbox 1507 1631 1540 1656; x_wconf 84' lang='lat' dir='ltr'>et</span> <span class='ocrx_word' id='word_1_378' title='bbox 1562 1625 1617 1657; x_wconf 89' lang='lat' dir='ltr'>hic</span> <span class='ocrx_word' id='word_1_379' title='bbox 1640 1626 1852 1659; x_wconf 81' lang='lat' dir='ltr'>Erfurtensis</span> <span class='ocrx_word' id='word_1_380' title='bbox 1885 1628 2055 1670; x_wconf 83' lang='lat' dir='ltr'>[quocum</span> 
     </span>
     <span class='ocr_line' id='line_1_30' title="bbox 158 1669 2053 1723; baseline 0.005 -19"><span class='ocrx_word' id='word_1_381' title='bbox 158 1671 326 1704; x_wconf 83' lang='lat' dir='ltr'>consentit</span> <span class='ocrx_word' id='word_1_382' title='bbox 348 1669 467 1710; x_wconf 79' lang='lat' dir='ltr'>Bau.]:</span> <span class='ocrx_word' id='word_1_383' title='bbox 492 1669 562 1700; x_wconf 76' lang='lat' dir='ltr'>Car</span> <span class='ocrx_word' id='word_1_384' title='bbox 587 1675 625 1700; x_wconf 81' lang='lat' dir='ltr'>ta</span> <span class='ocrx_word' id='word_1_385' title='bbox 649 1669 688 1701; x_wconf 88' lang='lat' dir='ltr'>id</span> <span class='ocrx_word' id='word_1_386' title='bbox 709 1670 745 1701; x_wconf 84' lang='lat' dir='ltr'>in</span> <span class='ocrx_word' id='word_1_387' title='bbox 767 1671 899 1703; x_wconf 81' lang='lat' dir='ltr'>iudicio</span> <span class='ocrx_word' id='word_1_388' title='bbox 923 1679 962 1704; x_wconf 76' lang='lat' dir='ltr'>ut</span> <span class='ocrx_word' id='word_1_389' title='bbox 976 1672 1053 1715; x_wconf 86' lang='lat' dir='ltr'>fiat</span> <span class='ocrx_word' id='word_1_390' title='bbox 1076 1677 1253 1718; x_wconf 73' lang='lat' dir='ltr'>exprimis,</span> <span class='ocrx_word' id='word_1_391' title='bbox 1277 1677 1368 1719; x_wconf 79' lang='lat' dir='ltr'>quod</span> <span class='ocrx_word' id='word_1_392' title='bbox 1390 1689 1456 1708; x_wconf 82' lang='lat' dir='ltr'><em>non</em></span> <span class='ocrx_word' id='word_1_393' title='bbox 1471 1677 1525 1721; x_wconf 89' lang='lat' dir='ltr'>fit</span> <span class='ocrx_word' id='word_1_394' title='bbox 1547 1680 1583 1710; x_wconf 84' lang='lat' dir='ltr'>in</span> <span class='ocrx_word' id='word_1_395' title='bbox 1599 1692 1729 1723; x_wconf 77' lang='lat' dir='ltr'>campo.</span> <span class='ocrx_word' id='word_1_396' title='bbox 1773 1681 1916 1712; x_wconf 81' lang='lat' dir='ltr'>Mallem</span> <span class='ocrx_word' id='word_1_397' title='bbox 1939 1687 2053 1712; x_wconf 83' lang='lat' dir='ltr'>autem</span> 
     </span>
     <span class='ocr_line' id='line_1_31' title="bbox 156 1721 2054 1771; baseline 0.005 -16"><span class='ocrx_word' id='word_1_398' title='bbox 156 1737 220 1769; x_wconf 86' lang='lat' dir='ltr'>pro</span> <span class='ocrx_word' id='word_1_399' title='bbox 244 1723 411 1767; x_wconf 74' lang='lat' dir='ltr'>exprimis</span> <span class='ocrx_word' id='word_1_400' title='bbox 441 1721 542 1753; x_wconf 85' lang='lat' dir='ltr'>scribi</span> <span class='ocrx_word' id='word_1_401' title='bbox 568 1722 693 1765; x_wconf 76' lang='lat' dir='ltr'>exigis.</span> <span class='ocrx_word' id='word_1_402' title='bbox 720 1723 929 1755; x_wconf 80' lang='lat' dir='ltr'>GRAEUIUS.</span> <span class='ocrx_word' id='word_1_403' title='bbox 974 1725 1085 1758; x_wconf 87' lang='lat' dir='ltr'>Unico</span> <span class='ocrx_word' id='word_1_404' title='bbox 1110 1727 1306 1760; x_wconf 83' lang='lat' dir='ltr'>Erfurtensi</span> <span class='ocrx_word' id='word_1_405' title='bbox 1330 1736 1519 1771; x_wconf 83' lang='lat' dir='ltr'>paruerunt</span> <span class='ocrx_word' id='word_1_406' title='bbox 1541 1731 1642 1763; x_wconf 83' lang='lat' dir='ltr'>etiam</span> <span class='ocrx_word' id='word_1_407' title='bbox 1666 1733 1771 1765; x_wconf 85' lang='lat' dir='ltr'>Uerb.</span> <span class='ocrx_word' id='word_1_408' title='bbox 1796 1740 1829 1765; x_wconf 89' lang='lat' dir='ltr'>et</span> <span class='ocrx_word' id='word_1_409' title='bbox 1854 1735 2054 1766; x_wconf 79' lang='lat' dir='ltr'>Lalleman-</span> 
     </span>
     <span class='ocr_line' id='line_1_32' title="bbox 157 1774 2052 1828; baseline 0.005 -19"><span class='ocrx_word' id='word_1_410' title='bbox 157 1778 229 1809; x_wconf 87' lang='lat' dir='ltr'>dus.</span> <span class='ocrx_word' id='word_1_411' title='bbox 274 1777 398 1817; x_wconf 79' lang='lat' dir='ltr'>Neque</span> <span class='ocrx_word' id='word_1_412' title='bbox 421 1780 538 1806; x_wconf 85' lang='lat' dir='ltr'>contra</span> <span class='ocrx_word' id='word_1_413' title='bbox 560 1774 665 1806; x_wconf 89' lang='lat' dir='ltr'>libros</span> <span class='ocrx_word' id='word_1_414' title='bbox 696 1776 806 1807; x_wconf 89' lang='lat' dir='ltr'>omnis</span> <span class='ocrx_word' id='word_1_415' title='bbox 835 1777 1039 1810; x_wconf 84' lang='lat' dir='ltr'>mutandum</span> <span class='ocrx_word' id='word_1_416' title='bbox 1062 1786 1111 1811; x_wconf 89' lang='lat' dir='ltr'>est</span> <span class='ocrx_word' id='word_1_417' title='bbox 1134 1783 1317 1824; x_wconf 69' lang='lat' dir='ltr'>exprimis,</span> <span class='ocrx_word' id='word_1_418' title='bbox 1355 1781 1446 1823; x_wconf 88' lang='lat' dir='ltr'>quod</span> <span class='ocrx_word' id='word_1_419' title='bbox 1469 1784 1560 1815; x_wconf 88' lang='lat' dir='ltr'>ualet</span> <span class='ocrx_word' id='word_1_420' title='bbox 1584 1791 1784 1828; x_wconf 75' lang='lat' dir='ltr'>extorques,</span> <span class='ocrx_word' id='word_1_421' title='bbox 1827 1788 2052 1819; x_wconf 83' lang='lat' dir='ltr'>uehementer</span> 
     </span>
     <span class='ocr_line' id='line_1_33' title="bbox 155 1827 2049 1883; baseline 0.007 -25"><span class='ocrx_word' id='word_1_422' title='bbox 155 1841 277 1872; x_wconf 83' lang='lat' dir='ltr'>urges,</span> <span class='ocrx_word' id='word_1_423' title='bbox 311 1834 350 1859; x_wconf 81' lang='lat' dir='ltr'>ut</span> <span class='ocrx_word' id='word_1_424' title='bbox 374 1828 440 1859; x_wconf 85' lang='lat' dir='ltr'>fiat.</span> <span class='ocrx_word' id='word_1_425' title='bbox 486 1827 576 1859; x_wconf 87' lang='lat' dir='ltr'>Uide</span> <span class='ocrx_word' id='word_1_426' title='bbox 602 1828 708 1859; x_wconf 88' lang='lat' dir='ltr'>Drak.</span> <span class='ocrx_word' id='word_1_427' title='bbox 733 1828 775 1859; x_wconf 89' lang='lat' dir='ltr'>ad</span> <span class='ocrx_word' id='word_1_428' title='bbox 802 1829 881 1860; x_wconf 86' lang='lat' dir='ltr'>Liu.</span> <span class='ocrx_word' id='word_1_429' title='bbox 907 1831 1014 1870; x_wconf 87' lang='lat' dir='ltr'>VIII,</span> <span class='ocrx_word' id='word_1_430' title='bbox 1048 1843 1097 1863; x_wconf 86' lang='lat'>2..</span> <span class='ocrx_word' id='word_1_431' title='bbox 1143 1834 1202 1865; x_wconf 82' lang='lat' dir='ltr'>Set</span> <span class='ocrx_word' id='word_1_432' title='bbox 1230 1835 1417 1866; x_wconf 79' lang='lat' dir='ltr'>necessaria</span> <span class='ocrx_word' id='word_1_433' title='bbox 1446 1836 1504 1866; x_wconf 87' lang='lat' dir='ltr'>illa</span> <span class='ocrx_word' id='word_1_434' title='bbox 1526 1849 1594 1868; x_wconf 90' lang='grc'>11011</span> <span class='ocrx_word' id='word_1_435' title='bbox 1618 1845 1715 1877; x_wconf 84' lang='lat' dir='ltr'>sunt,</span> <span class='ocrx_word' id='word_1_436' title='bbox 1756 1846 1796 1871; x_wconf 88' lang='lat' dir='ltr'>ut</span> <span class='ocrx_word' id='word_1_437' title='bbox 1810 1840 1906 1883; x_wconf 76' lang='lat' dir='ltr'>fiat3</span> <span class='ocrx_word' id='word_1_438' title='bbox 1942 1841 2049 1872; x_wconf 89' lang='lat' dir='ltr'>immo</span> 
     </span>
     <span class='ocr_line' id='line_1_34' title="bbox 156 1880 2048 1935; baseline 0.007 -22"><span class='ocrx_word' id='word_1_439' title='bbox 156 1884 240 1915; x_wconf 84' lang='lat' dir='ltr'>haut</span> <span class='ocrx_word' id='word_1_440' title='bbox 268 1880 354 1920; x_wconf 86' lang='lat' dir='ltr'>scio,</span> <span class='ocrx_word' id='word_1_441' title='bbox 389 1891 433 1911; x_wconf 84' lang='lat' dir='ltr'>an</span> <span class='ocrx_word' id='word_1_442' title='bbox 455 1880 579 1911; x_wconf 85' lang='lat' dir='ltr'>rectius</span> <span class='ocrx_word' id='word_1_443' title='bbox 602 1880 733 1919; x_wconf 86' lang='lat' dir='ltr'>absint;</span> <span class='ocrx_word' id='word_1_444' title='bbox 771 1893 831 1924; x_wconf 85' lang='lat' dir='ltr'>ego</span> <span class='ocrx_word' id='word_1_445' title='bbox 857 1881 994 1923; x_wconf 87' lang='lat' dir='ltr'>quidem</span> <span class='ocrx_word' id='word_1_446' title='bbox 1017 1884 1199 1928; x_wconf 81' lang='lat' dir='ltr'>interpreti</span> <span class='ocrx_word' id='word_1_447' title='bbox 1223 1887 1403 1918; x_wconf 83' lang='lat' dir='ltr'>tribuenda</span> <span class='ocrx_word' id='word_1_448' title='bbox 1435 1887 1532 1919; x_wconf 81' lang='lat' dir='ltr'>facile</span> <span class='ocrx_word' id='word_1_449' title='bbox 1556 1890 1715 1922; x_wconf 80' lang='lat' dir='ltr'>dixerim.</span> <span class='ocrx_word' id='word_1_450' title='bbox 1763 1893 1956 1935; x_wconf 86' lang='lat' dir='ltr'>Optumum</span> <span class='ocrx_word' id='word_1_451' title='bbox 1980 1899 2048 1925; x_wconf 85' lang='lat' dir='ltr'>est:</span> 
     </span>
     <span class='ocr_line' id='line_1_35' title="bbox 156 1933 2048 1982; baseline 0.005 -14"><span class='ocrx_word' id='word_1_452' title='bbox 156 1947 218 1969; x_wconf 71' lang='lat' dir='ltr'>car</span> <span class='ocrx_word' id='word_1_453' title='bbox 241 1940 280 1966; x_wconf 77' lang='lat' dir='ltr'>tu</span> <span class='ocrx_word' id='word_1_454' title='bbox 303 1934 341 1965; x_wconf 80' lang='lat' dir='ltr'>id</span> <span class='ocrx_word' id='word_1_455' title='bbox 363 1933 400 1964; x_wconf 84' lang='lat' dir='ltr'>in</span> <span class='ocrx_word' id='word_1_456' title='bbox 423 1933 553 1964; x_wconf 76' lang='lat' dir='ltr'>indicio</span> <span class='ocrx_word' id='word_1_457' title='bbox 576 1934 763 1976; x_wconf 79' lang='lat' dir='ltr'>exprimis,</span> <span class='ocrx_word' id='word_1_458' title='bbox 786 1936 878 1978; x_wconf 80' lang='lat' dir='ltr'><em>quod</em></span> <span class='ocrx_word' id='word_1_459' title='bbox 898 1935 1033 1978; x_wconf 79' lang='lat' dir='ltr'>nonsit</span> <span class='ocrx_word' id='word_1_460' title='bbox 1057 1938 1092 1968; x_wconf 88' lang='lat' dir='ltr'>in</span> <span class='ocrx_word' id='word_1_461' title='bbox 1118 1941 1263 1982; x_wconf 73' lang='lat' dir='ltr'>campo?</span> <span class='ocrx_word' id='word_1_462' title='bbox 1293 1941 1541 1973; x_wconf 77' lang='lat' dir='ltr'><strong>GARATONIUS</strong></span> <span class='ocrx_word' id='word_1_463' title='bbox 1566 1943 1604 1974; x_wconf 82' lang='lat' dir='ltr'>J..</span> <span class='ocrx_word' id='word_1_464' title='bbox 1652 1945 1740 1976; x_wconf 88' lang='lat' dir='ltr'>Cum</span> <span class='ocrx_word' id='word_1_465' title='bbox 1762 1945 1957 1977; x_wconf 85' lang='lat' dir='ltr'>Erfurtensi</span> <span class='ocrx_word' id='word_1_466' title='bbox 1980 1946 2048 1976; x_wconf 81' lang='lat' dir='ltr'>Ba-</span> 
     </span>
     <span class='ocr_line' id='line_1_36' title="bbox 152 1985 2047 2040; baseline 0.006 -20"><span class='ocrx_word' id='word_1_467' title='bbox 152 1988 287 2022; x_wconf 81' lang='lat' dir='ltr'>uaricus</span> <span class='ocrx_word' id='word_1_468' title='bbox 308 1985 399 2017; x_wconf 82' lang='lat' dir='ltr'>facit.</span> <span class='ocrx_word' id='word_1_469' title='bbox 444 1986 646 2028; x_wconf 87' lang='lat' dir='ltr'>Suspectum</span> <span class='ocrx_word' id='word_1_470' title='bbox 669 1992 784 2018; x_wconf 78' lang='lat' dir='ltr'>tamen</span> <span class='ocrx_word' id='word_1_471' title='bbox 809 1987 920 2018; x_wconf 87' lang='lat' dir='ltr'>adhuc</span> <span class='ocrx_word' id='word_1_472' title='bbox 940 1995 980 2020; x_wconf 83' lang='lat' dir='ltr'>ut</span> <span class='ocrx_word' id='word_1_473' title='bbox 994 1988 1081 2031; x_wconf 80' lang='lat' dir='ltr'>fiat.</span> <span class='ocrx_word' id='word_1_474' title='bbox 1105 1991 1355 2023; x_wconf 72' lang='lat' dir='ltr'>GARATONIUS</span> <span class='ocrx_word' id='word_1_475' title='bbox 1380 1993 1443 2025; x_wconf 91' lang='lat' dir='ltr'>II..</span> <span class='ocrx_word' id='word_1_476' title='bbox 1487 1994 1593 2026; x_wconf 89' lang='lat' dir='ltr'>Recte</span> <span class='ocrx_word' id='word_1_477' title='bbox 1619 1997 1824 2029; x_wconf 80' lang='lat' dir='ltr'>Garatonius</span> <span class='ocrx_word' id='word_1_478' title='bbox 1854 2010 2047 2040; x_wconf 87' lang='lat' dir='ltr'>pronomen</span> 
     </span>
     <span class='ocr_line' id='line_1_37' title="bbox 154 2038 2047 2095; baseline 0.004 -19"><span class='ocrx_word' id='word_1_479' title='bbox 154 2044 193 2076; x_wconf 82' lang='lat' dir='ltr'>id</span> <span class='ocrx_word' id='word_1_480' title='bbox 214 2038 448 2082; x_wconf 87' lang='lat' dir='ltr'>recipiendum</span> <span class='ocrx_word' id='word_1_481' title='bbox 471 2038 586 2078; x_wconf 82' lang='lat' dir='ltr'>duxit,</span> <span class='ocrx_word' id='word_1_482' title='bbox 620 2039 711 2081; x_wconf 90' lang='lat' dir='ltr'>quod</span> <span class='ocrx_word' id='word_1_483' title='bbox 735 2051 774 2070; x_wconf 90' lang='lat' dir='ltr'>eo</span> <span class='ocrx_word' id='word_1_484' title='bbox 797 2040 910 2072; x_wconf 88' lang='lat' dir='ltr'>minus</span> <span class='ocrx_word' id='word_1_485' title='bbox 933 2049 1127 2084; x_wconf 83' lang='lat' dir='ltr'>suspectum</span> <span class='ocrx_word' id='word_1_486' title='bbox 1152 2044 1251 2075; x_wconf 84' lang='lat' dir='ltr'>debet</span> <span class='ocrx_word' id='word_1_487' title='bbox 1274 2057 1364 2085; x_wconf 85' lang='lat' dir='ltr'>esse,</span> <span class='ocrx_word' id='word_1_488' title='bbox 1400 2058 1477 2077; x_wconf 87' lang='lat' dir='ltr'>cum</span> <span class='ocrx_word' id='word_1_489' title='bbox 1501 2048 1601 2079; x_wconf 81' lang='lat' dir='ltr'>etiam</span> <span class='ocrx_word' id='word_1_490' title='bbox 1625 2050 1660 2080; x_wconf 86' lang='lat' dir='ltr'>in</span> <span class='ocrx_word' id='word_1_491' title='bbox 1684 2051 1734 2082; x_wconf 94' lang='lat' dir='ltr'>Lc</span> <span class='ocrx_word' id='word_1_492' title='bbox 1756 2040 1921 2094; x_wconf 79' lang='lat' dir='ltr'>scriptum</span> <span class='ocrx_word' id='word_1_493' title='bbox 1944 2063 2047 2095; x_wconf 82' lang='lat' dir='ltr'>repe-</span> 
     </span>
     <span class='ocr_line' id='line_1_38' title="bbox 152 2091 2046 2141; baseline 0.01 -22"><span class='ocrx_word' id='word_1_494' title='bbox 152 2095 274 2128; x_wconf 67' lang='lat' dir='ltr'>riatur.</span> <span class='ocrx_word' id='word_1_495' title='bbox 320 2091 410 2124; x_wconf 87' lang='lat' dir='ltr'>Uide</span> <span class='ocrx_word' id='word_1_496' title='bbox 433 2091 565 2133; x_wconf 84' lang='lat' dir='ltr'>Proleg.</span> <span class='ocrx_word' id='word_1_497' title='bbox 589 2092 631 2123; x_wconf 91' lang='lat' dir='ltr'>L.</span> <span class='ocrx_word' id='word_1_498' title='bbox 654 2092 698 2122; x_wconf 88' lang='lat' dir='ltr'>II.</span> <span class='ocrx_word' id='word_1_499' title='bbox 722 2092 759 2123; x_wconf 78' lang='lat' dir='ltr'>C.</span> <span class='ocrx_word' id='word_1_500' title='bbox 784 2093 809 2124; x_wconf 92' lang='lat' dir='ltr'>I.</span> <span class='ocrx_word' id='word_1_501' title='bbox 836 2094 865 2135; x_wconf 55' lang='grc' dir='ltr'>ς.</span> <span class='ocrx_word' id='word_1_502' title='bbox 894 2095 954 2126; x_wconf 88' lang='grc'>16..</span> <span class='ocrx_word' id='word_1_503' title='bbox 1000 2096 1216 2138; x_wconf 84' lang='lat' dir='ltr'>Significatur</span> <span class='ocrx_word' id='word_1_504' title='bbox 1237 2104 1350 2129; x_wconf 84' lang='lat' dir='ltr'>autem</span> <span class='ocrx_word' id='word_1_505' title='bbox 1376 2100 1581 2141; x_wconf 82' lang='lat' dir='ltr'>pronomine</span> <span class='ocrx_word' id='word_1_506' title='bbox 1604 2101 1664 2133; x_wconf 88' lang='lat' dir='ltr'>illo</span> <span class='ocrx_word' id='word_1_507' title='bbox 1688 2106 1859 2135; x_wconf 82' lang='lat' dir='ltr'>contentio</span> <span class='ocrx_word' id='word_1_508' title='bbox 1882 2105 1939 2136; x_wconf 82' lang='lat' dir='ltr'>uel</span> <span class='ocrx_word' id='word_1_509' title='bbox 1965 2118 2046 2137; x_wconf 86' lang='lat' dir='ltr'>con—</span> 
     </span>
     <span class='ocr_line' id='line_1_39' title="bbox 151 2145 2045 2199; baseline 0.005 -19"><span class='ocrx_word' id='word_1_510' title='bbox 151 2147 293 2193; x_wconf 80' lang='lat' dir='ltr'>paratio</span> <span class='ocrx_word' id='word_1_511' title='bbox 317 2150 493 2182; x_wconf 72' lang='lat' dir='ltr'>nostrum,</span> <span class='ocrx_word' id='word_1_512' title='bbox 530 2150 608 2175; x_wconf 78' lang='lat' dir='ltr'>uter</span> <span class='ocrx_word' id='word_1_513' title='bbox 636 2145 818 2177; x_wconf 86' lang='lat' dir='ltr'>aedilitate</span> <span class='ocrx_word' id='word_1_514' title='bbox 846 2147 988 2189; x_wconf 83' lang='lat' dir='ltr'>dignior</span> <span class='ocrx_word' id='word_1_515' title='bbox 1008 2148 1138 2191; x_wconf 80' lang='lat' dir='ltr'>fuerit.</span> <span class='ocrx_word' id='word_1_516' title='bbox 1184 2151 1339 2183; x_wconf 87' lang='lat' dir='ltr'>Uerbum</span> <span class='ocrx_word' id='word_1_517' title='bbox 1371 2154 1587 2195; x_wconf 76' lang='lat' dir='ltr'>exprimendi</span> <span class='ocrx_word' id='word_1_518' title='bbox 1618 2161 1730 2187; x_wconf 81' lang='lat' dir='ltr'>autem</span> <span class='ocrx_word' id='word_1_519' title='bbox 1764 2168 1841 2188; x_wconf 88' lang='lat' dir='ltr'>cum</span> <span class='ocrx_word' id='word_1_520' title='bbox 1874 2168 1973 2199; x_wconf 82' lang='lat' dir='ltr'>saepe</span> <span class='ocrx_word' id='word_1_521' title='bbox 1997 2157 2045 2188; x_wconf 89' lang='lat' dir='ltr'>sie</span> 
     </span>
     <span class='ocr_line' id='line_1_40' title="bbox 151 2195 2042 2252; baseline 0.005 -20"><span class='ocrx_word' id='word_1_522' title='bbox 151 2204 355 2241; x_wconf 83' lang='lat' dir='ltr'>usurpatum</span> <span class='ocrx_word' id='word_1_523' title='bbox 378 2195 592 2236; x_wconf 84' lang='lat' dir='ltr'>inueniatur,</span> <span class='ocrx_word' id='word_1_524' title='bbox 632 2203 686 2236; x_wconf 91' lang='lat' dir='ltr'>ut,</span> <span class='ocrx_word' id='word_1_525' title='bbox 722 2198 814 2239; x_wconf 90' lang='lat' dir='ltr'>quod</span> <span class='ocrx_word' id='word_1_526' title='bbox 835 2199 942 2231; x_wconf 85' lang='lat' dir='ltr'>Drak.</span> <span class='ocrx_word' id='word_1_527' title='bbox 966 2200 989 2231; x_wconf 88' lang='grc'>1.</span> <span class='ocrx_word' id='word_1_528' title='bbox 1013 2201 1036 2232; x_wconf 90' lang='grc'>1.</span> <span class='ocrx_word' id='word_1_529' title='bbox 1060 2209 1094 2233; x_wconf 84' lang='lat' dir='ltr'>et</span> <span class='ocrx_word' id='word_1_530' title='bbox 1118 2203 1292 2235; x_wconf 86' lang='lat' dir='ltr'>Gesnerus</span> <span class='ocrx_word' id='word_1_531' title='bbox 1323 2204 1359 2234; x_wconf 88' lang='lat' dir='ltr'>in</span> <span class='ocrx_word' id='word_1_532' title='bbox 1383 2205 1486 2236; x_wconf 83' lang='lat' dir='ltr'>Thes.</span> <span class='ocrx_word' id='word_1_533' title='bbox 1510 2206 1592 2248; x_wconf 78' lang='lat' dir='ltr'>ling.</span> <span class='ocrx_word' id='word_1_534' title='bbox 1615 2209 1691 2239; x_wconf 80' lang='lat' dir='ltr'>Lat.</span> <span class='ocrx_word' id='word_1_535' title='bbox 1715 2220 1749 2251; x_wconf 92' lang='lat' dir='ltr'>p.</span> <span class='ocrx_word' id='word_1_536' title='bbox 1773 2210 1846 2241; x_wconf 80' lang='grc'>555.</span> <span class='ocrx_word' id='word_1_537' title='bbox 1874 2209 2042 2252; x_wconf 75' lang='lat' dir='ltr'>exemplis</span> 
     </span>
     <span class='ocr_line' id='line_1_41' title="bbox 152 2247 2043 2306; baseline 0.005 -22"><span class='ocrx_word' id='word_1_538' title='bbox 152 2252 359 2287; x_wconf 85' lang='lat' dir='ltr'>docuerunt,</span> <span class='ocrx_word' id='word_1_539' title='bbox 383 2247 549 2290; x_wconf 79' lang='lat' dir='ltr'>significet</span> <span class='ocrx_word' id='word_1_540' title='bbox 566 2251 772 2292; x_wconf 85' lang='lat' dir='ltr'>premendo,</span> <span class='ocrx_word' id='word_1_541' title='bbox 798 2250 834 2281; x_wconf 90' lang='lat' dir='ltr'>id</span> <span class='ocrx_word' id='word_1_542' title='bbox 857 2258 907 2283; x_wconf 82' lang='lat' dir='ltr'>est</span> <span class='ocrx_word' id='word_1_543' title='bbox 929 2256 1104 2295; x_wconf 78' lang='lat' dir='ltr'>urgendo,</span> <span class='ocrx_word' id='word_1_544' title='bbox 1129 2257 1168 2287; x_wconf 74' lang='lat' dir='ltr'>ui</span> <span class='ocrx_word' id='word_1_545' title='bbox 1190 2257 1311 2288; x_wconf 78' lang='lat' dir='ltr'>elicere</span> <span class='ocrx_word' id='word_1_546' title='bbox 1332 2257 1486 2300; x_wconf 75' lang='lat' dir='ltr'>aliquid,</span> <span class='ocrx_word' id='word_1_547' title='bbox 1519 2258 1717 2302; x_wconf 82' lang='lat' dir='ltr'>dicaturque</span> <span class='ocrx_word' id='word_1_548' title='bbox 1738 2273 1828 2292; x_wconf 86' lang='lat' dir='ltr'>nunc</span> <span class='ocrx_word' id='word_1_549' title='bbox 1850 2264 2043 2306; x_wconf 75' lang='lat' dir='ltr'>exprimere</span> 
     </span>
     <span class='ocr_line' id='line_1_42' title="bbox 151 2303 2042 2358; baseline 0.006 -21"><span class='ocrx_word' id='word_1_550' title='bbox 151 2303 398 2347; x_wconf 78' lang='lat' dir='ltr'>confessionem</span> <span class='ocrx_word' id='word_1_551' title='bbox 421 2303 542 2345; x_wconf 79' lang='lat' dir='ltr'>calpae</span> <span class='ocrx_word' id='word_1_552' title='bbox 563 2303 684 2341; x_wconf 75' lang='lat' dir='ltr'>alicui,</span> <span class='ocrx_word' id='word_1_553' title='bbox 708 2314 774 2344; x_wconf 88' lang='lat' dir='ltr'>quo</span> <span class='ocrx_word' id='word_1_554' title='bbox 798 2303 962 2345; x_wconf 87' lang='lat' dir='ltr'>loquendi</span> <span class='ocrx_word' id='word_1_555' title='bbox 974 2318 1099 2348; x_wconf 85' lang='lat' dir='ltr'>genere</span> <span class='ocrx_word' id='word_1_556' title='bbox 1109 2309 1228 2340; x_wconf 85' lang='lat' dir='ltr'>Liuios</span> <span class='ocrx_word' id='word_1_557' title='bbox 1253 2315 1302 2340; x_wconf 85' lang='lat' dir='ltr'>est</span> <span class='ocrx_word' id='word_1_558' title='bbox 1325 2321 1414 2348; x_wconf 79' lang='lat' dir='ltr'>USUS‚</span> <span class='ocrx_word' id='word_1_559' title='bbox 1439 2322 1529 2342; x_wconf 90' lang='lat' dir='ltr'>nunc</span> <span class='ocrx_word' id='word_1_560' title='bbox 1553 2314 1754 2356; x_wconf 81' lang='lat' dir='ltr'>exprimere,</span> <span class='ocrx_word' id='word_1_561' title='bbox 1778 2320 1817 2345; x_wconf 83' lang='lat' dir='ltr'>ut</span> <span class='ocrx_word' id='word_1_562' title='bbox 1840 2316 1917 2358; x_wconf 78' lang='lat' dir='ltr'>quis</span> <span class='ocrx_word' id='word_1_563' title='bbox 1938 2322 2042 2358; x_wconf 80' lang='lat' dir='ltr'>neget</span> 
     </span>
     <span class='ocr_line' id='line_1_43' title="bbox 151 2354 2040 2408; baseline 0.006 -21"><span class='ocrx_word' id='word_1_564' title='bbox 151 2370 187 2389; x_wconf 71' lang='lat' dir='ltr'>se</span> <span class='ocrx_word' id='word_1_565' title='bbox 209 2356 294 2399; x_wconf 80' lang='lat' dir='ltr'>quid</span> <span class='ocrx_word' id='word_1_566' title='bbox 306 2354 455 2398; x_wconf 80' lang='lat' dir='ltr'>fecisse,</span> <span class='ocrx_word' id='word_1_567' title='bbox 494 2366 593 2396; x_wconf 84' lang='lat' dir='ltr'>quam</span> <span class='ocrx_word' id='word_1_568' title='bbox 617 2355 824 2387; x_wconf 84' lang='lat' dir='ltr'>locutionem</span> <span class='ocrx_word' id='word_1_569' title='bbox 847 2357 965 2389; x_wconf 88' lang='lat' dir='ltr'>Cicero</span> <span class='ocrx_word' id='word_1_570' title='bbox 989 2361 1188 2403; x_wconf 77' lang='lat' dir='ltr'>usurpauit:</span> <span class='ocrx_word' id='word_1_571' title='bbox 1230 2368 1351 2405; x_wconf 82' lang='lat' dir='ltr'>sponte</span> <span class='ocrx_word' id='word_1_572' title='bbox 1375 2362 1607 2406; x_wconf 84' lang='lat' dir='ltr'>intellegitur,</span> <span class='ocrx_word' id='word_1_573' title='bbox 1644 2372 1830 2408; x_wconf 83' lang='lat' dir='ltr'>utrumque</span> <span class='ocrx_word' id='word_1_574' title='bbox 1852 2368 2040 2399; x_wconf 87' lang='lat' dir='ltr'>secundum</span> 
     </span>
     <span class='ocr_line' id='line_1_44' title="bbox 150 2407 2038 2461; baseline 0.006 -20"><span class='ocrx_word' id='word_1_575' title='bbox 150 2407 316 2441; x_wconf 86' lang='lat' dir='ltr'>sermonis</span> <span class='ocrx_word' id='word_1_576' title='bbox 336 2407 434 2439; x_wconf 84' lang='lat' dir='ltr'>latini</span> <span class='ocrx_word' id='word_1_577' title='bbox 457 2407 738 2439; x_wconf 85' lang='lat' dir='ltr'>consuetudinem</span> <span class='ocrx_word' id='word_1_578' title='bbox 760 2409 826 2440; x_wconf 89' lang='lat' dir='ltr'>dici</span> <span class='ocrx_word' id='word_1_579' title='bbox 847 2410 1016 2453; x_wconf 85' lang='lat' dir='ltr'>potuisse,</span> <span class='ocrx_word' id='word_1_580' title='bbox 1041 2425 1103 2445; x_wconf 85' lang='lat' dir='ltr'>cur</span> <span class='ocrx_word' id='word_1_581' title='bbox 1126 2420 1164 2446; x_wconf 80' lang='lat' dir='ltr'>tu</span> <span class='ocrx_word' id='word_1_582' title='bbox 1187 2415 1226 2448; x_wconf 87' lang='lat' dir='ltr'>id</span> <span class='ocrx_word' id='word_1_583' title='bbox 1246 2416 1282 2447; x_wconf 87' lang='lat' dir='ltr'>in</span> <span class='ocrx_word' id='word_1_584' title='bbox 1308 2416 1438 2448; x_wconf 73' lang='lat' dir='ltr'>iudicio</span> <span class='ocrx_word' id='word_1_585' title='bbox 1463 2418 1647 2460; x_wconf 69' lang='lat' dir='ltr'>exprimiS,</span> <span class='ocrx_word' id='word_1_586' title='bbox 1670 2418 1705 2449; x_wconf 84' lang='lat' dir='ltr'>id</span> <span class='ocrx_word' id='word_1_587' title='bbox 1729 2425 1788 2461; x_wconf 88' lang='lat' dir='ltr'>est,</span> <span class='ocrx_word' id='word_1_588' title='bbox 1813 2432 1873 2452; x_wconf 90' lang='lat' dir='ltr'>cur</span> <span class='ocrx_word' id='word_1_589' title='bbox 1895 2427 1934 2452; x_wconf 90' lang='lat' dir='ltr'>tu</span> <span class='ocrx_word' id='word_1_590' title='bbox 1956 2432 2038 2452; x_wconf 83' lang='lat' dir='ltr'>con-</span> 
     </span>
    </p>

    <p class='ocr_par' dir='ltr' id='par_1_5' title="bbox 1580 2474 1614 2500">
     <span class='ocr_line' id='line_1_45' title="bbox 1580 2474 1614 2500; baseline 0.029 -1"><span class='ocrx_word' id='word_1_591' title='bbox 1580 2474 1614 2500; x_wconf 83' lang='lat'>23</span> 
     </span>
    </p>
   </div>
  </div>
 </body>
</html>
