2185 2720
872 120 896 149 c
916 119 945 148 A
965 119 999 148 Ρ.
1038 117 1154 146 xxx.
1174 116 1203 157 §·
1224 123 1269 149 72.
1284 122 1330 150 73.
1988 118 2043 147 187

155 199 322 234 contineri
351 197 449 230 facile
476 198 738 236 intellexerunt,
763 195 852 238 quod
873 205 976 234 uoce,
1004 198 1044 225 ut
1063 191 1110 224 ita
1133 191 1259 231 dicam,
1298 203 1358 224 sua
1379 197 1498 223 natura
1518 190 1592 234 ipsa
1613 189 1788 233 significat.
1835 190 1928 232 Quid
1951 189 2043 222 enim

152 255 239 287 aliut
259 252 425 290 radicum,
464 250 653 287 nodorum,
683 248 865 288 foliorum,
898 248 1125 288 iubarumque
1145 244 1385 277 similitudines
1409 244 1571 283 clamant,
1600 243 1782 287 praecipue
1804 254 1886 275 uero
1909 244 2042 286 gluma-

152 318 248 346 rum,
280 316 364 348 quae
386 302 510 346 ’ὑμένες
531 303 748 346 appellantur
770 314 789 334 a
811 301 968 339 Graecis,
998 299 1190 341 florumque
1211 297 1292 329 inde
1312 297 1349 329 in
1371 298 1486 330 oculos
1508 297 1781 330 incurrentium?
1809 297 1872 329 hac
1893 297 2041 339 potissu-

151 371 249 392 mum
270 364 351 390 nota
375 357 466 389 hisce
489 355 646 387 omnibus
677 356 829 398 inpressa
858 353 1020 396 stirpibus
1050 363 1167 383 earum
1189 350 1343 393 cognatio
1366 357 1535 393 caputque
1556 350 1781 394 pernoscitur.
1824 350 1941 392 Atque
1963 350 2042 382 illut

152 412 188 444 in
210 411 361 454 gramine
382 408 533 452 positum
554 419 655 440 nemo
678 407 872 446 mirabitur,
899 406 959 449 qui
980 405 1021 437 ab
1045 404 1219 437 elementis
1238 404 1376 436 initium
1398 415 1550 443 sumere,
1573 415 1592 434 a
1613 403 1728 446 paruis
1753 403 1793 434 ad
1814 403 1943 435 maiora
1966 414 2041 445 gra-

150 464 255 496 datim
282 461 441 507 progredi
470 466 629 503 oportere
658 458 824 491 didicerit.
870 458 1089 503 Quapropter
1115 469 1221 501 genus
1250 457 1318 489 illis
1347 456 1557 500 temporibus
1589 456 1809 488 rarissumum
1833 455 2041 487 arundinum

149 517 364 555 Indicarum,
386 525 497 556 neque
518 513 621 555 uolgo
643 511 685 543 ad
708 511 902 544 mirandum
927 512 1074 555 procliui
1095 511 1173 544 satis
1196 510 1386 553 cognitum,
1408 510 1570 541 conmuni
1593 510 1733 541 nomine
1758 521 1778 541 a
1799 509 1923 552 capite,
1948 507 2041 550 quasi

149 570 192 601 ab
215 570 361 612 origine,
392 579 456 610 per
478 565 712 610 cognationem
734 565 898 608 repetito,
922 572 1076 610 ‘gramen
1097 571 1129 597 et
1147 564 1371 609 gramineum
1392 563 1557 606 appellari
1581 562 1747 606 potuisse,
1779 573 1848 593 non
1873 567 1921 593 est
1941 560 2041 592 dubi-

149 622 300 654 tandum.
343 621 456 653 Multa
477 621 533 652 uir
555 619 779 651 doctissumus
804 631 848 651 ex
861 619 1115 663 Theophrasto,
1141 628 1207 660 qua
1225 616 1417 658 praestabat
1439 616 1616 656 memoria,
1641 615 1815 655 recitauit,
1839 614 1960 656 quibus
1983 624 2041 644 co-

147 674 341 717 gnationem
365 673 461 705 illam
482 673 645 716 probaret
667 673 815 704 Graecos
837 671 993 703 habuisse
1013 677 1234 716 perspectam,
1257 669 1364 701 ueluti
1386 670 1413 701 Ι.
1436 670 1528 702 Hist.
1550 670 1660 701 Plant.
1687 681 1737 702 10.
1755 675 1790 700 et
1806 668 1866 708 18„
1889 668 1953 700 IV.
1980 677 2042 706 12„

147 728 245 766 VIII,
269 727 300 759 5.
324 733 405 758 etc..
450 727 530 760 Alia
554 737 598 757 ex
615 724 817 758 Dioscoride
838 725 985 769 protulit
1005 724 1069 758 IV.
1092 724 1144 757 50.
1167 729 1199 755 et
1220 724 1272 757 51.
1296 729 1375 755 etc..
1418 722 1549 754 Plinius
1571 722 1689 755 itidem
1711 721 1916 761 occurrebat,
1940 731 2042 763 quem

147 779 383 822 perdidicerat.
428 781 691 812 GARA‘roxlus.

239 833 287 865 Ut
309 845 470 865 coronam
492 833 573 864 dent
596 831 745 864 ciuicam
765 836 800 863 et
821 842 858 863 se
878 830 921 863 ab
940 831 1060 875 aliquo
1089 836 1246 864 seruatos
1276 841 1348 862 esse
1367 827 1572 873 fateantur)
1616 829 1804 862 Lambinus
1833 828 1930 860 nullo
1958 837 2042 858 con-

146 885 305 918 firmante
329 886 436 925 libro,
463 891 515 917 set
536 884 669 927 egregie
691 889 732 916 ut
753 895 915 916 coronam
936 885 1019 917 dent
1040 885 1204 929 cuiquam
1225 883 1384 916 ciuicam.
1409 882 1670 914 GARATONIUS.
1716 882 1868 915 Orellius
1890 879 2041 922 suspica-

130 943 201 971 'tus
225 945 294 971 est:
318 945 359 972 ut
381 949 542 971 coronam
560 937 643 969 dent
664 937 738 969 cini
759 937 920 977 ciuicam,
942 949 1084 980 eamque
1105 937 1215 981 ipsam
1236 936 1439 980 scripturam
1460 946 1538 966 cum
1562 935 1614 967 his
1639 935 1733 968 Gelli
1754 935 1868 967 uerbis
1891 933 1950 977 (V,
1975 933 2040 973 6.):

148 992 262 1024 ciuica
286 1003 410 1024 corona
433 1002 538 1034 qnam
561 990 650 1022 ciuis
673 990 746 1022 ciui
765 1007 810 1013 —
831 990 894 1022 dat
926 990 1159 1023 confirmatam
1181 995 1349 1034 putasset,
1387 989 1460 1021 sine
1483 988 1694 1020 dubitatione
1716 988 1855 1030 recepit.
1899 986 2041 1019 Nollem

145 1044 282 1077 factum.
326 1046 418 1077 Nam
440 1044 488 1075 ita
509 1043 606 1085 loqui
629 1042 748 1074 Cicero
771 1054 837 1074 non
861 1044 992 1086 potuit,
1022 1043 1081 1086 qui
1103 1043 1150 1075 sic
1172 1049 1308 1086 pergat,
1345 1048 1380 1074 et
1401 1054 1437 1074 se
1459 1041 1510 1074 ab
1531 1042 1682 1086 aliquo
1705 1046 1862 1075 seruatos
1888 1051 1960 1072 esse
1972 1038 2041 1082 fa-

146 1103 299 1130 teantur.
342 1097 541 1130 Necessario
565 1095 674 1135 enim,
706 1094 734 1126 si
761 1095 833 1127 ciui
856 1096 1108 1138 praecessisset,
1140 1108 1211 1127 non
1233 1096 1275 1129 ab
1297 1096 1416 1140 aliquo
1441 1100 1492 1126 set
1513 1094 1556 1127 ab
1578 1107 1616 1127 eo
1639 1095 1676 1126 in
1697 1105 1868 1137 proxume
1893 1102 2041 1134 sequen-

144 1150 234 1181 tibus
256 1151 453 1192 ponendum
474 1149 552 1182 fuit.
595 1150 703 1181 Recte
724 1154 839 1180 autem
861 1149 908 1181 ita
930 1149 1026 1192 loqui
1049 1150 1169 1181 Cicero
1191 1149 1396 1188 recussauit,
1435 1148 1526 1191 quod
1550 1160 1676 1180 nomen
1699 1148 1772 1180 cini
1792 1147 1894 1190 plane
1918 1143 2038 1176 inutile

143 1202 412 1235 additamentum
447 1202 553 1244 foret,
594 1214 672 1234 cum
701 1214 863 1234 coronam
892 1203 1041 1236 ciuicam
1068 1214 1088 1234 a
1121 1201 1232 1234 milite
1259 1201 1414 1245 gregario
1439 1213 1506 1232 non
1539 1201 1597 1232 alii
1632 1212 1734 1243 quam
1756 1199 1824 1231 ciui
1842 1209 1941 1242 posse
1964 1195 2038 1227 dari

144 1267 208 1298 per
229 1268 265 1288 se
287 1257 516 1299 intellegatur.
559 1257 680 1298 Longe
701 1254 767 1286 alia
788 1255 909 1287 ratiost
937 1256 1004 1287 loci
1026 1267 1070 1287 ex
1094 1255 1208 1287 Gellio
1238 1254 1358 1299 petiti,
1389 1253 1448 1296 qui
1469 1254 1616 1296 scriptor
1639 1265 1732 1293 cum,
1765 1264 1850 1296 quae
1873 1257 1959 1284 esset
1981 1262 2041 1282 co-

142 1321 228 1341 rona
249 1310 371 1350 ciuica,
412 1309 556 1341 definire
575 1310 702 1349 uellet,
737 1320 808 1340 non
838 1309 953 1352 potuit
980 1309 1054 1340 aliis
1085 1319 1188 1350 quam
1214 1319 1299 1350 quae
1319 1307 1436 1350 posuit
1458 1307 1571 1339 uerbis
1594 1307 1656 1339 uti.
1700 1307 1812 1339 BIiror
1835 1315 2041 1349 quemquam

141 1363 179 1394 in
203 1363 338 1406 uolgata
359 1363 529 1406 scriptura
559 1362 688 1394 offendi
709 1361 878 1405 potuisse,
919 1374 1004 1404 quae
1028 1367 1078 1393 est
1100 1361 1255 1393 omnium
1277 1360 1520 1403 integerruma.
1565 1361 1818 1404 Saepenumero
1842 1359 1933 1390 enim
1958 1369 2040 1388 uer-

142 1416 225 1448 bum
246 1417 331 1450 dare
353 1428 431 1448 cum
453 1416 526 1448 solo
550 1415 756 1447 accussatiuo
780 1415 850 1454 rei,
881 1426 967 1457 quae
990 1415 1106 1456 datur,
1129 1413 1364 1456 coniungitur,
1388 1425 1466 1445 cum
1488 1426 1615 1445 nomen
1638 1414 1723 1453 eius,
1748 1413 1802 1444 cui
1823 1410 1952 1454 aliquid
1977 1409 2039 1441 da-

142 1475 218 1508 tur,
249 1476 308 1501 aut
329 1469 497 1502 eiusmodi
522 1475 588 1508 est,
622 1475 661 1501 ut
681 1474 804 1511 sponte
826 1468 1062 1511 intellegatur,
1098 1474 1138 1499 ut
1158 1473 1276 1499 nostro
1298 1467 1392 1507 loco,
1432 1473 1490 1498 aut
1514 1467 1555 1498 de
1575 1467 1744 1499 industria
1764 1465 1937 1498 reticetur.
1981 1463 2037 1495 Ex

140 1522 258 1554 multis
282 1523 365 1555 locis
387 1535 496 1555 unum
517 1523 675 1566 adpono,
715 1521 773 1564 qui
803 1528 897 1553 extat
919 1522 956 1553 in
980 1523 1050 1554 Cic.
1073 1520 1163 1553 Phil.
1187 1521 1237 1561 H,
1268 1521 1306 1561 6,
1340 1521 1389 1552 15.
1420 1521 1539 1554 Hodie
1561 1534 1629 1554 non
1651 1520 1827 1554 descendit
1849 1517 2037 1552 Antonius.

142 1576 228 1607 cur?
268 1576 331 1608 (lat
355 1577 526 1609 natalicia
544 1577 581 1608 in
606 1575 728 1608 hortis.
774 1576 858 1608 cui?
899 1577 1070 1609 neminem
1101 1573 1294 1608 nominabo.
1323 1579 1451 1618 putate
1474 1580 1549 1607 tum
1568 1574 1776 1608 Phormioni
1798 1572 1925 1610 alicui,
1961 1575 2037 1602 tam

142 1627 320 1667 Gnatoni,
358 1635 433 1662 tam
455 1629 626 1662 Ballioni.
669 1629 798 1660 Nostro
829 1629 904 1661 loco
935 1628 1150 1673 pronominis
1179 1627 1291 1660 alicui
1319 1626 1456 1659 omissio
1487 1639 1526 1660 eo
1555 1628 1670 1660 minus
1697 1626 1799 1659 habet
1828 1621 2035 1662 offensionis,

141 1693 208 1723 quo
231 1682 355 1713 arctius
382 1682 488 1714 uerba
510 1688 551 1714 nt
572 1693 733 1714 coronam
755 1683 837 1715 dent
859 1684 1008 1716 ciuicam
1029 1694 1107 1713 cum
1128 1679 1347 1724 sequentibus
1378 1686 1412 1712 et
1434 1693 1471 1714 se
1491 1681 1533 1714 ab
1561 1682 1681 1726 aliquo
1703 1684 1860 1712 seruatos
1883 1688 1954 1709 esse
1968 1674 2036 1719 fa·-

138 1740 297 1774 teantnr,
319 1736 354 1767 in
380 1735 501 1777 quibus
524 1735 638 1777 ipsum
659 1735 739 1765 illut
759 1746 951 1778 pronomen
973 1735 1141 1779 positum,
1165 1733 1344 1765 coniuncta
1365 1739 1455 1765 sunt.

226 1789 285 1820 Ex
307 1789 458 1821 lios-tium
479 1786 652 1827 manibus)
698 1786 990 1830 Praepositionem
1012 1788 1107 1821 addit
1129 1788 1213 1819 Bau.
1239 1787 1287 1828 [et
1307 1785 1419 1828 Erf.],
1445 1791 1484 1817 ut
1504 1798 1607 1830 supra
1633 1799 1660 1819 c.
1687 1798 1736 1819 ιο.
1768 1797 1809 1817 ex
1831 1782 1939 1826 inpiis
1961 1793 2036 1813 mct-

141 1841 243 1874 nibus
267 1842 490 1885 eripuerunt,
524 1847 557 1872 et
578 1840 674 1871 addit
697 1840 903 1883 plerumque
926 1842 1057 1874 Cicero.
1098 1841 1359 1873 GARATONILS.
1404 1840 1552 1882 Recepi,
1587 1849 1794 1882 quamquam
1817 1836 1891 1868 aliis
1914 1834 1955 1866 ab
1979 1834 2035 1864 in-

139 1899 290 1936 terprete
315 1894 429 1926 addita
453 1893 563 1925 uideri
584 1899 715 1937 potest,
759 1894 921 1935 quoniam
949 1894 1015 1927 hoc
1044 1894 1181 1938 quidem
1202 1893 1277 1925 loco
1300 1892 1525 1935 praecedente
1547 1894 1621 1926 acie
1643 1892 1777 1926 librarii
1799 1900 1916 1922 errore
1939 1886 2034 1920 exci-

140 1945 221 1977 dere
243 1945 415 1979 facillume
437 1947 560 1991 potuit.
605 1946 677 1978 Cfr.
700 1946 832 1989 Proleg.
855 1948 897 1979 L.
918 1948 961 1979 Π.
986 1949 1026 1981 C.
1048 1950 1076 1981 I.
1101 1948 1131 1990 §-
1156 1946 1186 1978 8.
1210 1958 1245 1989 p.
1268 1946 1400 1978 XLII..

227 2001 258 2042 ς.
283 2000 332 2040 75.
379 2001 428 2033 Te
450 2001 538 2033 mila·
559 2000 734 2032 remittere
762 2005 866 2043 atque
888 2003 1080 2043 concedere)
1123 2000 1205 2032 Sine
1233 1998 1334 2030 dubio
1358 1998 1552 2031 Laterensis
1582 1998 1690 2031 fretus
1713 1997 1878 2041 dignitate
1899 2007 1959 2028 sua
1981 2000 2034 2026 at-

139 2064 205 2095 que
225 2052 402 2085 nobilitate
423 2053 556 2096 generis
578 2059 790 2096 sperauerat,
823 2052 914 2093 fore,
940 2060 980 2086 ut
1000 2051 1269 2098 conpetitoribus
1292 2050 1379 2090 suis,
1407 2051 1488 2083 licet
1509 2063 1529 2083 a
1551 2052 1681 2095 magnis
1711 2051 1795 2082 uiris
1825 2047 2033 2082 conmenda-

140 2111 272 2144 rentur,
296 2112 407 2138 tamen
428 2112 702 2150 anteponeretur.

231 2158 280 2191 Ut
309 2172 406 2192 omne
438 2161 596 2193 stadium
621 2172 735 2192 meum
766 2159 804 2191 in
833 2159 894 2192 Cn.
918 2160 1049 2194 Planci
1084 2159 1211 2191 honore
1242 2156 1487 2199 consumerem)
1530 2157 1649 2189 Edidit
1676 2156 1865 2190 Lambinus
1893 2156 2033 2192 honore,

139 2211 228 2254 quod
249 2223 269 2243 a
293 2213 368 2245 cod.
391 2214 492 2246 Barb.
516 2213 646 2245 firmari
666 2223 811 2252 moneo,
846 2212 930 2244 item
951 2225 971 2244 a
990 2224 1085 2251 meo,
1122 2218 1155 2243 et
1176 2212 1293 2255 priore
1315 2212 1421 2249 Uen.,
1453 2210 1613 2253 quodque
1635 2210 1719 2242 adeo
1743 2208 1851 2240 ferme
1872 2207 2031 2250 praefero

139 2264 274 2297 aurium
297 2276 425 2303 caussa,
463 2265 618 2309 quamuis
648 2265 685 2297 in
711 2266 785 2309 ipsa
806 2265 982 2298 locutione
1009 2265 1099 2297 nihil
1120 2265 1264 2296 intersit.
1308 2264 1421 2296 Etiam
1443 2263 1484 2295 11.
1506 2263 1593 2306 Agr.
1616 2276 1668 2298 22.
1691 2263 1760 2296 Msi
1781 2260 1910 2302 aliquot
1932 2259 2033 2291 exhi-

139 2317 238 2358 bent,
260 2332 369 2364 neque
392 2320 429 2352 in
453 2325 711 2352 monumentum
733 2324 992 2363 consumptum,
1013 2318 1151 2350 auribus
1172 2317 1293 2349 itidem
1314 2316 1593 2359 repugnantibus;
1625 2323 1676 2348 set
1697 2316 1813 2360 plures
1835 2319 1936 2356 atque
1968 2324 2033 2356 po—

140 2369 241 2401 tiores
260 2371 308 2403 ibi
330 2372 412 2404 dant
434 2378 664 2411 monumento,
687 2372 974 2414 quemadmodum
997 2383 1131 2404 summo
1154 2381 1319 2402 consensu
1342 2369 1512 2401 librorum
1535 2370 1643 2401 editur
1665 2369 1804 2410 insuper
1825 2367 1852 2398 I.
1877 2368 1963 2409 Agr.
1989 2366 2021 2397 4.

139 2422 269 2454 Similis
291 2430 342 2456 est
361 2426 455 2458 locus
477 2437 541 2470 pro
566 2425 684 2458 Sextio
710 2436 739 2456 c.
766 2425 815 2459 15.
841 2437 942 2470 quom
965 2437 1098 2459 omnem
1120 2424 1193 2457 uim
1215 2423 1272 2455 sni
1294 2422 1494 2456 tribunatus
1517 2424 1555 2456 in
1578 2435 1655 2456 mea
1677 2422 1792 2454 salute
1813 2430 2032 2463 consumpse-

1542 2482 1581 2509 36
1598 2478 1610 2491 *
