2185 2720
858 614 885 666 Ι
956 613 1004 667 Ν
1073 614 1125 667 Ι)
1195 614 1239 667 Ε
1310 614 1362 667 Χ

567 740 890 783 RERUM
947 741 1053 782 ET
1112 740 1643 784 UERBonnm.

175 919 231 964 A.
251 932 388 971 (Aulus)
406 930 585 960 restitutum
605 939 645 958 ex
665 940 708 958 an
726 913 882 969 particula
904 929 965 959 150.

175 987 306 1015 Abicere
325 985 458 1013 salutem
473 991 532 1019 pro
559 982 665 1019 aliquo
684 991 749 1011 200.

177 1033 395 1063 Ablatiuorum
416 1029 657 1068 consequentiae
675 1041 748 1059 usus
768 1031 862 1059 latior
882 1041 971 1069 quam
986 1031 1078 1070 uolgo

251 1079 396 1110 statuitur
417 1088 452 1116 79
470 1088 513 1116 sq.
534 1077 688 1116 quomodo
709 1078 773 1107 sint
793 1078 938 1108 soluendi
957 1080 1003 1108 80.

177 1130 354 1158 Accussare
376 1137 440 1155 rem
460 1126 506 1162 67.

176 1176 294 1205 Acerhe
309 1185 481 1214 personare
500 1183 565 1210 217.

176 1223 332 1252 Acerbum
351 1223 504 1251 iudicium
527 1223 588 1251 131.
616 1221 762 1250 acerbum
781 1221 882 1250 iudici
896 1219 1078 1260 genus-⁸121.

175 1272 232 1300 Ad
250 1277 281 1301 et
307 1271 343 1299 ob
371 1268 619 1309 praepositiones
652 1269 798 1298 confusae
825 1269 858 1298 in
878 1270 982 1299 uerbis
1003 1280 1080 1299 con—

249 1309 360 1358 positis
390 1318 451 1354 175.
487 1318 543 1345 Ad
568 1317 773 1357 praecedente
797 1318 944 1347 audierat
963 1318 1081 1348 excidit

249 1366 360 1396 librari
379 1375 486 1394 errore
505 1365 569 1394 243.

175 1414 232 1443 Ad
256 1420 287 1444 et
313 1421 348 1443 at
376 1413 548 1452 particulae
575 1412 736 1442 Ciceronis
756 1417 856 1442 aetate
875 1423 939 1442 non
959 1412 1079 1442 discer-

249 1462 404 1490 nebantur
423 1461 579 1500 scriptura
597 1463 661 1491 218.

176 1509 298 1538 Aderat
317 1514 470 1538 mutatum
490 1509 524 1537 in
543 1510 589 1538 At
607 1514 676 1537 erat
694 1518 749 1545 217
768 1519 814 1547 sq.

175 1557 293 1586 Adesse
311 1569 332 1586 a
352 1558 534 1595 municipiis
557 1562 588 1586 et
609 1568 624 1586 e
636 1559 818 1595 municipiis
838 1555 992 1595 quomodo
1012 1556 1076 1585 dif-

251 1605 355 1634 ferant
373 1615 420 1644 91·

176 1653 424 1691 Admonefacere
442 1662 507 1683 210.

175 1701 382 1738 Adsiduum,
401 1701 614 1730 aduocationis
635 1702 808 1731 constantia
830 1710 891 1730 100.

175 1748 382 1787 Adstringere
420 1751 603 1778 seruitutem
636 1751 718 1788 offici
751 1750 925 1778 testimonio
964 1750 1077 1788 sempi-

249 1801 336 1824 terno
358 1800 420 1836 189.

176 1843 363 1880 Adsumere,
399 1845 526 1884 insuper
552 1844 708 1883 suscipere
728 1844 774 1874 62.
806 1844 908 1874 facere
936 1844 1019 1883 quod
1037 1844 1075 1874 ab

252 1892 314 1920 alio
334 1892 439 1931 potius
459 1892 529 1921 fieri
551 1892 642 1921 debet
667 1892 727 1922 154.

174 1939 363 1969 Adtrectare
385 1941 446 1969 103.

174 1987 276 2016 Aedes
294 1989 433 2016 Honoris
453 1993 482 2017 et
507 1989 644 2017 Uirtutis
670 1988 796 2018 uidetur
817 1987 932 2027 duplex
959 1987 1074 2017 distin-

249 2035 369 2073 guenda
396 2045 463 2064 esse
497 2036 576 2066 XCI
602 2047 667 2075 sqq.
702 2035 771 2075 quis
798 2045 848 2064 eas
885 2036 1074 2067 dedicauerit

250 2081 345 2111 XCII
370 2093 413 2122 sq.

175 2127 302 2157 Aediles
321 2139 399 2167 quae
419 2130 586 2161 habuerint
604 2131 741 2161 muneris
768 2131 901 2170 insignia
922 2133 983 2161 153.
1009 2143 1073 2163 non

248 2176 402 2207 habebant
422 2179 470 2208 ius
491 2190 560 2208 cum
580 2180 696 2219 populo
718 2180 825 2218 agendi
845 2179 1072 2211 LXXXVIII.

249 2235 321 2263 ergo
341 2236 441 2264 neque
461 2228 509 2256 ius
531 2227 657 2256 comitia
683 2227 818 2256 habendi
846 2228 920 2257 ibid.
948 2229 1071 2258 curules

247 2279 279 2302 ct
305 2273 422 2312 plebeii
442 2284 505 2303 uno
531 2275 581 2304 die
601 2276 785 2305 creabantur
804 2275 989 2305 LXXXIII
1007 2287 1071 2316 sqq.

173 2321 331 2350 Aedilitas
351 2332 480 2352 numero
498 2323 614 2362 plurali
635 2324 688 2352 144
702 2334 746 2362 sq.

176 2367 285 2397 Aelius
305 2369 414 2398 Lamia
432 2379 496 2409 219.

174 2416 284 2454 Agere.
319 2417 434 2456 Agitur
453 2418 605 2455 studium,
626 2418 833 2454 existumatio,
855 2419 930 2455 laus,
950 2418 1072 2448 diuerso

248 2473 340 2494 sensu
346 2474 410 2495 200.
419 2465 618 2495 Elocutionis
628 2468 711 2506 quod
715 2469 825 2506 agitur
833 2467 1018 2506 significatio
1028 2470 1072 2497 82.

1138 934 1204 962 Ain
1224 934 1349 962 tandem
1370 933 1444 972 quid
1465 933 1618 972 significet
1640 936 1699 965 142.

1137 980 1253 1017 Alfius,
1282 991 1394 1009 nomen
1416 982 1587 1020 Campanae
1605 984 1781 1012 nobilitatis
1802 984 1943 1014 LXXII.

1137 1028 1254 1063 Alfius,
1276 1029 1309 1057 C.
1328 1029 1451 1064 Flauus,
1473 1029 1522 1058 uir
1543 1041 1676 1060 summae
1696 1031 1862 1071 probitatis
1882 1037 1913 1062 et
1933 1033 2036 1071 digni-

1211 1076 1292 1112 tatis,
1310 1076 1342 1104 in
1356 1077 1455 1115 prima
1473 1083 1634 1115 praeturae
1648 1080 1802 1118 petitione
1816 1081 1970 1119 repulsam
1984 1087 2036 1111 tu—

1209 1124 1249 1153 lit
1263 1124 1388 1153 LXXI.
1408 1125 1521 1154 iterum
1536 1133 1645 1164 petens
1667 1138 1732 1156 eam
1752 1128 1881 1167 adeptus
1896 1134 1943 1157 est
1962 1130 2035 1159 ibid.

1211 1173 1272 1201 fuit
1293 1173 1449 1211 quaesitor
1469 1174 1565 1202 iudici
1587 1176 1745 1205 Planciani
1765 1176 1863 1206 LXX
1885 1187 1950 1216 sqq.
1975 1178 2035 1206 134.

1210 1220 1261 1248 De
1281 1221 1436 1260 scriptura
1455 1221 1485 1250 11.
1506 1223 1640 1252 nominis
1661 1225 1760 1253 LXX
1777 1235 1839 1263 sqq.
1859 1225 1923 1254 245.

1135 1269 1273 1308 Aliquid
1290 1274 1320 1298 et
1340 1271 1418 1308 qnid
1435 1270 1583 1308 singulari
1603 1283 1660 1301 usu
1684 1273 1744 1302 183.

1136 1318 1233 1346 Altus
1251 1317 1451 1357 participium
1479 1319 1516 1348 L.
1538 1321 1622 1348 allas
1642 1325 1674 1348 et
1693 1321 1789 1348 alitus
1808 1329 1872 1349 201.

1136 1365 1277 1394 Ambitus
1312 1367 1428 1396 crimen
1461 1368 1619 1397 LXXIV.
1655 1367 1808 1406 quomodo
1836 1378 1852 1396 a
1879 1368 2034 1397 sodaliciis

1212 1413 1395 1452 discreparit
1423 1415 1497 1444 ibid.
1527 1425 1604 1454 quae
1634 1426 1734 1454 poena
1760 1416 1793 1444 111
1813 1415 2033 1445 sodaliciorum

1210 1471 1298 1491 reum
1317 1462 1414 1491 fucrit
1431 1463 1601 1493 constituta
1620 1463 1766 1494 LXXX.
1786 1463 1832 1492 66.
1851 1465 1916 1493 205.
1937 1464 1974 1493 de
1988 1465 2035 1493 le-

1211 1509 1299 1546 gibus
1326 1512 1457 1540 ambitus
1479 1513 1542 1540 204.

1133 1556 1265 1596 Ampius
1285 1558 1414 1594 Balbus,
1445 1559 1499 1595 T.‚
1519 1559 1668 1598 Pompeio
1690 1559 1969 1588 coniunctissumus
1989 1561 2035 1598 95.

1209 1605 1246 1633 de
1274 1616 1334 1643 quo
1356 1607 1453 1644 legem
1476 1606 1548 1634 tulit
1575 1607 1648 1635 ibid.
1677 1607 1751 1636 item
1773 1607 1934 1636 Ciceronis
1957 1608 2035 1637 ami—

1209 1663 1261 1681 cus
1275 1653 1319 1691 96.
1339 1653 1413 1682 tulit
1433 1654 1598 1683 aedilitatis
1618 1655 1775 1694 repulsam
1794 1655 1868 1684 ibid.
1889 1656 1949 1685 alia
1969 1657 2035 1685 cius

1208 1702 1271 1731 fata
1300 1702 1344 1740 95.

1135 1750 1190 1778 An
1211 1754 1242 1778 et
1261 1749 1315 1777 An
1336 1760 1408 1777 uero
1429 1748 1577 1786 singulari
1598 1760 1657 1778 usu
1679 1749 1741 1779 126.

1134 1799 1185 1828 Αη
1206 1798 1333 1827 tandem
1354 1802 1385 1825 ct
1405 1799 1471 1825 Ain
1490 1797 1616 1826 tandem.
1634 1801 1808 1836 permutata
1829 1797 1891 1826 142.
1935 1826 1939 1829 ,

1133 1846 1279 1877 Aniensis
1297 1845 1398 1874 tribus
1427 1845 1479 1883 149
1499 1855 1542 1883 sq.
1570 1844 1603 1873 in
1625 1856 1659 1874 ea
1677 1847 1716 1875 A.
1736 1845 1859 1875 Plotius
1886 1846 2032 1874 censcba-

1208 1900 1259 1923 tur
1283 1895 1343 1923 150.

1132 1942 1322 1983 Apollonius
1341 1941 1440 1977 Molo,
1462 1941 1622 1970 Ciceronis
1641 1941 1787 1979 magister
1803 1941 1868 1971 206.

1131 1989 1368 2030 Appellatiuom
1387 2000 1501 2018 nomen
1528 1989 1732 2028 praeponitur
1751 1988 1871 2017 nomini
1892 1989 2032 2028 proprio,

1206 2037 1232 2066 si
1248 2047 1359 2065 nomen
1374 2038 1537 2077 proprium
1553 2037 1732 2077 explicandi
1745 2036 1928 2076 appellatiui
1944 2047 2032 2066 caus-

1206 2096 1239 2113 sa
1264 2085 1396 2114 adicitur
1420 2087 1479 2123 157.

1129 2133 1253 2173 Appius
1276 2133 1423 2162 Claudius
1444 2133 1478 2160 111
1498 2132 1656 2161 aedilitate
1674 2132 1831 2171 repulsam
1863 2132 1939 2161 tulit
1968 2133 2027 2161 144.

1205 2186 1314 2221 postea
1333 2181 1432 2210 factus
1454 2180 1564 2208 aedilis
1585 2186 1617 2209 et
1635 2181 1745 2209 consul
1764 2180 1840 2209 ibid.

1128 2229 1219 2268 Aput
1244 2228 1435 2268 praepositio
1462 2228 1497 2257 in
1524 2228 1739 2258 enuntiatione
1767 2228 1955 2258 disiunctiua
1981 2229 2028 2258 bis

1204 2278 1307 2317 posita
1329 2277 1388 2305 132.

1129 2325 1236 2354 Ardor
1256 2325 1293 2354 de
1312 2324 1458 2353 incendio
1477 2324 1542 2354 235.

1130 2372 1232 2400 Arma
1252 2384 1361 2411 capere
1376 2376 1407 2400 et
1423 2382 1543 2400 sumere
1563 2370 1717 2410 quomodo
1738 2370 1880 2402 differant
1893 2373 1949 2403 223
1963 2382 2028 2411 sqq.

1130 2420 1298 2457 Arripew,
1320 2424 1472 2448 temere
1492 2419 1525 2447 in
1546 2419 1593 2447 ius
1612 2429 1725 2448 uocare
1748 2420 1808 2451 151.

1131 2470 1281 2496 Ascensus
1301 2469 1336 2496 in
1355 2470 1473 2496 uirtute
1493 2469 1586 2496 multi
1606 2466 1656 2495 161
1679 2476 1722 2505 sq.
