2185 2720
115 158 168 186 136
775 151 1353 184 COMMENTARIUS.

109 228 301 273 pucliarent
323 238 341 259 a
365 226 529 259 Cicerone
549 225 716 271 scriptum
737 239 824 271 nego
837 253 846 269 ‚
869 228 953 260 haec
971 234 1030 269 est,
1055 228 1146 271 quod
1168 228 1351 270 aequalitas
1373 228 1625 269 membrorum,
1655 242 1757 272 quam
1778 231 1929 264 studiose
1950 243 2006 264 se-

113 288 239 313 etatum
264 281 463 313 Ciceronem
487 292 558 313 esse
579 293 695 313 omnes
718 282 837 321 sciunt,
861 282 976 314 addito
993 282 1098 314 uerbo
1120 282 1181 314 illo
1203 293 1344 325 prorsus
1368 282 1545 323 euertitur,
1574 289 1692 314 contra
1714 284 1837 316 omisso
1860 284 2007 317 uerbum

111 334 218 366 uerbo
243 335 376 377 egregie
399 334 593 376 respondet.
638 335 729 366 Nam
752 341 1004 379 sequestremne
1028 335 1215 378 opponitur
1233 348 1280 367 an
1299 336 1515 379 gratiosum,
1541 335 1655 367 uerbis
1679 343 1878 380 respuerent
1900 350 2004 370 aures

115 388 221 419 uerba
252 388 309 419 illi
338 387 494 419 lubenter
525 388 711 427 audirent,
746 388 862 419 uerbis
891 400 988 420 nemo
1025 389 1251 431 adgnosceret
1281 388 1385 420 uerba
1414 401 1476 422 nos
1503 402 1571 422 non
1599 389 1720 421 timide
1750 388 2004 432 confiteremur.

110 441 210 472 Hanc
239 440 401 471 orationis
429 439 692 471 concinnitatem
721 452 806 472 num
835 441 1029 473 credibilest
1050 441 1250 473 Ciceronem
1274 442 1455 483 euertisse,
1489 448 1527 474 ut
1547 441 1693 473 uerbum
1721 441 1880 482 adderet,
1913 442 2005 485 quod

111 492 204 524 omui
230 504 273 523 ex
296 498 393 534 parte
413 493 589 524 inutilest?

196 545 355 588 Legibus
378 545 478 584 istis,
501 558 587 589 quas
610 552 749 578 senatus
773 547 815 579 de
836 547 969 580 ambitu
992 546 1125 579 sanciri
1150 548 1316 589 uoluerit)
1363 549 1451 580 Cum
1472 548 1645 591 legeretur
1668 546 1705 578 in
1727 545 1825 577 codd.
1852 551 1886 578 et
1908 545 2004 578 editt.

112 598 270 630 omnibus
294 598 447 636 sancire,
470 598 606 630 monuit
627 599 819 631 Manutius:
852 601 979 642 „Lego
1003 601 1154 633 sanciri:
1183 611 1253 632 non
1273 601 1365 633 euim
1387 601 1624 632 sanciebantur
1645 600 1735 641 leges
1757 610 1777 630 a
1797 605 1932 640 senatu,
1954 604 2006 631 set

110 663 130 683 a
151 651 292 694 populo.
302 653 322 668 ‘⁶
367 651 429 681 Est
453 650 544 692 quod
566 650 751 691 miremur,
783 652 957 684 neminem
981 653 1151 684 editorum
1173 652 1427 695 insequentium
1450 654 1536 686 hanc
1558 652 1764 684 facillumum
1788 659 1822 684 et
1843 663 2005 684 maxume

110 703 333 736 necessariam
354 702 489 734 Manuti
512 703 785 735 emendationem
807 705 985 748 recepisse.
1029 706 1152 747 Neque
1176 706 1314 746 Cicero,
1351 707 1453 738 etiam
1479 707 1507 738 si
1529 707 1683 744 sancire,
1719 704 1755 736 id
1779 705 1871 746 quod
1901 716 2006 737 num-

113 768 214 798 quam
238 755 415 794 dictumst,
445 761 580 788 senatus
604 756 671 788 dici
694 763 825 800 posset,
857 758 916 801 qui
937 759 1028 801 leges
1049 757 1206 791 ferendas
1230 759 1397 802 decernit,
1431 760 1568 793 sancire
1589 759 1741 792 uoluerit
1765 757 1922 798 dixisset,
1954 763 2007 790 set

112 820 299 840 necessario
325 809 491 841 sanxerit.

199 862 230 903 §.
254 861 306 893 45.
341 860 517 903 Conficere
539 862 742 894 necessariis
767 863 841 895 suis
864 876 964 896 suam
988 864 1130 908 tribum)
1176 866 1368 898 conciliare
1390 877 1485 899 suam
1507 865 1637 897 tribum
1659 863 1727 895 suis
1750 863 1866 895 amicis
1889 870 1923 895 et
1944 875 2004 896 co-

113 915 241 957 gnatis,
267 920 306 945 ut
328 920 410 956 aput
432 914 572 947 Terent.
597 911 764 959 conficere
785 917 896 948 alicui
918 918 1112 961 uirginem,
1135 920 1296 963 nuptias,
1318 925 1516 964 argentum.
1546 919 1755 950 GRAEUIL‘S.
1797 916 1890 948 Male
1911 916 2005 948 idem

112 968 204 1006 suis,
229 965 318 1008 quod
343 967 494 1009 asperius
519 967 561 998 ad
585 967 675 999 auris
695 967 847 1009 caderet,
874 969 1024 1002 deletum
1047 971 1169 1002 uoluit.

195 1020 309 1052 Plena
338 1021 443 1052 etiam
472 1020 712 1064 antiquitatis)
765 1020 870 1052 Plena
896 1033 1035 1054 morum
1064 1024 1302 1066 antiquorum,
1342 1037 1426 1068 quos
1455 1023 1600 1056 maiores
1628 1021 1737 1053 nostri
1767 1021 2003 1054 obseruarunt.

112 1072 200 1103 Plin.
225 1072 283 1103 lib.
308 1073 350 1104 ΙΙ.
382 1084 434 1115 ep.
460 1084 507 1105 2.:
550 1073 630 1105 Iam
657 1074 719 1105 hoc
741 1074 856 1117 ipsum
880 1075 1069 1118 pulchrum
1091 1082 1124 1108 et
1152 1078 1348 1122 antiquom,
1387 1084 1545 1111 senatum
1576 1080 1673 1108 nocte
1703 1075 1847 1108 dimitti.
1890 1075 1937 1106 Et
1965 1074 2003 1107 in.

112 1126 235 1167 Paueg.
260 1126 328 1167 76.:
362 1126 440 1158 Iam
463 1138 568 1169 quam
590 1126 787 1169 antiquom,
816 1139 921 1170 quam
943 1129 1141 1170 consulare,
1177 1131 1269 1175 quod
1289 1132 1448 1165 triduum
1470 1136 1580 1164 totum
1601 1134 1741 1161 senatus
1764 1127 1824 1160 sub
1847 1127 1999 1172 exemplo

113 1179 168 1211 tui
193 1179 293 1210 sedit.
339 1178 548 1209 GRAEL·1FS.

195 1231 269 1262 Isto
298 1231 334 1262 in
359 1230 498 1274 genere)
544 1231 584 1262 In
614 1230 833 1273 isto-genere
861 1231 1058 1275 hominum,
1092 1235 1151 1277 qui
1178 1241 1261 1279 aput
1288 1236 1425 1269 tribulis
1447 1248 1525 1269 suos
1547 1233 1687 1278 gratiosi
1708 1244 1780 1265 esse
1801 1231 2000 1264 uoluerunt.

114 1282 185 1315 Cfr.
210 1286 240 1324 §.
260 1283 313 1314 44.
338 1289 446 1314 extr..

197 1336 248 1368 Et
275 1336 375 1368 bodie
407 1348 477 1368 esse
505 1336 663 1369 uidemus
692 1350 795 1381 quam
818 1337 1003 1381 plurumos
1029 1340 1218 1383 gratiosos)
1263 1341 1497 1374 Uehementer
1523 1341 1649 1378 miror,
1686 1337 1778 1380 quod
1806 1336 1859 1369 his
1882 1334 1996 1375 uerbis

112 1400 213 1420 nemo
233 1389 403 1420 editorum
418 1388 564 1420 offensus
579 1396 638 1421 cst.
667 1390 850 1431 Quomodo
865 1392 957 1422 enim
973 1399 1063 1424 recte
1080 1394 1210 1425 locutus
1224 1394 1342 1426 Cicero
1358 1394 1557 1426 existumari
1572 1397 1694 1436 potest,
1719 1390 1849 1421 dicens:
1871 1389 1945 1422 Isto
1958 1388 1997 1421 in

110 1454 238 1486 genere
260 1448 293 1475 et
305 1441 447 1485 fuimus
471 1442 557 1485 ipsi,
585 1455 662 1475 cum
683 1443 882 1475 ambitionis
904 1451 1042 1478 nostrae
1065 1452 1218 1490 tempora
1238 1448 1482 1491 postulabant,
1508 1453 1541 1479 et
1563 1446 1784 1478 clarissumos
1807 1443 1902 1474 uiros
1925 1452 1997 1473 esse

112 1496 284 1534 uidimus,
307 1500 339 1528 et
361 1495 461 1526 hodie
484 1507 554 1527 esse
576 1496 735 1528 uidemus
757 1508 861 1539 quam
876 1497 1061 1540 plurumos
1081 1500 1267 1543 gratiosos.
1310 1502 1422 1533 Nemo
1446 1512 1516 1532 non
1538 1497 1715 1540 intellegit,
1738 1495 1843 1527 uerba
1863 1494 1938 1526 Isto
1960 1493 1998 1525 in

109 1560 236 1591 genere
257 1548 304 1579 ita
327 1559 396 1578 esse
420 1547 607 1587 conlocata,
648 1554 686 1579 ut
709 1560 778 1580 non
800 1555 931 1581 tautum
956 1551 998 1581 ad
1020 1552 1171 1594 primum
1194 1552 1338 1584 uerbum
1352 1554 1513 1597 fuimus,
1548 1558 1599 1584 set
1621 1551 1723 1582 etiam
1744 1546 1931 1580 necessario
1953 1544 1997 1577 ad

111 1600 287 1641 sequentia
315 1612 386 1631 esse
407 1600 561 1632 uidimus
585 1607 617 1633 et
639 1602 740 1634 liodie
762 1614 832 1633 esse
859 1603 1018 1635 uidemus
1046 1603 1224 1636 referenda
1248 1605 1327 1637 sint.
1371 1607 1444 1637 Iam
1466 1606 1538 1648 ipsa
1560 1605 1620 1636 illa
1641 1603 1748 1635 uerba
1773 1601 1848 1633 Isto
1871 1600 1908 1632 in
1931 1611 1997 1642 ge-

111 1664 192 1684 nere
213 1658 402 1695 apertumst
427 1663 495 1682 non
518 1653 584 1683 alio
609 1664 706 1695 posse
730 1665 831 1686 sensu
854 1654 942 1686 dicta
964 1667 1053 1696 esse,
1090 1669 1206 1699 quam,
1238 1659 1305 1690 isto
1328 1660 1365 1692 in
1385 1671 1512 1702 genere
1534 1657 1728 1693 hominu-m,
1762 1654 1823 1697 qui
1841 1651 1996 1696 gratiosi

110 1710 198 1747 aput
221 1705 361 1736 tribulis
384 1717 463 1736 suos
486 1717 556 1737 esse
579 1707 775 1739 uoluerunt.
819 1707 914 1738 Haec
935 1714 1048 1740 autem
1070 1709 1099 1741 si
1121 1710 1368 1753 subintellegis,
1405 1711 1441 1742 id
1465 1710 1555 1753 quod
1579 1709 1654 1741 fieri
1677 1711 1830 1750 oportet,
1864 1704 1909 1736 ad
1932 1715 1997 1736 ex-

110 1762 260 1788 tremum
283 1757 494 1796 membrum,
530 1763 562 1789 et
584 1759 684 1791 hodie
707 1771 777 1791 esse
800 1761 957 1792 uidemus
988 1774 1092 1805 quam
1110 1763 1295 1806 plurumos
1314 1765 1506 1807 gratiosos,
1539 1761 1761 1805 ineptissume
1782 1763 1876 1800 patet
1897 1756 1997 1788 addi·-

110 1816 186 1841 tum
207 1809 411 1842 adiectiuom
431 1811 606 1852 gratiosos
630 1822 710 1842 esse.
755 1812 878 1854 Neque
900 1824 984 1844 uero
1007 1820 1065 1845 aut
1086 1815 1232 1848 latinitas
1255 1823 1314 1848 aut
1335 1816 1402 1848 loci
1424 1816 1589 1848 sententia
1619 1810 1787 1848 admittit,
1822 1815 1862 1841 Ut
1890 1808 1996 1841 uerba

111 1864 179 1895 isto
208 1864 243 1894 in
265 1875 391 1906 genere
422 1874 498 1893 cum
529 1862 696 1894 adiectiuo
724 1866 902 1907 gratiosos
931 1872 1022 1897 arcte
1046 1867 1309 1910 coniungantur,
1343 1869 1408 1901 hoc
1436 1880 1553 1900 sensu:
1586 1864 1785 1899 istiusmodi
1809 1863 1996 1906 gratiosos.

110 1915 267 1948 ⁴Minume
290 1915 381 1946 enim
405 1914 446 1945 de
462 1915 554 1946 uario
578 1916 804 1957 gratiosorum
826 1918 1007 1949 hominum
1028 1930 1151 1961 genere
1174 1921 1327 1963 exponit,
1351 1927 1403 1953 set
1425 1920 1626 1964 simpliciter
1656 1927 1790 1960 semper
1810 1915 1914 1947 fuisse
1940 1914 1998 1946 ui-

111 1980 167 2000 ros
189 1968 296 1999 bonos
319 1967 440 1999 docere
462 1968 550 2007 uolt,
585 1968 644 2010 qui
668 1974 750 2012 aput
772 1969 907 2001 tribulis
929 1982 1007 2002 suos
1030 1972 1166 2014 gratiosi
1191 1984 1262 2003 esse
1288 1974 1473 2005 noluerint.
1520 1973 1617 2015 Quae
1638 1982 1715 2002 cum
1737 1970 1785 2000 ita
1806 1968 1893 2008 sint,
1925 1977 1997 1998 non

112 2020 230 2052 dubito
261 2021 436 2062 equidem,
475 2020 557 2063 quin
580 2022 756 2063 gratiosos
784 2022 825 2053 ab
847 2023 1035 2066 interprete
1066 2024 1301 2067 explicationis
1328 2037 1441 2058 caussa
1460 2037 1564 2070 super
1587 2035 1690 2069 quam
1708 2023 1891 2067 plurumos
1912 2018 1998 2052 scri-

110 2080 210 2117 ptum
233 2080 266 2105 et
287 2086 306 2105 a
328 2074 475 2105 librariis
498 2074 532 2105 in
556 2079 690 2104 textum
715 2082 890 2117 receptum
912 2076 967 2107 sit.

197 2127 405 2160 Decuriatio
429 2126 625 2170 tribulium)
671 2127 860 2160 Oxoniens.
883 2140 987 2168 unus,
1012 2129 1185 2169 tribuum3
1215 2129 1348 2162 medius
1371 2137 1421 2162 est
1441 2131 1544 2170 Bau.,
1579 2129 1616 2161 in
1638 2140 1704 2171 quo
1736 2126 1924 2164 tribulum,
1944 2128 1996 2156 set

111 2191 175 2223 pro
200 2180 404 2219 tribulium,
428 2185 468 2211 ut
491 2191 552 2222 ego
577 2179 715 2221 quidem
736 2180 956 2223 interpretor.
999 2183 1090 2214 Nam
1113 2183 1215 2213 etiam
1237 2194 1340 2225 supra
1362 2194 1389 2214 c.
1418 2195 1465 2226 19.
1490 2184 1630 2216 tribulis
1653 2181 1866 2219 decuriasse,
1892 2182 1993 2218 atque

111 2232 159 2264 ita
180 2233 277 2264 solet.
322 2233 363 2263 Iu
383 2232 494 2275 Epist.
516 2232 558 2263 ad
583 2233 626 2274 Q.
649 2233 805 2265 Fratrem
829 2234 877 2274 II,
901 2234 931 2266 5.
959 2235 1070 2267 SCum
1082 2235 1227 2279 factum
1248 2241 1317 2274 est,
1339 2242 1379 2268 ut
1401 2237 1603 2268 sodalitates
1627 2232 1864 2274 decuriatique
1885 2228 1995 2260 disce-

112 2285 244 2316 derent.
269 2285 529 2317 GARAToxms.
575 2286 662 2317 Cum
685 2298 754 2317 non
775 2287 857 2317 Bau.
879 2287 1002 2326 solum,
1025 2299 1147 2318 uerum
1170 2287 1271 2319 etiam
1294 2288 1368 2320 Erf.
1391 2288 1612 2331 plui-uinique
1635 2285 1732 2317 codd.
1754 2281 1901 2315 familiae
1922 2286 1995 2311 ter-

113 2337 180 2369 tiae
206 2338 374 2369 tribulum
395 2337 558 2377 scribant,
590 2338 778 2370 uidendum
800 2339 882 2379 erit,
915 2351 999 2371 num
1020 2339 1110 2371 sorte
1132 2339 1213 2371 haec
1235 2341 1378 2382 genitiui
1399 2340 1509 2373 forma
1532 2353 1551 2372 a
1573 2340 1736 2372 Cicerone
1757 2338 1918 2375 usurpata
1939 2331 1994 2363 sit.

201 2390 409 2422 Decuriatio
438 2390 636 2432 tribulium,
673 2393 860 2435 descriptio
883 2393 1021 2436 Populi)
1063 2393 1144 2424 Non
1172 2392 1292 2424 eodem
1315 2405 1415 2425 sensu
1437 2393 1630 2426 decuriatio
1653 2388 1835 2422 tribulium
1857 2384 1992 2423 dicitur,

114 2454 181 2486 quo
206 2443 392 2486 descriptio
411 2444 548 2487 populi.
590 2445 681 2477 Nam
711 2444 886 2477 ‹tecm-iare
910 2444 1046 2478 tribulis
1076 2444 1143 2476 dici
1164 2445 1319 2487 uidetur,
1356 2446 1414 2489 qui
1436 2446 1571 2478 tribulis
1593 2453 1670 2476 suos
1692 2440 1729 2472 in
1752 2437 1921 2479 decurias,
1954 2434 1992 2468 id
