2185 2720
908 192 946 221 L.
967 191 991 220 1.
1039 192 1073 220 c.
1094 190 1117 219 1.
1162 188 1188 229 §.
1207 190 1232 218 3.
1963 190 2008 217 111

130 274 231 309 lione,
258 271 316 311 31.)
337 271 410 300 Sall.
435 270 469 299 in
490 270 570 306 Cic.,
598 268 657 308 32.)
685 269 718 298 in
748 267 915 297 Salustium
936 265 1110 296 Ciceronis.
1129 280 1168 285 --
1202 264 1291 292 Hanc
1320 273 1442 302 quoque
1468 264 1560 293 huius
1589 262 1655 292 cod.
1683 262 1825 291 notitiam
1853 270 2008 303 acceptam

129 321 233 350 refero
248 320 442 357 Krabingcro
458 329 542 353 ineo,
563 318 616 356 qui
633 328 701 346 cum
719 317 765 345 ed.
782 317 858 344 Ern.
877 325 945 343 eum
961 313 1104 342 contulit.
1122 328 1159 333 —
1174 312 1291 341 Melior
1308 311 1359 339 hie
1375 311 1440 339 cod.
1457 322 1545 349 quam
1563 313 1614 340 Ma
1631 317 1693 348 est3
1715 311 1808 339 habet
1825 312 1906 339 enim
1927 323 2008 340 non—

129 378 295 406 numquam
317 378 385 395 cum
410 367 515 404 paucis
537 366 605 393 aliis
628 364 774 402 genuinas
797 363 973 401 scripturas.
1013 360 1101 388 Alibi
1123 365 1269 398 expertus
1290 364 1391 387 tamen
1417 363 1462 386 est
1484 369 1605 387 manum
1628 359 1909 397 interpolatricem,
1933 370 2008 397 quae

129 415 235 444 eadem
256 415 289 443 111
313 415 396 442 Uict.
420 425 436 442 a
456 413 710 451 deprehenditur,
742 416 778 440 ut
794 409 821 450 §.
838 411 883 438 64.
908 411 941 437 in
959 410 1103 436 maximis
1124 408 1258 443 rebus,
1292 405 1319 446 5.
1335 410 1380 445 89.
1405 406 1440 434 ob
1462 407 1551 434 illam
1571 409 1861 440 constantiam,
1888 413 1918 435 ct
1937 407 2010 435 ibid.

124 462 326 492 Metellorum
352 461 521 490 habitas
549 468 614 490 est.

200 511 469 538 fflonacensis
490 511 642 538 tertius
663 507 751 547 (Mc).
783 506 833 534 Ab
848 505 926 541 Aug.
942 504 1021 532 11131.
1034 504 1187 532 Bandinio
1204 502 1315 531 Carolo
1333 501 1511 537 Theodoro,
1533 501 1648 530 Comiti
1666 506 1695 529 et
1710 501 2010 539 ElectoriPalatino,

126 557 305 594 Florentiae
326 567 394 585 cum
415 561 663 591 conmorarctur,
694 556 774 583 dono
796 554 883 582 datus
904 553 937 580 in
958 551 1181 579 bibliothecam
1202 549 1466 585 Mauhemiauam,
1493 555 1600 588 postea
1621 549 1653 576 111
1674 551 1892 580 Monacensem
1912 552 2010 586 uenit,

126 605 161 633 in
175 616 233 643 qua
248 615 329 633 nunc
345 604 533 639 adseruatur,
554 603 595 632 U.
611 604 654 641 94.
670 601 844 640 insignitus.
875 599 1063 628 Chartaceus
1078 605 1132 634 est,
1153 599 1207 627 fol.
1223 599 1279 626 300
1295 602 1448 632 constans,
1469 602 1499 625 et
1518 607 1593 625 saec.
1608 597 1684 625 XV.
1699 597 1840 635 scriptus,
1862 599 2011 627 Continet

128 652 166 681 T.
186 652 262 680 Liui
281 652 365 680 Hist.
385 651 483 678 libros
505 651 609 679 decem
630 651 768 690 priores,
788 647 944 686 Baptistae
966 647 1099 675 Guarini
1121 652 1152 674 et
1177 645 1232 673 has
1252 645 1415 673 Ciceronis
1437 645 1608 672 orationes:
1640 643 1677 682 1.)
1698 655 1755 682 pro
1776 645 1864 680 Mil„
1891 644 1931 683 2.)
1952 655 2009 683 pro

124 699 227 737 magni
246 699 388 737 Pompeii
409 699 559 736 imperio,
579 696 619 736 3.)
640 708 696 736 pro
718 697 755 725 A.
777 696 846 723 Lic.
867 694 985 723 Archia
1005 699 1097 732 poeta
1119 699 1226 722 contra
1248 693 1423 727 Grachum,
1443 690 1484 729 4.)
1505 703 1562 730 pro
1583 693 1626 720 M.
1648 693 1763 728 Marc.,
1791 691 1830 730 5.)
1852 703 1908 730 pro
1930 693 2010 729 Ligu,

125 745 167 785 6.)
188 746 312 774 Sallust.
333 746 365 774 in
388 746 469 780 Cic.,
492 745 531 784 7.)
553 745 617 773 Cic.
639 745 671 772 in
693 744 793 781 Crisp.
816 742 898 777 sall„
920 740 959 780 8.)
981 752 1038 779 pro
1060 742 1117 770 Cn.
1138 740 1274 768 Plancio.
1295 756 1334 760 —-
1360 739 1503 768 Contulit
1523 739 1605 767 hunc
1628 750 1749 777 quoque
1770 740 1907 768 codicem
1928 740 2010 767 Kra-

125 792 271 831 bingerus
298 803 367 821 cum
388 793 434 820 ed.
455 793 646 821 Ernestiana.
688 791 869 821 Orationem
889 789 1085 818 Plancianam
1114 788 1327 826 ineptissuniis
1355 786 1652 825 interpolationibus
1680 787 1833 815 foedatam
1862 787 2010 815 continet.

126 839 210 869 Uide
230 841 269 869 ad
287 839 314 879 §.
335 850 358 867 1.
379 841 406 868 5.
430 840 471 868 13.
494 840 539 867 44.
561 842 606 869 58.
627 840 671 869 68.
694 850 736 877 71.
758 840 799 875 74.
822 848 863 876 79.
884 838 937 866 83..

201 889 348 925 Copiae
373 888 646 916 Uictor-ianae
674 899 694 916 a
726 886 820 927 (Uict.
841 884 870 923 a)
892 889 963 912 sunt
982 883 1134 911 lectiones
1155 883 1309 912 uariantes
1331 894 1348 911 e
1369 883 1476 912 codice
1498 884 1629 922 quodam
1659 882 1694 909 ab
1722 882 1835 909 Iacobo
1856 882 2010 916 Diacctio,

126 935 214 964 Petri
234 934 360 962 Uictori
380 934 495 969 amice,
523 939 557 962 ut
576 934 715 970 uidetur,
744 939 886 962 enotatae
915 937 946 960 et
965 930 1097 968 margini
1118 931 1304 968 exemplaris
1326 931 1504 960 Uictoriani
1526 930 1691 964 editionis,
1713 940 1802 967 quam
1823 929 2010 957 Benedictus

125 982 274 1011 Hectoris
293 981 499 1010 Bononiensis
521 991 600 1008 anno
625 982 703 1019 1499.
729 981 888 1010 Bononiae
917 979 1061 1014 excudit,
1089 978 1280 1016 adscriptae,
1306 989 1488 1017 mecumque
1509 990 1525 1007 a
1546 979 1741 1015 Krabingero
1772 977 2011 1005 communicatae.

126 1029 201 1058 Non
220 1034 292 1058 sunt
311 1028 412 1066 magni
432 1029 531 1066 preti,
569 1039 789 1066 saepenumero
811 1029 893 1056 nihil
921 1027 983 1055 nisi
1010 1026 1269 1064 interpolationes
1298 1027 1407 1055 librari
1436 1028 1593 1056 cuiusdam
1621 1025 1712 1053 docti.
1753 1024 1803 1052 Sic
1823 1022 1848 1062 5.
1869 1024 1914 1052 26.
1941 1029 2012 1062 post

126 1077 282 1106 cedentem
300 1076 407 1115 inepte
428 1077 560 1113 tempori
577 1076 677 1111 addit3
704 1075 729 1115 5.
747 1077 790 1105 61.
811 1087 867 1115 pro
889 1076 1008 1109 lacuna,
1028 1084 1103 1111 quae
1124 1073 1157 1100 in
1178 1073 1268 1101 libris
1288 1074 1426 1103 familiae
1447 1076 1559 1104 tertiae
1581 1073 1733 1107 omnibus,
1755 1071 1807 1109 qui
1828 1082 1890 1099 nou
1911 1071 2011 1099 inter-

125 1124 225 1163 polati
251 1128 336 1159 sunt,
370 1123 453 1151 inter
478 1124 509 1151 T.
531 1128 562 1152 et
583 1125 614 1152 C.
634 1126 725 1152 stIari
744 1129 805 1159 est,
839 1132 952 1151 nomen
975 1121 1112 1149 Graec-hi
1131 1120 1240 1157 habet;
1270 1120 1295 1160 5
1317 1123 1362 1151 64.
1387 1126 1422 1151 in>
1442 1124 1586 1151 maximis
1613 1121 1734 1150 rebus
1761 1120 1887 1155 scribit3
1921 1117 1947 1158 5.
1968 1121 2011 1156 89.

125 1176 230 1200 tamen
249 1171 284 1199 ob
304 1172 392 1200 illam
412 1174 697 1200 constantiam
705 1183 717 1206 ,·
737 1172 853 1200 ibidem
872 1181 930 1209 pro
951 1171 1135 1198 iustissimos
1159 1171 1298 1197 omnium
1318 1171 1517 1199 Metellorum
1537 1170 1647 1198 scribit
1666 1169 1855 1197 iustissimus
1875 1168 2011 1193 omnium

124 1218 321 1248 Metellorum
339 1217 511 1246 habitus
532 1226 612 1253 θεέ]
640 1218 666 1258 5.
691 1229 749 1248 100.
771 1230 826 1257 pro
847 1218 1104 1247 necessitudinem
1124 1223 1357 1254 comparantem
1379 1218 1472 1246 habet
1491 1221 1574 1246 necis
1595 1217 1729 1245 insidias
1749 1219 1954 1251 comparatas,

200 1265 350 1302 Copiae
382 1266 658 1295 Uictorianae
686 1267 704 1295 b
732 1266 829 1306 (Uict.
850 1264 883 1304 b)
911 1265 1036 1293 notulae
1057 1263 1128 1293 sunt
1149 1270 1179 1292 et
1205 1265 1414 1293 correctiones
1441 1266 1477 1293 ab
1505 1266 1573 1303 ipso
1595 1265 1688 1292 Petro
1709 1262 1854 1290 Uictorio
1880 1260 2011 1298 margini

125 1311 273 1340 editionis
293 1311 427 1340 Aldinae
447 1313 576 1342 additae.
615 1316 749 1350 Harum,
785 1323 858 1352 quas
886 1313 967 1341 idem
994 1313 1050 1341 ille
1070 1313 1281 1350 Krabingcrus
1301 1322 1423 1342 mecum
1445 1311 1694 1346 conmunicauit,
1723 1320 1795 1338 usus
1815 1318 1957 1337 maxume
1978 1308 2011 1335 in

124 1360 347 1389 commentario
367 1360 444 1395 suit,
465 1371 534 1388 cum
555 1362 806 1401 interpretationi
826 1361 1032 1400 potissumum
1052 1361 1252 1389 inseruirent.

194 1408 513 1436 Laurentianus
534 1412 698 1445 primas
725 1409 806 1449 (La).
847 1409 996 1437 Seruatur
1023 1409 1056 1437 in
1084 1408 1278 1437 bibliotheca
1305 1408 1531 1443 Lam-entiam,
1567 1418 1643 1446 quae
1671 1405 1898 1439 Florentiaost,
1934 1403 2011 1442 plut.

124 1454 280 1484 XLVIII.
307 1460 414 1493 estque
442 1457 508 1484 cod.
528 1457 656 1493 XXV.,
685 1457 857 1495 descriptus
878 1467 895 1484 a
913 1456 1067 1484 Bandinio
1099 1456 1134 1483 T.
1156 1456 1196 1484 II.
1216 1466 1244 1493 p.
1265 1456 1317 1484 451
1336 1470 1374 1476 —‹
1390 1456 1462 1484 453..
1483 1471 1520 1477 --
1546 1456 1633 1491 Quae
1653 1455 1786 1492 scriptae
1807 1457 1879 1481 sunt
1898 1452 1931 1479 in
1952 1450 2010 1478 hoc

126 1503 234 1532 codiee
254 1502 406 1531 lectiones
426 1504 581 1532 uariantes
602 1505 653 1532 uel
675 1505 792 1542 glossae
821 1515 915 1543 super
942 1505 1038 1533 uerba
1058 1504 1091 1532 in
1112 1494 1203 1532 tex’tu
1223 1503 1342 1541 posita,
1379 1513 1432 1532 eae
1453 1515 1469 1532 a
1488 1514 1536 1532 me
1564 1502 1730 1531 breuitatis
1759 1510 1864 1529 caussa
1891 1508 2011 1537 semper

123 1550 292 1588 glossarum
313 1549 377 1588 (gl.)
398 1551 523 1578 nomine
551 1551 717 1588 insignitae
738 1558 817 1581 sunt.
856 1553 965 1590 Longe
992 1552 1153 1590 plurumae
1174 1550 1397 1589 ineptissumae
1420 1551 1615 1590 corruptelae
1636 1554 1724 1584 sunt,
1755 1558 1827 1586 quas
1848 1547 2010 1585 plerasque

126 1597 160 1626 in
180 1597 247 1636 ipso
267 1601 356 1626 textu
376 1598 492 1626 codicis
514 1598 704 1627 Oxonieusis
724 1601 764 1628 H
779 1601 895 1639 positas
915 1600 1022 1628 uidere
1043 1599 1126 1627 licet.
1166 1599 1248 1626 Uide
1270 1609 1347 1636 quae
1375 1599 1408 1627 in
1430 1600 1640 1638 descriptione
1662 1597 1747 1625 illius
1768 1595 1883 1624 codicis
1904 1604 2010 1622 exem-

126 1645 178 1684 pla
196 1645 323 1684 protuli.
363 1646 526 1674 Praeterea
546 1647 729 1683 tenendum,
764 1649 902 1677 codicem
928 1648 1011 1676 hune
1031 1647 1282 1675 Laurentianum
1299 1656 1521 1684 saepenumero
1544 1647 1576 1674 in
1597 1643 1909 1683 interpolationibus,
1939 1642 2010 1679 qui-

125 1693 182 1721 bus
203 1692 386 1730 deprauatus
407 1697 468 1727 est,
489 1693 620 1732 aliisque
640 1695 759 1724 mendis
780 1707 883 1725 secum
904 1695 1150 1724 consentientem
1172 1694 1386 1722 Oxoniensem
1406 1706 1428 1730 ψ
1449 1694 1572 1722 habere.
1612 1694 1657 1721 Ita
1678 1703 1747 1720 cnm
1764 1692 1820 1719 illo
1841 1689 1866 1729 5.
1883 1700 1907 1728 9.
1928 1690 2010 1718 cedit

118 1740 266 1779 precibus
286 1744 357 1778 post
377 1740 458 1768 cedit
478 1740 562 1769 addit
576 1744 734 1780 populu-3,-
758 1742 784 1783 5.
804 1754 850 1781 27.
871 1745 955 1778 dixi,
983 1749 1083 1780 tegere
1104 1747 1174 1780 post
1194 1743 1263 1770 (lixi
1283 1742 1369 1770 addit
1388 1752 1454 1775 me;
1482 1741 1555 1769 ibid.
1576 1752 1633 1779 pro
1655 1746 1690 1768 ut
1710 1741 1784 1768 illae
1803 1738 1912 1766 scribit
1932 1748 2009 1765 cau.-

123 1797 176 1816 sae
195 1788 270 1816 illae
296 1793 351 1821 ut;
383 1785 409 1826 5.
429 1787 473 1817 68.
501 1792 636 1824 uenerit,
670 1791 727 1819 hoc·
749 1802 858 1819 nomen
885 1796 956 1829 post
976 1792 1097 1819 uenerit
1117 1790 1202 1817 addit
1221 1790 1412 1827 satisfac-ere.
1432 1803 1470 1810 -·
1495 1789 1641 1827 Denique
1668 1786 1872 1821 monendum,
1906 1794 2009 1813 errare

123 1834 326 1870 Bandinium,
355 1835 407 1872 qui
426 1836 561 1873 primum
582 1837 664 1866 hunc
685 1839 930 1867 Laurentianum
951 1839 1072 1867 saeculo
1094 1837 1184 1866 XIII.
1205 1837 1356 1875 scriptum
1377 1841 1474 1874 putat.
1511 1836 1584 1864 Non
1604 1846 1694 1875 posse
1715 1835 1802 1873 prius
1823 1843 1913 1871 quam
1933 1842 2008 1860 saec.

124 1882 200 1911 XV.
219 1882 369 1920 scriptum
390 1884 530 1920 censeri,
561 1890 646 1913 recte
666 1886 792 1914 uidetur
811 1887 879 1914 Am.
900 1888 1025 1924 Peyron
1047 1887 1080 1913 in
1100 1887 1143 1914 M.
1166 1884 1256 1912 Tulli
1278 1884 1440 1912 Ciceronis
1462 1884 1562 1912 Oratt.
1582 1894 1638 1922 pro
1661 1883 1775 1910 Scauro
1796 1886 1852 1908 etc.
1872 1880 2007 1918 sragmm.

124 1930 205 1958 ined.
224 1941 252 1969 p.
272 1931 334 1968 239.
354 1931 518 1959 monuisse.
558 1932 668 1971 Neque
689 1933 771 1963 enim
797 1934 866 1962 iure
886 1934 1021 1962 Bandini
1048 1932 1234 1962 sententiam
1254 1932 1287 1960 in
1307 1932 1406 1961 Pracf.
1427 1931 1465 1960 ad
1483 1942 1563 1960 narr.
1583 1932 1667 1960 lectt.
1696 1940 1735 1958 ex
1755 1929 1820 1957 cod.
1841 1928 1906 1957 Erf.
1927 1932 2006 1955 enot.

123 1987 153 2016 p.
172 1977 230 2006 XI.
250 1977 424 2006 defendisse
444 1979 522 2007 mihi
541 1981 660 2010 uideor.

199 2025 512 2055 Laurentianus
531 2031 732 2059 secundus
753 2028 841 2069 (Lb).
877 2029 1025 2058 Eiusdem
1055 2035 1101 2058 est
1120 2028 1348 2064 bibliothecae,
1382 2029 1458 2067 plut.
1480 2026 1565 2055 LIII.
1587 2026 1652 2055 cod.
1673 2025 1763 2060 XII,
1799 2023 1970 2061 descriptus
1991 2032 2007 2049 a

122 2071 275 2101 Bandinio
298 2072 333 2100 T.
355 2073 392 2101 II.
412 2084 443 2112 p.
457 2075 511 2104 608
527 2087 585 2115 sq.‚
607 2078 660 2116 qui
680 2079 804 2106 saeculo
825 2078 916 2106 XIV.
937 2080 1086 2117 scriptum
1108 2088 1178 2107 eum
1199 2077 1283 2105 dicit.
1297 2092 1337 2098 —-
1356 2077 1527 2114 Aliquanto
1548 2074 1599 2102 hic
1620 2072 1826 2112 praestantior
1847 2081 1935 2109 quam
1951 2070 2005 2103 La,

124 2120 207 2159 quod
225 2130 453 2158 nonnumquam
474 2132 542 2151 cum
563 2126 697 2163 optumis
716 2126 895 2161 codicibus,
915 2126 940 2154 B
962 2131 993 2154 et
1012 2126 1048 2161 E,
1070 2125 1102 2153 in
1123 2125 1287 2163 scripturis
1308 2124 1451 2162 genuinis
1473 2121 1637 2151 consentit.
1675 2119 1803 2148 Eri-abit
1822 2124 1932 2153 autem,
1953 2116 2005 2155 qui

123 2167 220 2196 solius
242 2166 307 2194 eius
327 2169 509 2198 auctori-tate
530 2173 627 2202 ultum
647 2174 828 2202 mutandum
847 2174 951 2202 locum
972 2183 1047 2208 esse,
1069 2173 1314 2211 recipiundaqne
1334 2172 1440 2207 uerba,
1461 2180 1538 2209 quae
1559 2169 1641 2197 solus
1661 2177 1892 2205 nonnumquam
1911 2166 2006 2200 addit,

124 2215 298 2243 existumet.
337 2215 495 2253 Expertus
523 2221 605 2249 enim
631 2232 754 2250 manum
780 2222 1082 2260 interpolatricemst.
1123 2221 1170 2249 Ita
1195 2220 1222 2261 5.
1248 2231 1288 2250 1ο.
1316 2231 1374 2259 pro
1402 2219 1483 2256 uolg.
1505 2217 1658 2255 scriptura
1687 2221 1721 2242 ut
1744 2215 1853 2252 fiam-is
1881 2215 2006 2256 dignior

122 2262 216 2291 habs-'t
236 2269 270 2290 ¹2⁶
289 2264 449 2300 &fill-³⁸0⁸
469 2266 613 2303 [lignium
640 2267 729 2307 5.11.
750 2271 859 2307 quiin
878 2270 938 2298 liae
958 2275 1139 2306 tempestate
1153 2270 1269 2306 populi
1288 2270 1441 2296 iactemur
1461 2276 1518 2304 pro
1534 2265 1646 2302 populi
1665 2262 1757 2290 habet
1771 2263 1900 2299 pelagi;
1919 2258 1944 2299 5.
1961 2269 2004 2289 20.

123 2311 202 2349 qaid
219 2319 273 2348 ‘²0⁰⁰
293 2310 329 2337 <le
349 2321 413 2345 me,
448 2312 484 2340 de
502 2313 613 2350 finire
631 2327 696 2344 meo
715 2318 826 2355 loquar
846 2322 916 2345 ante
942 2318 978 2345 de
997 2317 1107 2354 fratre
1134 2316 1219 2344 addit
1245 2316 1341 2354 qma,-
1374 2313 1402 2353 5.
1421 2323 1466 2342 22.
1493 2313 1662 2349 legatione,
1696 2311 1870 2337 testimonio
1896 2308 2004 2336 scribit

122 2359 277 2395 legatione
296 2360 546 2397 testimom'oque;
565 2360 590 2400 5.
611 2364 654 2391 33.
674 2365 708 2391 in.
730 2364 765 2399 Q.
784 2365 967 2392 Scaeuolam
986 2363 1096 2392 scribit
1117 2363 1252 2391 indicant
1274 2362 1308 2398 Q.
1328 2361 1511 2390 Scaeuolam
1520 2370 1531 2393 ;
1551 2357 1577 2397 5
1597 2358 1640 2386 54.
1661 2368 1681 2385 α
1702 2357 1838 2385 Plancio
1858 2356 1916 2384 tibi
1935 2360 2004 2383 ante

123 2404 179 2433 tibi
204 2404 290 2433 addit
307 2405 509 2441 Lemonlam;
538 2406 563 2447 5.
584 2410 627 2437 54.
653 2411 776 2439 indicas
806 2421 875 2439 eum
897 2421 966 2440 cum
986 2411 1054 2439 aliis
1075 2415 1145 2438 ante
1166 2421 1236 2438 eum
1254 2409 1340 2437 addit
1360 2420 1403 2437 αη
1424 2409 1500 2436 dicis
1508 2417 1519 2441 ;
1556 2403 1581 2444 5.
1602 2405 1645 2433 55.
1665 2404 1798 2437 recenti,
1832 2414 1914 2431 nunc
1934 2407 2004 2430 ante

124 2461 206 2480 nunc
232 2452 318 2481 addit
344 2464 441 2491 neque
468 2458 567 2489 eninm
600 2455 625 2496 5.
646 2457 683 2485 60
703 2461 779 2486 extr.
807 2463 879 2497 post
898 2461 1054 2488 consecuta·
1080 2459 1165 2487 addit
1185 2463 1279 2491 sunt;
1313 2455 1341 2496 5.
1361 2457 1404 2485 61.
1424 2455 1581 2487 lacunam,
1613 2462 1689 2490 qnae
1710 2451 1743 2479 in
1763 2450 1848 2479 codd.
1868 2450 2003 2478 familiae

124 2499 233 2535 tertiae
259 2501 400 2529 omnibus
429 2507 489 2538 est,
521 2504 606 2533 Didi
631 2515 744 2534 nomen
770 2515 834 2534 non
861 2506 1064 2543 habentibus,
1100 2506 1144 2535 sic
1165 2505 1323 2544 expleuit,
1357 2509 1393 2533 ut
1421 2503 1560 2541 ineptum
1580 2509 1693 2528 nomen
1712 2499 1837 2527 [Manlii
1855 2502 2001 2537 poneret3

1543 2549 1586 2580 1¹*
