2185 2720
954 133 1026 163 CA
1046 135 1088 164 P.
1126 134 1167 164 V.
1205 132 1232 174 §.
1262 141 1307 166 12.
2043 150 2079 176 75

183 210 375 253 gitanfflun,
412 209 550 241 aliunde
575 209 701 252 ignoto.
746 209 857 252 Atqui
879 221 954 241 cum
978 208 1039 240 tris
1062 209 1121 240 has
1146 207 1251 241 fuisse
1274 210 1459 244 consularis
1487 214 1639 257 repulsas
1669 214 1748 247 satis
1779 214 2076 259 declarauerimus,

182 263 337 295 concidat
363 269 529 294 necessest
552 262 661 293 omnis
685 262 767 293 haec
794 261 989 305 disputatio.
1002 264 1023 280 “

267 316 348 347 Post
371 317 461 355 haec,
487 327 572 357 quae
587 315 792 346 Garatonius
817 321 849 346 et
868 314 992 346 Bakius
1018 313 1238 356 scripserunt,
1262 325 1368 357 pauca
1392 320 1523 349 tantum
1549 325 1665 349 contra
1689 320 1882 352 Ferratium
1906 323 2076 354 monenda

180 374 321 400 restant.
366 369 419 400 Ac
441 368 592 411 primum
616 367 753 409 quidem
777 367 973 410 conparatio
997 367 1086 398 inter
1109 366 1322 398 consularem
1342 368 1455 399 Catuli
1479 376 1512 400 et
1533 370 1723 403 aediliciam
1739 373 1934 405 Laterensis
1957 376 2082 416 repul--v

180 432 251 452 sam
275 427 457 463 propterea
479 431 547 451 non
570 419 746 459 claudicat,
771 420 861 461 quod
886 420 1016 458 Cicero,
1041 418 1075 450 id
1100 417 1190 460 quod
1214 430 1276 449 nec
1291 419 1496 452 Garatonius
1518 434 1580 453 nec
1595 424 1717 456 Bakius
1740 426 1884 464 monuit,
1910 426 1944 456 id
1967 438 2073 458 uuum

178 473 244 505 hoc
277 474 351 504 loco
384 472 468 514 agit,
511 477 548 502 ut
571 473 739 515 populum
762 483 861 514 saepe
886 471 920 503 in
946 471 1144 503 mandandis
1168 471 1419 513 magistratibus
1442 474 1672 507 nobilissumis
1696 478 1891 510 hominibus
1918 485 1951 510 et
1973 492 2074 522 prae-

176 525 401 557 stantissumis
428 523 701 566 ignobilissumos
726 531 758 555 et
781 524 1016 564 deterrumos,
1056 523 1085 555 si
1106 523 1271 555 submisse
1292 525 1371 556 satis
1394 526 1657 568 supplicassent,
1697 531 1932 573 praeposuisse
1955 544 2074 563 exem-

176 578 244 621 plis
268 576 470 620 quibusdam
494 575 622 606 doceat.
666 576 824 608 Minume
850 577 954 619 igitur
980 589 1065 620 opus
1088 577 1143 608 hic
1166 582 1255 614 erat,
1296 582 1334 607 ut
1358 576 1399 608 de
1422 579 1602 611 aedilitatis
1630 587 1764 613 tantum
1787 584 1932 625 repulsis
1958 596 2071 616 sermo

178 637 275 662 esset.
322 629 456 661 Deinde
480 628 521 659 de
544 628 724 660 aedilitatis
747 630 893 672 repulsa,
919 642 1019 672 quam
1043 630 1160 661 tulerit
1183 631 1227 671 Q.
1243 629 1395 669 Catulus,
1420 638 1600 674 propterea
1619 633 1715 664 nullo
1739 641 1836 676 pacto
1863 637 1958 679 loqui
1980 649 2071 669 nunc

175 683 294 715 Cicero
317 688 446 725 potest⁷
485 681 575 724 quod
598 682 830 724 praepositum
855 682 885 713 ei
909 682 990 713 dicit
1015 683 1052 715 C.
1076 682 1282 722 Fimbriam,
1321 696 1446 716 nouom
1470 685 1651 719 hominem.
1695 688 1786 718 Nam
1809 689 1961 721 Fimbria
1993 702 2069 721 cum

173 736 273 768 homo
296 747 404 766 nouos
429 734 561 765 dicatur
583 733 704 773 fuisse,
730 746 796 776 quo
820 740 975 776 tempore
1000 746 1077 766 cum
1101 735 1222 766 Catulo
1246 736 1480 778 magistratum
1505 738 1654 780 petierit,
1678 747 1844 772 necessest
1866 742 1933 773 iam
1957 754 2070 784 gesse-

173 788 221 820 rit
242 788 452 819 aedilitatem
476 786 649 825 curulem,
677 792 735 817 aut
756 793 969 829 praeturam,
993 794 1174 830 antequam
1198 788 1390 831 conpetitor
1415 790 1458 831 Q.
1487 790 1599 822 Catuli
1623 791 1737 823 suerit.
1782 793 1950 835 Alioquin
1970 796 2068 827 lzomo

173 853 280 874 nouos
304 840 370 871 diei
396 851 466 871 non
489 838 670 882 potuisset,
715 850 781 880 quo
809 840 950 871 nomine
978 846 1108 872 constat
1131 852 1187 872 eos
1210 840 1389 883 insignitos
1420 853 1511 882 esse,
1551 844 1608 885 qui
1631 845 1737 887 primi
1761 858 1779 877 e
1801 845 1931 878 familia
1957 847 2069 889 magi-

172 899 318 926 stratum
343 893 497 924 curulem
523 892 559 922 in
582 890 747 921 familiam
770 903 864 923 suam
891 892 1109 933 adtulissent,
1145 905 1251 936 eaque
1283 905 1322 925 re
1344 894 1395 926 ius
1419 895 1574 937 imaginis
1599 898 1769 930 consecuti
1792 906 1913 931 essent.
1957 900 2070 932 Deni-

172 957 238 989 que
262 945 414 976 minume
437 945 612 981 mirumst,
644 943 733 984 quod
760 944 821 975 Cn.
846 946 984 978 Blallius
1007 946 1042 978 in
1069 958 1118 978 or.
1142 958 1207 990 pro
1230 947 1323 978 BIur.
1347 958 1374 978 c.
1399 948 1478 979 VII.
1504 954 1537 979 et
1559 949 1655 981 VIII.
1689 962 1758 982 non
1782 963 1858 982 cum
1882 953 2066 995 Pompeiis,

171 998 306 1037 Mariis,
330 997 459 1035 Didiis,
485 1001 518 1027 et
540 994 662 1026 Caeliis
686 995 776 1027 inter
797 1009 905 1030 nouos
932 999 1087 1031 homines
1114 1005 1320 1030 recensetur.
1365 1000 1455 1031 Nam
1478 1000 1525 1031 ibi
1549 1012 1667 1033 eorum
1690 1004 1869 1035 hominum
1894 1016 2066 1035 nouorum

169 1051 309 1083 inicitur
329 1048 475 1086 mentio,
518 1046 575 1088 qui
598 1053 741 1089 propter
766 1049 930 1082 uirtutem
954 1064 1049 1083 suam
1071 1051 1323 1094 magistratibus
1347 1052 1521 1084 curulibus
1544 1053 1673 1086 admoti
1701 1062 1813 1097 erant,
1855 1056 1976 1099 quibus
2001 1056 2064 1089 Cn.

168 1104 328 1138 Mallium
353 1114 422 1133 non
444 1100 595 1144 potuisse
618 1100 836 1133 adnumerari
858 1110 979 1146 sponte
1003 1110 1114 1150 patet.

252 1157 371 1197 Itaque
393 1161 446 1193 ut,
471 1153 553 1196 quid
576 1153 641 1183 hoc
663 1153 737 1185 loco
763 1154 882 1186 Cicero
907 1155 1010 1196 dicat,
1034 1157 1148 1200 paucis
1172 1158 1480 1200 conprehendatur,
1503 1161 1732 1202 tenendumst,
1755 1162 1936 1206 triplicem,
1962 1174 2063 1205 quam

168 1210 214 1252 Q.
236 1207 395 1240 Lutatius
420 1207 559 1238 Catulus
582 1204 619 1235 in
641 1205 807 1247 petitione
828 1209 1018 1240 consulatus
1042 1210 1178 1249 tulerit,
1210 1212 1381 1254 repulsam
1405 1214 1606 1253 memorari3
1647 1215 1813 1257 primam,
1851 1227 1927 1247 cum
1949 1217 2060 1249 uictus

167 1268 218 1295 est
240 1273 259 1293 a
283 1261 320 1293 C.
342 1260 453 1292 Atilio
480 1260 644 1297 Serrano,
690 1258 748 1300 qui
771 1270 800 1290 a.
824 1272 857 1291 u.
882 1261 954 1303 647.
984 1272 1060 1292 cum
1086 1261 1129 1303 Q.
1154 1262 1302 1295 Seruilio
1327 1264 1498 1307 Caepione
1524 1267 1641 1297 consul
1663 1266 1748 1306 fuit3
1785 1269 1944 1309 alteram,
1981 1281 2058 1301 cum

165 1313 374 1359 postpositus
397 1319 446 1344 est
471 1312 532 1343 Cn.
556 1311 687 1350 Mallio,
713 1311 770 1354 qui
793 1324 822 1343 a.
846 1324 880 1344 u.
904 1313 976 1345 648.
1000 1324 1077 1344 cum
1100 1314 1137 1345 P.
1162 1315 1294 1346 Rutilio
1317 1316 1410 1347 Rufo
1433 1320 1550 1350 consul
1574 1318 1657 1358 fuit3
1685 1321 1839 1361 tertiam,
1864 1334 1940 1353 cum
1964 1323 1995 1354 ei
2019 1324 2058 1355 C.

165 1367 303 1401 Flauios
339 1363 492 1397 Fimbria
521 1364 734 1406 praepositus
758 1371 824 1405 est,
869 1365 926 1407 qui
955 1377 983 1396 a.
1012 1377 1046 1397 u.
1079 1367 1151 1408 649.
1183 1378 1259 1399 cum
1291 1369 1328 1400 C.
1362 1369 1474 1401 lVIario
1506 1372 1624 1402 consul
1652 1371 1728 1403 fuit.
1773 1373 1818 1405 A.
1842 1386 1876 1405 u.
1901 1375 1974 1407 650.
1999 1382 2058 1407 aut

164 1420 305 1453 omuino
328 1430 397 1449 non
420 1416 542 1460 petiuit
565 1418 794 1457 consulatum,
819 1423 877 1448 aut
899 1418 1089 1459 repulsam,
1113 1419 1141 1450 si
1168 1431 1268 1461 quam
1291 1422 1381 1462 tulit,
1406 1435 1475 1454 non
1499 1425 1818 1457 conmemoraudam
1846 1427 1965 1459 Cicero
1988 1440 2056 1471 pu-

162 1473 260 1505 tauit.
304 1469 459 1502 Tandem
489 1480 518 1499 a.
542 1480 576 1499 u.
601 1469 673 1501 651.
696 1481 773 1501 cum
797 1471 835 1502 C.
859 1469 971 1501 Mario
1000 1471 1212 1503 consulatum
1236 1475 1348 1515 gessit.
1395 1476 1466 1507 Cur
1488 1482 1600 1507 autem
1630 1483 1747 1508 contra
1768 1480 1932 1521 tempmis
1960 1481 2056 1512 ordi-

162 1537 243 1557 nem
267 1525 305 1556 C.
327 1521 517 1554 Fimbriam
539 1527 617 1552 ante
638 1522 815 1561 Mallium,
840 1521 898 1564 qui
920 1528 998 1564 post
1020 1523 1177 1555 Mallium
1203 1527 1320 1558 consul
1343 1526 1424 1567 fuit,
1466 1528 1584 1560 Cicero
1609 1532 1934 1571 conmemorauerit,
1969 1533 2053 1564 haec

161 1577 228 1609 fuit
254 1587 388 1615 caussa,
413 1574 503 1617 quod
528 1573 725 1616 gradatione
748 1587 827 1607 usus
850 1575 1002 1618 primum
1027 1575 1203 1608 hominem
1229 1579 1396 1620 nobilem,
1420 1580 1543 1612 deinde
1568 1594 1712 1622 nouom,
1745 1583 1893 1627 denique
1916 1586 2054 1629 ignobi.

161 1631 229 1663 lem
252 1629 373 1661 Catulo
396 1626 629 1669 praepositum
655 1638 725 1658 esse
747 1628 974 1659 animaduerti
997 1628 1119 1660 uoluit.

247 1681 282 1714 C.
304 1681 450 1713 Flazcios
473 1678 646 1722 Fimbria)
697 1680 826 1712 Consul
855 1680 921 1712 fuit
953 1692 1006 1712 an.
1037 1681 1110 1712 650.
1140 1693 1217 1714 cum
1250 1683 1287 1715 C.
1311 1684 1434 1716 Mario.
1479 1687 1653 1728 Loquitur
1684 1688 1726 1719 de
1749 1701 1788 1721 eo
1819 1689 1908 1721 infra
1933 1691 2054 1723 Cicero

160 1748 188 1768 c.
210 1735 328 1772 XXL,
359 1733 418 1763 ubi
442 1737 642 1763 numeratur
664 1732 700 1763 in
724 1733 782 1772 iis‘‚
817 1733 875 1775 qui
899 1745 975 1764 cum
1001 1733 1128 1764 tribuni
1150 1735 1198 1776 pl.
1223 1735 1297 1766 fieri
1320 1748 1389 1768 non
1411 1739 1618 1780 potuissent,
1658 1742 1810 1773 consules
1835 1749 1946 1774 tamen
1973 1743 2054 1776 facti

159 1792 249 1820 sunt.
296 1785 399 1826 Quod
422 1786 484 1824 ait,
522 1797 647 1817 nouom
669 1785 859 1825 hominem,
894 1785 983 1817 idem
1008 1786 1174 1828 significat
1196 1789 1242 1820 V.
1272 1788 1307 1819 in
1334 1790 1435 1822 Uerr.
1464 1803 1514 1833 70.
1558 1793 1664 1825 Modo
1688 1794 1722 1826 C.
1743 1795 1939 1827 Fimbriam
1962 1796 2053 1838 (Ga-

159 1842 233 1874 ium
258 1837 350 1869 enim
373 1837 522 1879 appellat
544 1836 652 1867 codex
676 1836 723 1867 ibi
746 1844 906 1880 optumus
931 1839 1008 1870 Car.
1032 1839 1168 1881 steph„
1210 1840 1299 1882 quod
1325 1841 1398 1872 fieri
1422 1843 1545 1874 debere
1567 1845 1741 1878 lN'Iaiiutius
1764 1854 1885 1889 sponte
1915 1848 2053 1880 intelle-

158 1897 274 1929 xerat,
312 1901 381 1921 non
406 1897 443 1921 ut
467 1889 525 1920 alii
549 1889 736 1932 Lucium),
763 1890 798 1923 C.
822 1892 995 1931 Illarium,
1033 1891 1068 1924 C.
1091 1893 1247 1924 Caelium
1269 1894 1423 1926 uidimus
1446 1908 1512 1928 non
1533 1898 1764 1930 mediocribus
1787 1900 1984 1933 inimicitiis
2009 1915 2051 1934 cac

157 1943 332 1977 laboribus
358 1943 577 1980 contendere,
614 1947 654 1973 ut
676 1943 724 1974 ad
745 1944 829 1975 istos
851 1945 995 1977 honores
1014 1946 1262 1987 peruenirent,
1296 1947 1345 1979 ad
1366 1960 1449 1991 quos
1471 1961 1533 1980 uos
1551 1961 1617 1993 per
1647 1951 1771 1983 ludum
1794 1958 1827 1985 et
1846 1964 1910 1995 per
1931 1954 2051 1997 negle-

154 1996 314 2041 gentiam
330 1994 555 2038 peruenistis.
599 1994 861 2027 GARATONIUS.

240 2048 300 2080 Cn.
322 2048 470 2079 Mallius
492 2047 695 2089 Maxumus)
719 2058 795 2078 cum
819 2049 855 2080 P.
872 2049 1004 2081 Rutilio
1027 2049 1120 2082 Rufo
1144 2051 1261 2082 consul
1284 2051 1350 2083 fuit
1372 2064 1426 2084 an.
1447 2053 1519 2096 649.
1566 2055 1694 2097 Scripsi
1708 2057 1876 2089 ,Mallium
1901 2058 2048 2092 duorum

153 2100 252 2133 codd.
276 2099 486 2130 auctoritate.
531 2099 636 2129 Recte
660 2099 750 2131 enim
774 2102 908 2132 monuit
930 2103 1104 2135 lWIanutius
1128 2104 1167 2134 ad
1193 2104 1226 2134 h.
1251 2105 1383 2137 locum:
1417 2106 1615 2148 „ignobiles
1639 2109 1768 2148 Malui,
1792 2111 1922 2142 nobiles
1946 2113 2049 2143 Blan-

151 2153 209 2192 lii3
234 2152 276 2183 de
299 2152 415 2183 eadem
439 2162 476 2182 re
499 2150 546 2182 sic
567 2162 631 2192 pro
654 2152 746 2183 Mur.
772 2165 798 2184 c.
827 2166 893 2196 17.:
919 2156 996 2199 quis
1020 2156 1062 2196 Q.
1086 2156 1267 2196 Catulum,
1292 2159 1522 2198 humanitate,
1545 2153 1732 2203 sapientia,
1756 2163 1960 2205 integritate
1982 2177 2047 2196 αη-

152 2206 375 2243 tecellentem,
401 2217 422 2236 a
445 2203 504 2235 Ca.
525 2204 678 2235 Mallio?
721 2205 767 2236 Et
789 2206 844 2237 hic
865 2213 979 2238 autem
1002 2214 1036 2239 et
1058 2208 1093 2239 in
1118 2210 1271 2241 oratione
1293 2211 1495 2242 Blureniana
1519 2212 1626 2243 eiecto
1650 2213 1780 2244 Manlio
1806 2215 1964 2246 Mallium
1988 2227 2046 2247 re-

149 2257 256 2290 stitui.
301 2257 346 2288 Et
368 2256 402 2287 in
430 2255 583 2287 oratione
609 2267 744 2298 quoque
769 2269 833 2301 pro
859 2259 939 2290 sex.
964 2260 1087 2291 Roscio
1111 2261 1249 2294 Mallius
1274 2263 1415 2294 Glaucia
1445 2264 1602 2306 quidam,
1646 2275 1722 2295 cum
1754 2272 1850 2297 antea
1872 2267 2045 2310 legeretur

149 2309 315 2348 Manlius,
350 2308 509 2352 reposui;
546 2308 624 2350 quia
647 2309 856 2342 Manliorum
880 2317 959 2342 nota
983 2313 1163 2351 nobilitas,
1203 2315 1314 2346 Mallii
1345 2321 1457 2346 autem
1480 2316 1700 2358 perobscuri3
1739 2317 1774 2348 in
1801 2330 1867 2359 quo
1892 2326 2043 2352 nostram

150 2360 347 2403 opinionem
369 2368 527 2393 ueterum
550 2361 718 2393 librorum
740 2363 879 2394 adiuuat
900 2365 1092 2397 auctoritas.
1105 2369 1126 2384 ‘⁶
1172 2366 1343 2406 Orellius,
1389 2368 1448 2409 qui
1476 2368 1570 2400 idem
1593 2368 1729 2400 Manuti
1758 2371 1918 2413 probauit
1949 2373 2042 2404 iudi-

147 2412 249 2453 cium,
275 2413 423 2446 conferri
447 2414 543 2446 iubet
566 2413 607 2445 de
630 2414 847 2460 διττογραφίᾳ
869 2415 932 2447 ista
955 2416 1050 2448 Cort.
1073 2417 1114 2449 ad
1138 2419 1219 2450 Sall.
1243 2420 1315 2462 Iug.
1342 2420 1433 2452 114..

1556 2478 1591 2504 20
1605 2472 1621 2489 *
