2185 2720
749 129 774 160 C
793 129 822 159 A
841 132 883 161 P.
921 130 1015 160 XXI.
1041 128 1069 169 ς.
1095 135 1140 162 52.
1166 145 1205 152 —
1230 130 1341 160 XXII.
1376 130 1404 171 §.
1429 136 1475 162 53.
2002 133 2055 163 147

253 205 283 246 §.
307 204 359 237 55.
402 205 492 238 Noli
508 212 638 249 putare
659 206 773 238 nullos
789 205 926 249 fuisse,
949 217 1095 249 quorum
1117 206 1250 238 animos
1274 212 1355 238 tuas
1379 206 1438 238 ille
1452 205 1566 249 fortis
1589 205 1726 238 animus
1750 204 1951 249 offenderet)
1995 207 2050 239 Ne

168 258 242 301 quis
270 270 334 301 pro
368 258 556 303 offenderet
585 259 801 291 scribendum
833 260 1033 304 offenderit,
1066 258 1102 290 id
1133 259 1223 300 quod
1252 259 1364 301 primo
1394 265 1527 300 aspectu
1556 258 1678 290 melius
1709 257 1879 296 uideatur,
1914 259 2048 299 iudicet,

164 311 422 350 monendumst‚
453 312 488 342 iu
512 312 602 343 hunc
623 324 759 344 sensum
781 313 885 345 uerba
908 325 978 345 esse
1001 312 1104 344 dicta:
1127 311 1301 356 ficerunt,
1330 311 1391 355 qui
1410 311 1683 355 offenderentur,
1712 311 1859 354 ideoque
1881 318 1971 343 recte
1994 312 2048 343 in-

164 363 354 407 perfectum
379 376 448 395 esse
470 365 630 407 positum.

249 418 308 451 Aa
332 423 364 449 te
386 418 450 449 illa
472 425 680 460 argumenta
706 419 906 452 duxerunt?
945 417 1169 456 dubitabitis,
1206 417 1339 460 inquit,
1373 417 1458 460 quin
1488 417 1590 448 coitio
1610 415 1716 459 fincta
1737 419 1800 457 sit,
1834 431 1911 451 cum
1936 418 2048 450 tribus

159 471 346 515 plerasque
375 483 452 502 cum
473 471 590 503 Plotio
620 473 741 504 tulerit
763 472 971 514 Plancius?)
1015 471 1078 502 EX
1108 470 1337 512 parilitate
1366 469 1696 511 congruentium
1729 470 2045 514 suffragiorum

164 524 388 555 nitebatur
409 523 595 565 probare
619 525 875 557 Laterensis
900 523 1275 566 conspirationem
1301 522 1511 564 quandam
1534 521 1688 563 fuisse,
1714 526 1878 566 quando
1904 524 2044 564 ethic,

164 576 238 618 qui
259 587 358 607 reus
382 582 462 616 est,
487 583 525 608 et
548 577 716 609 Plotius
739 589 813 621 per
836 577 1002 609 easdem
1026 576 1168 608 tribus
1193 575 1407 617 designati
1430 575 1528 607 sint.
1573 575 1878 619 Respondetur
1900 590 1919 609 a
1942 577 2044 608 Tul-

162 630 244 670 lio,
267 641 351 660 non
377 640 467 661 esse
487 629 746 670 mirandum,
785 630 942 673 quippe
972 641 1065 661 cum
1095 628 1338 671 designatio
1369 629 1411 660 in
1436 628 1600 659 duobus
1631 630 1808 662 eandem
1838 629 2043 663 habuerit

162 681 479 724 aequalitatem
501 682 853 725 suffragantium·
899 683 1062 714 Puncta
1085 683 1196 713 enim
1222 683 1291 714 hic
1317 694 1400 713 non
1422 681 1554 713 aliter
1577 694 1696 724 quam
1721 683 1762 714 in
1788 683 2043 715 defensione

161 735 362 767 Murenae
384 735 599 778 suffragia
621 735 892 778 significant.
938 736 993 766 Et
1014 735 1200 777 magis—
1217 737 1240 777 ¹)
1264 735 1304 766 id
1329 734 1565 766 confirmat
1586 743 1786 778 paratum
1809 743 1853 768 ut
1874 736 2042 768 aediles

159 788 449 828 sortirentur,
474 789 676 830 quoniam
701 788 890 820 discerni
913 788 1166 820 huiusmodi
1192 788 1473 830 magistratus
1497 789 1585 820 nisi
1608 796 1727 821 sorte
1751 803 1831 822 non
1854 794 2042 833 possent.

161 841 323 873 SCHOLIA
346 843 553 873 UATICANA.
598 842 727 873 Eadem
754 853 838 884 quae
860 842 989 873 scholio
1012 841 1193 885 praeposui
1220 842 1322 873 uerba
1338 841 1433 872 Tulli
1456 842 1491 872 in
1514 842 1731 885 palimpsesto
1750 846 1826 877 Uat.
1850 842 2043 886 praeposita

161 901 259 933 sunt,
294 894 351 936 qui
375 906 414 925 eo
438 900 567 926 tantum
590 907 608 926 a
632 895 765 936 uolgata
792 894 960 937 scriptura
984 895 1153 934 dissentit,
1188 894 1277 937 quod
1303 893 1423 925 uitiose
1450 895 1571 938 inquio
1594 907 1657 938 pro
1681 897 1794 940 inquit
1817 897 1900 940 quin
1931 895 2041 927 habet.

160 948 338 979 Praeterea
377 953 492 978 tuetur
521 947 744 988 dubitabitis3
787 959 830 980 ex
860 959 925 990 quo
955 948 1082 979 iniuria
1107 959 1126 979 a
1154 959 1208 979 me
1237 947 1264 977 B
1299 952 1332 977 et
1354 946 1382 977 E
1413 948 1612 979 auctoritate
1643 949 1810 982 dubitatis
1840 949 2044 992 rescriptum

161 1013 231 1034 esse
253 1006 403 1043 apparet.

244 1055 303 1087 Aa
329 1059 361 1085 te
384 1053 448 1085 illa
470 1059 679 1097 argumenta
705 1054 916 1096 duxerunt&
961 1054 1153 1085 Pronomen
1184 1054 1249 1086 illa
1272 1052 1419 1085 refertur
1441 1053 1482 1085 ad
1505 1054 1694 1096 sequentia,
1736 1062 1769 1087 et
1795 1055 1837 1087 ad
1867 1056 2042 1088 duxerunt

159 1106 406 1150 supplendum:
439 1113 477 1138 ut
499 1107 669 1146 crederes,
701 1119 762 1150 per
786 1107 966 1138 coitionem
991 1107 1098 1137 tribus
1122 1114 1296 1149 corruptas
1320 1119 1400 1139 esse.
1445 1109 1582 1147 Nexus,
1613 1120 1713 1150 quem
1737 1110 1874 1152 quidam
1897 1108 2042 1139 editores

158 1173 228 1192 non
253 1166 515 1202 perspexerunt,
552 1159 608 1191 hic
631 1166 690 1191 est.
736 1160 849 1202 Pergit
873 1160 1009 1197 Cicero,
1039 1159 1128 1200 quod
1154 1160 1182 1201 ἕ.
1207 1160 1259 1192 43.
1284 1161 1412 1202 coepit,
1447 1160 1696 1201 demonstrare,
1731 1174 1800 1194 non
1824 1161 2042 1204 corruptione

158 1213 310 1245 tribuum
342 1218 392 1243 set
420 1212 582 1254 legituma
608 1214 740 1245 ratione
762 1214 936 1245 Plancium
966 1213 1173 1244 aedilitatem
1204 1225 1274 1245 esse
1303 1214 1474 1256 adeptum.
1519 1213 1571 1245 Ac
1595 1215 1744 1256 primum
1774 1214 1910 1258 quidem
1936 1214 1964 1254 ξ.
1988 1212 2040 1253 49·

158 1266 266 1298 tribus
290 1277 308 1296 a
331 1265 465 1296 Plancio
490 1277 559 1296 nou
582 1278 652 1299 esse
675 1273 866 1310 corruptas,
897 1278 940 1298 ex
964 1279 1002 1297 eo
1025 1265 1103 1297 satis
1131 1266 1262 1297 elucere
1287 1267 1383 1305 dicit,
1416 1265 1506 1307 quod
1530 1266 1700 1308 prioribus
1723 1269 1790 1300 iam
1813 1267 1975 1305 comitiis,
2006 1265 2041 1296 in

158 1319 279 1361 quibus
296 1318 389 1349 nulla
406 1325 461 1349 aut
476 1318 578 1350 fuerit
590 1327 647 1352 aut
668 1332 737 1352 esse
763 1320 911 1364 potuerit
934 1319 1122 1362 largitionis
1145 1320 1301 1362 suspicio,
1325 1319 1478 1351 Plancius
1502 1319 1619 1351 aedilis
1646 1329 1730 1354 esset
1746 1322 1947 1364 designatus.
1974 1317 2040 1350 Ni-

157 1371 343 1405 hilominus
372 1371 466 1403 addit
494 1371 567 1403 fieri
597 1373 765 1415 potuisse,
800 1380 837 1405 ut
867 1373 1112 1416 posterioribus
1135 1373 1279 1404 comitiis
1302 1372 1494 1404 Laterensis
1525 1381 1696 1406 crearetur
1719 1375 1852 1414 aedilis,
1885 1374 1913 1405 si
1935 1370 2038 1404 modo

157 1425 287 1469 populo
317 1424 446 1455 interea
477 1425 555 1456 satis
585 1425 729 1457 demisse
759 1427 994 1468 supplicasset,
1029 1438 1139 1468 neque
1170 1438 1309 1468 magnae
1334 1426 1454 1469 populi
1484 1426 1573 1468 parti
1596 1426 1746 1459 infensus
1774 1426 1912 1466 fnisset,
1945 1424 2038 1455 cuius

156 1478 262 1510 animi
284 1478 400 1508 relicta
423 1478 613 1510 tribunatus
636 1479 801 1521 petitione
827 1479 1044 1510 uehementer
1067 1480 1106 1509 ab
1131 1491 1169 1510 co
1194 1478 1321 1510 fuerint
1347 1479 1536 1511 abalienati.
1583 1480 1679 1521 Quae
1702 1492 1778 1512 cum
1800 1481 1846 1512 ita
1868 1480 1952 1518 sint,
1996 1488 2039 1508 ex

157 1543 214 1572 eo,
252 1531 341 1573 quod
372 1531 526 1572 quamuis
558 1531 784 1573 dignis-sumus
813 1532 982 1563 aedilitate
1007 1532 1141 1563 Plancio
1174 1538 1285 1563 tamen
1306 1532 1512 1575 postpositus
1539 1532 1597 1571 sit,
1639 1534 1777 1564 omnino
1800 1537 2038 1576 argumentum

156 1591 256 1627 negat
279 1583 355 1614 duci
379 1584 420 1614 ad
443 1584 658 1626 probandum
683 1596 798 1627 posse,
834 1585 1007 1616 Plancium
1033 1585 1201 1628 corruptis
1225 1585 1379 1616 tribubus
1407 1597 1476 1616 esse
1498 1585 1641 1617 aedilem
1664 1585 1800 1618 sactum.
1846 1588 1917 1618 lam
1947 1590 2040 1627 patet

155 1638 352 1670 rectissume
374 1648 515 1679 pergere
539 1643 708 1669 oratorem
732 1638 862 1670 uerbis:
887 1639 945 1671 An
970 1644 1001 1670 te
1024 1639 1088 1671 illa
1109 1644 1318 1682 argzmzenta
1341 1639 1542 1670 duxeruut?
1565 1645 1645 1679 etc.,
1669 1651 1779 1682 neque
1801 1639 1979 1682 quicquam
2002 1637 2039 1668 in

154 1692 196 1723 iis
218 1690 417 1722 mutandum
443 1702 523 1721 esse.

241 1743 442 1782 Dabz‘tatis,
467 1745 549 1788 quin
573 1744 675 1776 coitio
689 1743 794 1787 facta
817 1745 882 1783 sit,
904 1757 981 1777 cum
1004 1744 1114 1777 tribus
1131 1745 1318 1788 plerasque
1341 1757 1418 1777 cum
1438 1745 1555 1777 Plotio
1581 1745 1701 1777 tulerit
1725 1745 1894 1777 Plancius
1903 1742 1933 1788 Ρ)
1965 1744 2039 1775 Ne-

159 1809 223 1840 que
247 1798 328 1828 haec
352 1798 454 1827 uerba
479 1808 587 1838 neque
612 1808 695 1838 quae
721 1809 888 1840 proxume
918 1803 1077 1829 secuntur
1107 1798 1147 1827 ab
1173 1799 1358 1830 editoribus
1388 1799 1566 1840 explanata
1588 1804 1683 1837 sunt,
1723 1809 1926 1839 quamquam
1957 1806 2039 1838 prae

158 1849 277 1882 ceteris
301 1849 526 1890 explicatione
558 1849 709 1891 egebant.
755 1851 837 1882 Tria
866 1850 1090 1893 potissumum
1117 1857 1213 1889 sunt,
1253 1864 1337 1893 qnae
1360 1852 1455 1882 nobis
1479 1852 1542 1882 hoc
1566 1851 1606 1882 de
1630 1853 1703 1882 loco
1726 1850 1896 1882 monenda
1918 1849 2039 1880 uiden—

159 1910 233 1936 tur:
257 1902 426 1945 primum,
451 1913 534 1942 quae
557 1901 661 1933 fuerit
685 1902 801 1942 coitio,
828 1915 927 1945 quam
951 1903 1143 1934 Laterensis
1168 1903 1341 1935 Plancium
1365 1905 1454 1935 inter
1477 1911 1509 1936 et
1528 1904 1675 1936 Plotium
1699 1904 1821 1936 factam
1844 1903 1944 1941 dicit3
1979 1902 2039 1932 de-

156 1956 237 1990 inde
260 1966 359 1997 quam
382 1954 453 1985 uim
476 1962 673 1996 argumenta
695 1956 854 1995 habeant,
894 1956 1014 1998 quibus
1037 1956 1182 1998 probare
1206 1957 1335 1988 studuit
1357 1957 1567 1996 Laterensis,
1602 1959 1783 1990 coitionem
1804 1956 1926 1988 factam
1949 1965 2036 1993 esse3

156 2008 301 2050 denique
325 2007 495 2049 quomodo
520 2009 638 2040 Cicero
661 2016 858 2052 argumenta
880 2010 937 2040 illa
960 2009 1000 2040 ab
1026 2010 1209 2041 Laterense
1234 2010 1344 2040 adlata
1368 2008 1523 2041 refellere
1546 2018 1682 2043 conatus
1708 2011 1761 2042 sit.

241 2062 294 2094 Ac
315 2060 466 2102 primum
490 2062 628 2104 quidem
656 2075 732 2094 cum
756 2064 936 2095 coitionem
966 2074 985 2093 a
1010 2063 1145 2094 Plancio
1172 2074 1248 2094 cum
1271 2063 1382 2094 Plotio
1414 2062 1534 2095 factam
1555 2064 1748 2096 Laterensis
1779 2062 1876 2101 dicit,
1911 2072 2037 2093 conue-

155 2115 243 2148 nisse
271 2113 360 2144 inter
391 2124 446 2144 eos
479 2114 520 2145 de
545 2115 699 2147 tribubus
728 2115 1005 2158 corrulnpentliS‚
1046 2122 1084 2147 ut
1116 2116 1215 2147 ambo
1246 2116 1370 2146 aediles
1394 2124 1606 2156 crearentur,
1642 2117 1815 2159 significat.
1861 2116 1915 2147 EX
1938 2120 2035 2158 pacto

154 2170 215 2201 illo
240 2174 383 2208 uterque
406 2173 536 2198 certum
559 2168 726 2209 quendam
752 2169 903 2201 tribuum
928 2180 1108 2200 numerum
1133 2169 1180 2200 ita
1205 2169 1347 2200 debebat
1369 2169 1432 2200 sibi
1456 2170 1634 2201 conciliare
1658 2176 1691 2201 et
1705 2169 1896 2208 deuincire,
1920 2174 1957 2198 ut
1980 2178 2036 2197 ea-

155 2233 231 2254 rum
264 2219 422 2262 suffragia
454 2231 522 2250 non
545 2221 630 2252 alius
655 2233 754 2263 quain
777 2222 931 2253 Plancius
961 2229 994 2253 et
1015 2223 1145 2254 Plotius
1175 2222 1316 2254 ferrent.
1362 2221 1555 2254 Istiusmodi
1587 2223 1733 2254 coitione
1762 2222 1870 2253 multo
1904 2219 2034 2251 facilius

156 2274 348 2305 candidatos
374 2272 608 2314 magistratum
631 2286 733 2316 quem
754 2275 914 2318 petebant
936 2276 1075 2318 adipisci
1100 2276 1261 2320 potuisse,
1285 2275 1403 2307 uidere
1425 2275 1460 2306 in
1474 2281 1680 2320 promptust.
1724 2276 1813 2307 Nam
1832 2273 1920 2316 finge
1934 2274 2036 2305 Plan-

233 2425 260 2464 1)
298 2425 480 2455 Ucrsiculus
499 2437 599 2465 prope
619 2437 742 2456 uacuus.
782 2426 821 2457 A.
841 2428 961 2457 Mnus.
