2185 2720
841 127 865 156 C
886 127 914 155 A
935 128 977 156 P.
1017 125 1178 155 XXVIII.
1212 123 1240 165 §.
1274 130 1320 158 68.
1969 132 2022 160 179

138 206 276 240 tentiam
299 204 455 244 eandem,
480 214 565 246 quae
587 203 644 235 hic
665 208 732 242 est,
754 202 924 243 adiecerit,
946 201 1052 234 immo
1075 212 1119 233 ex
1140 200 1194 232 his
1216 200 1298 243 ipsis
1319 200 1431 233 uerbis
1454 200 1585 243 egregie
1611 198 1888 233 conformauerit:
1912 213 2021 245 pecu-

138 261 235 293 niam
257 259 318 302 qui
341 259 485 297 retinet,
519 269 586 290 non
604 256 781 295 dissoluit,
813 257 874 301 qui
895 255 1068 294 reddidit,
1096 266 1164 287 non
1186 254 1297 288 habet.
1340 256 1462 297 Neque
1485 254 1576 285 enim
1601 259 1779 293 necessest,
1811 259 1867 292 ut,
1900 265 2021 295 quem-

137 310 319 344 admodum
340 310 375 342 in
398 310 518 353 gratia,
558 309 604 341 ita
626 309 726 340 etiam
755 309 791 340 iu
814 308 975 351 pecunia,
1013 307 1103 339 idem
1125 307 1251 349 ubique
1281 308 1424 340 uerbum
1449 308 1653 339 adhibeatur.
1698 307 1793 339 Haec
1813 306 1924 350 prima
1944 317 2022 349 pars

136 363 396 408 enthymematis
417 363 513 395 nullo
536 368 663 394 constat
685 363 868 394 uerborum
882 361 969 401 lusu,
993 367 1025 392 et
1043 360 1310 404 quibuscumque
1331 361 1444 392 uerbis
1466 360 1603 392 eandem
1630 360 1721 392 illius
1738 359 1937 392 sententiam
1957 371 2021 391 ex-

135 417 281 460 primas,
304 423 395 448 recte
415 416 481 448 fiat.
527 417 609 450 on
631 422 742 448 autem
764 427 823 447 aes
845 420 917 446 erat
938 414 1006 446 iam
1026 414 1157 458 pridem
1179 414 1215 446 in
1239 421 1380 457 utraque
1401 415 1547 452 Ueneni,
1577 414 1764 456 meritoque
1786 412 2020 455 Naugerianae

135 469 271 502 Jectioni
294 470 501 512 praefertur,
526 481 624 512 quam
647 469 716 502 cod.
739 468 838 501 Barb.
865 474 897 500 et
918 479 1013 499 meus
1035 467 1174 507 habent,
1208 467 1301 499 cuius
1325 468 1400 500 fons
1422 473 1470 498 est
1490 466 1567 498 inde
1589 466 1807 508 repetendus,
1841 465 1928 508 quod
1950 464 2021 496 fre—

137 523 365 565 quentissume
392 522 596 553 scribebatur
626 535 660 555 es
683 522 809 564 absque
840 521 1068 564 diphthongo,
1108 520 1388 561 quemadmodum
1411 519 1573 562 scriptum
1595 518 1668 561 ipse
1690 519 1761 550 uidi
1783 519 1819 550 in
1842 518 1894 550 ed.
1916 518 2018 550 Rom.

136 576 171 608 h.
194 575 217 607 l.
242 582 273 607 et
300 575 337 606 in
359 574 488 606 duobus
512 575 605 606 Gelli
634 574 731 608 codd.
758 575 894 606 Barber.
923 585 1018 606 num.
1052 573 1143 605 1235·
1173 573 1267 605 2156.
1301 573 1364 605 hoc
1397 573 1509 616 ipsum
1539 572 1635 603 Tulli
1663 572 1824 611 uerbum,
1860 571 1952 613 quod
1983 570 2020 602 111

136 635 274 671 optumo
298 627 390 660 Gelli
413 628 527 659 codice
550 627 641 670 regio
663 627 780 659 itidem
800 628 1019 671 deprauatum
1044 633 1122 665 erat,
1146 632 1183 658 ut
1205 626 1240 657 in
1262 626 1434 669 plerisque
1457 624 1636 657 Tullianis.
1661 625 1922 657 GARATONIUS.
1945 625 2019 657 Ne-

136 692 202 722 que
227 680 377 712 Iulianus
399 681 518 713 rhetor
537 691 648 722 neque
663 679 846 712 Lambinus
870 680 905 711 in
928 680 1127 723 explicando
1149 680 1213 711 hoc
1236 679 1309 711 loco
1330 685 1419 710 recte
1441 678 1566 710 uersati
1590 683 1678 709 sunt.
1723 678 1886 710 Maxume
1908 683 2020 708 tamen

136 732 261 764 errauit
286 733 490 774 Lambinus,
532 733 620 776 quod
649 744 711 775 pro
741 734 801 777 qui
825 738 942 765 autem
964 732 1061 765 debet
1089 732 1268 774 legendum
1303 733 1364 776 qui
1391 738 1508 765 autem
1536 731 1637 764 habet
1663 731 1806 774 putauit.
1851 729 2020 762 Certissu-

135 792 262 816 mumst
284 785 394 826 enim,
432 787 503 818 siue
525 787 621 820 debet
643 786 714 817 siue
736 786 837 818 habet
858 785 1003 827 legatur,
1038 784 1162 816 debere
1185 785 1238 816 his
1261 785 1390 824 uerbis,
1420 784 1454 815 id
1480 784 1571 826 quod
1593 795 1655 814 1100
1677 784 1788 827 ipsum
1811 782 2019 815 Lambinum

135 837 233 882 fugit,
256 839 322 871 hoc
344 839 425 872 dici:
451 840 511 884 qui
533 845 650 871 autem
671 837 772 871 habet
787 838 975 882 pecaniam
996 838 1102 870 alteri
1126 838 1287 871 debitam.
1331 838 1506 870 Postulant
1528 837 1562 869 id
1583 837 1687 869 uerba
1709 851 1766 870 aes
1783 838 1908 870 retinet
1930 836 2020 868 alie-

135 905 236 931 num,
268 903 353 935 quae
377 904 446 923 non
470 898 613 935 possunt
636 891 701 923 dici
725 891 766 922 de
787 903 846 929 eo,
879 890 937 933 qui
958 890 1156 933 simpliciter
1172 892 1360 935 pecuniam
1383 891 1525 930 habere,
1557 896 1608 922 set
1631 890 1688 932 qui
1706 891 1893 934 pecuniam
1913 890 2019 922 alteri

134 945 285 977 debitam
306 946 428 978 habere
449 945 552 977 dictus
575 950 634 976 est.
679 945 751 976 Iam
773 945 801 975 si
822 944 858 975 111
880 943 1149 976 antecedentibus
1170 955 1239 975 non
1254 944 1399 987 simplex
1421 956 1546 976 nomen
1562 944 1741 987 pecuniae,
1764 950 1812 975 set
1833 943 1937 975 uerba
1951 954 2016 986 pe-

135 999 240 1030 czmia
267 999 372 1030 alteri
399 997 514 1030 debita
543 998 650 1040 posita
676 997 830 1035 fuissent,
865 997 912 1028 ita
933 1003 970 1028 ut
990 996 1096 1028 lector
1119 1003 1249 1028 coactus
1272 1004 1354 1029 esset
1380 998 1461 1028 haec
1490 996 1562 1039 ipsa
1583 997 1687 1028 uerba
1708 997 1747 1027 ad
1769 1008 1822 1035 ea,
1857 1006 1941 1037 quae
1963 1006 2018 1026 se-

135 1057 272 1089 cuntur,
301 1051 478 1093 supplere,
507 1056 579 1082 tum
606 1045 863 1093 quodammodo⁴
885 1049 1003 1082 Cicero
1034 1050 1095 1094 qni
1124 1055 1240 1082 autem
1263 1051 1364 1083 habet
1386 1050 1531 1081 scribere
1561 1049 1733 1093 potuisset.
1777 1050 1879 1081 Nunc
1906 1054 2019 1079 autem

135 1114 212 1133 cum
232 1103 336 1134 solius
352 1104 523 1146 pecuniae
545 1115 671 1134 nomen
694 1103 729 1134 111
752 1103 811 1141 iis,
841 1114 925 1145 quae
949 1102 1174 1145 praecedunt,
1203 1102 1352 1145 positum
1375 1103 1433 1143 sit,
1464 1102 1604 1135 debebat
1624 1103 1677 1141 id,
1710 1102 1797 1145 quod
1818 1102 1890 1144 ipse
1911 1102 2018 1133 Lam-

136 1156 233 1187 binus
258 1155 438 1187 diceudum
458 1155 561 1188 fuisse
584 1156 768 1197 intellexit,
800 1156 840 1187 iis
864 1156 996 1195 uerbis,
1021 1166 1105 1198 quae
1129 1155 1248 1186 Cicero
1270 1155 1402 1198 posuit,
1429 1156 1614 1187 necessario
1637 1155 1718 1195 dici,
1745 1155 1927 1197 scribique:
1957 1156 2018 1198 qui

135 1215 252 1241 autem
274 1209 371 1241 debet
400 1208 421 1239 1.
447 1220 475 1239 0.
504 1209 563 1251 qui
586 1209 764 1252 pecuniam
794 1209 892 1240 alteri
916 1208 1062 1240 debitam
1085 1208 1196 1239 habet.
1240 1208 1397 1241 Inductus
1427 1214 1574 1240 ceterum
1598 1209 1633 1240 111
1656 1221 1808 1240 01·1·01·0111
1830 1207 2018 1239 Lambinus

136 1261 268 1293 uidetur
298 1273 353 1301 00,
389 1262 480 1304 quod
510 1274 645 1294 sensum
672 1261 850 1294 locutionis
876 1263 1064 1305 pec-uniam
1086 1261 1275 1293 dissoluere
1300 1273 1371 1293 11011
1400 1268 1498 1293 norat
1521 1274 1661 1304 eamque
1684 1274 1703 1293 a
1723 1261 1893 1293 locutione
1909 1273 2018 1305 pecu-

136 1315 231 1346 niam
260 1315 393 1347 soluere
423 1327 493 1346 11011
522 1315 658 1347 differre
689 1315 851 1347 censebat.
897 1315 974 1356 Quo
998 1314 1083 1345 sacto
1110 1325 1188 1345 sane
1211 1314 1278 1345 iam
1300 1314 1356 1345 hic
1372 1316 1544 1360 pecuniae
1572 1327 1697 1346 nomen
1720 1319 1940 1357 praegnanter
1964 1312 2018 1344 di-

136 1373 226 1398 ctum
255 1379 317 1410 pro
345 1369 494 1411 pecunia
521 1369 626 1401 alteri
653 1369 768 1402 debita
798 1367 1069 1399 existumandum
1102 1373 1195 1401 esset.
1238 1369 1370 1400 Uerum
1403 1369 1546 1400 uerbum
1574 1368 1787 1401 dissoluendi
1818 1367 1863 1397 sic
1891 1371 2018 1398 constat

135 1420 310 1463 usurpari,
335 1427 372 1452 ut
394 1420 546 1452 debitum
568 1422 700 1453 soluere
723 1421 895 1464 significet.
940 1420 1109 1462 Exempla
1131 1420 1211 1451 uide
1233 1432 1286 1464 ap.
1311 1422 1504 1453 Schutzium
1528 1422 1563 1453 in
1586 1421 1657 1453 Iud.
1678 1422 1753 1452 Lat.
1778 1420 1846 1451 Cic.
1871 1418 1931 1450 sub
1954 1418 2018 1449 hac

136 1484 219 1505 uoce
244 1485 279 1504 11.
305 1485 333 1515 7.
356 1485 390 1516 p.
418 1473 504 1506 140..
551 1475 709 1507 Ceterum
732 1475 829 1507 facile
851 1474 1073 1509 intellectust7
1109 1474 1213 1505 uerba
1241 1476 1361 1507 statim
1383 1487 1450 1507 non
1478 1475 1577 1507 habet
1600 1475 1654 1513 id,
1692 1474 1783 1517 quod
1804 1472 1958 1504 reddidit
1978 1470 2016 1501 in

135 1526 226 1558 hunc
250 1536 320 1556 esse
343 1537 477 1558 sensum
501 1527 605 1559 dicta:
630 1539 669 1559 eo
693 1528 855 1571 temporis
876 1535 1065 1567 momento,
1091 1540 1157 1570 quo
1181 1527 1332 1560 dissoluit
1353 1528 1543 1572 pecuniam,
1567 1527 1690 1558 desinit
1712 1527 1836 1558 habere
1857 1525 1904 1564 id,
1928 1524 2017 1566 quod

136 1578 292 1617 reddidit3
324 1584 357 1610 et
379 1580 564 1612 uerborum
589 1581 650 1625 qui
671 1587 787 1614 autem
809 1581 923 1620 debet,
961 1593 1018 1613 cles
1044 1582 1170 1613 retinet
1194 1582 1348 1614 alienum
1369 1582 1455 1613 hanc
1478 1593 1548 1613 esse
1568 1580 1784 1612 sententiam:
1825 1578 1882 1621 qui
1907 1578 2017 1617 debet,

137 1632 232 1672 facit,
271 1638 307 1663 ut
328 1632 374 1672 is,
411 1634 465 1664 cui
486 1634 668 1676 pecuniam
691 1634 808 1674 debet,
846 1640 951 1665 careat
975 1645 1013 1665 ea
1034 1645 1088 1673 re,
1128 1645 1211 1676 quae
1233 1640 1282 1665 est
1303 1634 1420 1676 ipsius.
1467 1634 1566 1676 Quod
1589 1646 1681 1666 secus
1704 1632 1868 1675 significat
1889 1642 1959 1662 esse
1981 1630 2019 1661 111

136 1697 194 1726 eo,
232 1685 290 1728 qui
319 1685 460 1727 gratiam
489 1687 623 1719 habeat:
663 1699 740 1720 eum
771 1688 880 1727 enim,
915 1687 1045 1718 etiamsi
1072 1699 1143 1718 nou
1172 1686 1294 1718 referat
1323 1687 1479 1729 gratiam,
1516 1693 1629 1719 tamen
1657 1698 1727 1718 nou
1752 1686 1880 1725 facere,
1913 1691 1952 1716 ut
1977 1684 2015 1725 is,

134 1750 154 1770 a
175 1750 242 1780 quo
266 1738 428 1770 beneficio
451 1740 596 1772 adfectus
620 1740 677 1780 sit,
705 1741 775 1771 ulla
796 1753 849 1780 re,
875 1752 960 1782 quae
983 1740 1086 1783 ipsius
1109 1740 1165 1778 sit,
1195 1747 1314 1772 careat.

219 1791 331 1824 Uenio
354 1803 445 1823 nunc
466 1793 508 1824 ad
531 1794 701 1825 Iulianum
723 1795 913 1829 rhetorem,
951 1793 1010 1835 qui
1038 1804 1241 1836 quamquam
1267 1799 1356 1824 recte
1375 1793 1525 1825 locutum
1549 1793 1747 1824 Ciceronem
1770 1803 1840 1824 esse
1862 1803 1932 1823 non
1953 1801 2017 1821 ne-

135 1843 243 1886 gauit,
282 1848 396 1876 tamen
423 1857 485 1876 nec
515 1847 579 1879 hoc
608 1859 689 1879 uere
719 1847 823 1886 dixit,
858 1846 1008 1889 potuisse
1038 1847 1074 1878 in
1099 1847 1230 1878 conlata
1253 1846 1423 1878 debitione
1444 1847 1607 1890 pecuniae
1630 1852 1662 1877 et
1684 1846 1809 1888 gratiae
1835 1844 2016 1887 utrobique

134 1896 279 1929 uerbum
301 1897 419 1931 debere
439 1900 584 1940 seruari,
624 1912 686 1932 nec
706 1900 784 1932 illut
806 1905 978 1943 postremo
1005 1900 1182 1943 perspicue
1213 1899 1414 1942 explimust,
1451 1911 1510 1930 cur
1532 1900 1675 1931 uerbum
1699 1899 1794 1932 debet
1816 1899 1851 1930 in
1872 1897 2016 1942 pecunia

133 1960 276 1993 ponere,
299 1949 335 1981 in
357 1952 464 1993 gratia
484 1959 597 1984 autem
620 1953 720 1986 habet
742 1953 894 1985 subicere
920 1953 1083 1985 debuerit.
1129 1954 1216 1984 Cum
1243 1952 1389 1984 dubitari
1412 1964 1480 1984 non
1503 1953 1620 1995 possit,
1645 1952 1727 1994 quin
1750 1953 1869 1984 debere
1892 1963 1934 1983 ex
1957 1951 2017 1983 de-

134 2003 250 2036 hibere
272 2009 478 2037 contractum
503 2007 622 2038 eodem
644 2007 747 2039 modo
772 2007 829 2046 sit,
855 2019 921 2049 quo
940 2006 1107 2051 praebere
1132 2018 1175 2038 ex
1191 2006 1397 2050 praehibere
1420 2012 1452 2036 et
1472 2006 1620 2038 dil-ibere
1642 2017 1685 2036 ex
1708 2005 1896 2043 dislzibere,
1917 2003 2016 2035 facile

132 2061 243 2100 patet,
264 2058 450 2100 pecuniam.
471 2060 590 2093 debere
610 2060 749 2104 proprie
771 2060 857 2091 nihil
880 2061 961 2092 aliut
984 2072 1053 2091 esse
1075 2060 1140 2091 nisi
1163 2060 1285 2093 habere
1310 2060 1351 2091 de
1371 2059 1481 2091 altero
1498 2060 1685 2103 pecuniam
1710 2058 1732 2089 i.
1758 2070 1785 2089 0.
1809 2057 1932 2089 habere
1953 2068 2017 2099 pe-

134 2109 284 2148 cuniam,
324 2120 409 2151 quae
434 2118 483 2144 est
504 2114 654 2146 alterius.
697 2115 754 2146 Ex
777 2126 843 2156 quo
866 2114 1093 2157 intellegitur,
1127 2114 1286 2157 gratiam
1306 2112 1430 2145 habere
1459 2117 1491 2142 et
1508 2113 1695 2155 pecuniam
1718 2111 1836 2143 debere
1858 2121 2016 2141 examus-

133 2164 196 2195 sim
226 2163 291 2194 sibi
320 2165 541 2208 respondere,
577 2173 774 2210 tantumque
804 2180 843 2199 eo
874 2168 1026 2207 differre,
1063 2167 1151 2210 quod
1182 2177 1266 2208 quae
1297 2165 1390 2197 notio
1419 2163 1454 2194 in
1481 2164 1652 2196 locutione
1682 2164 1866 2208 pecuniam
1895 2161 2014 2194 debere

132 2216 238 2248 uerbo
269 2216 388 2249 debere
416 2217 586 2261 inhaeret,
624 2222 720 2254 eain
745 2221 915 2254 locutione
944 2223 1102 2265 gratiam
1123 2219 1246 2253 habere
1275 2217 1485 2250 substantiuo
1515 2218 1657 2261 gratiae
1679 2217 1877 2248 continetur.
1922 2215 2013 2246 Nam

133 2270 170 2302 in
192 2281 258 2313 quo
279 2271 403 2313 gratia
425 2282 496 2304 esse
517 2273 660 2313 dicitur,
696 2275 724 2307 is
747 2281 912 2307 necessest
939 2276 979 2306 ab
1011 2274 1114 2306 altero
1145 2272 1309 2315 acceperit
1337 2270 1537 2302 beneficium
1566 2270 1708 2312 ideoque
1730 2269 1850 2300 habeat
1872 2265 2012 2308 aliquid,

136 2322 225 2366 quod
246 2323 343 2354 alteri
363 2323 490 2357 debeat.
537 2328 756 2371 Optumeque
784 2340 896 2360 secum
919 2339 1101 2371 congruere
1125 2326 1183 2357 has
1210 2325 1395 2357 locutiones
1421 2334 1584 2355 maxume
1605 2329 1679 2354 tum
1701 2322 1736 2352 in
1761 2321 1875 2352 oculos
1897 2319 2014 2350 incur—

135 2376 194 2414 rit,
232 2386 308 2407 cum
329 2377 520 2420 notionem,
557 2393 623 2424 qua
650 2381 769 2414 debere
789 2381 901 2412 differt
931 2381 971 2412 ab
994 2380 1136 2419 habere,
1173 2378 1209 2410 in
1228 2378 1397 2410 locutione
1414 2377 1601 2421 pecuniam
1623 2374 1742 2407 debere
1766 2373 1871 2406 uerbo
1895 2372 2013 2404 debere

135 2427 338 2471 dempseris,
368 2430 606 2478 demptamque
633 2434 743 2477 posito
769 2434 874 2466 uerbo
900 2433 1022 2467 habere
1044 2431 1205 2465 adiectiuo
1228 2430 1329 2463 alicui
1350 2429 1565 2464 adtribueris.
1600 2428 1703 2470 idque
1725 2427 1772 2460 sio
1793 2424 2012 2458 coniunxeris

1534 2488 1568 2514 35
1583 2483 1596 2498 *
