2185 2720
871 157 896 187 C
916 156 946 186 A
966 157 1008 186 P.
1046 156 1135 186 XLI.
1162 155 1190 197 §.
1217 163 1263 190 97.
1284 160 1330 190 98.
1987 164 2041 191 241

154 248 278 271 moneo
300 240 431 272 tamen,
458 245 478 265 a
497 233 603 267 simili
624 234 699 266 loco
721 243 786 277 pro
809 233 905 266 Sext.
928 244 958 265 c.
978 231 1032 265 65.
1056 242 1130 263 eam
1152 231 1345 264 confirmari
1366 231 1506 272 diserte,
1541 231 1601 265 ubi
1621 239 1896 266 conmemoratur
1916 233 2042 266 diserte

154 291 278 324 (lomus
299 287 416 322 Laeni
436 288 559 320 Flacci
579 293 613 320 et
628 288 748 332 patris
770 292 805 320 et
816 287 954 331 fratris
977 287 1065 320 eius.
1108 286 1370 318 GARATONIUS.

242 351 527 397 Dyrrhachium,
543 350 649 394 *quod
669 355 746 382 erat
768 350 805 381 in
817 347 898 392 fide
921 361 1014 388 mea,
1033 354 1155 393 petere
1177 348 1349 390 contendi)
1391 348 1447 381 Ad
1469 348 1668 382 Terentiam
1689 350 1799 390 XIV,
1824 361 1851 382 1.
1874 350 2038 391 Dyrrha-

154 406 273 440 chium
294 405 396 444 ueni,
427 404 519 448 quod
537 409 570 436 et
592 403 703 435 libera
727 402 856 434 ciuitas
878 408 930 434 est
952 402 1108 444 (ideoque
1129 401 1204 444 Iege
1227 401 1345 434 Clodia
1368 412 1439 432 non
1464 402 1613 445 tenetur)
1636 409 1669 435 et
1692 404 1728 435 in
1753 416 1806 436 me
1830 403 1982 447 officiosa
2005 410 2037 435 et

149 470 328 504 proxuma
355 458 498 490 Italiae.
542 457 601 489 Set
623 456 655 488 si
675 468 728 488 me
751 455 901 499 offendet
926 456 995 488 loci
1015 454 1216 494 celebritas,
1252 455 1323 487 alio
1345 467 1398 487 me
1420 454 1607 498 conseram.
1651 457 1733 487 Nou
1753 457 1835 488 haec
1856 462 1930 487 tum
1953 455 2039 486 scri-

151 511 238 555 psit,
265 521 342 542 cum
364 509 517 553 primum
539 508 798 552 Dyrrhachium
820 508 965 551 adpulit,
988 515 1038 540 set
1060 520 1137 541 cum
1160 519 1201 539 eo
1223 507 1322 540 rediit
1343 507 1407 540 VI.
1432 507 1510 539 Kal.
1534 508 1751 544 Decembris:
1775 516 1807 541 et
1828 509 1875 540 ita
1896 509 1937 540 ad
1957 520 2039 540 ean-

153 563 233 595 dem
255 574 309 607 ep.
331 563 381 595 5.:
403 564 486 607 Ego
508 575 545 595 eo
566 562 704 594 nomine
725 574 803 594 sum
817 562 1023 606 Dyrrhachi
1044 562 1100 605 (ab
1115 558 1369 603 Thessalonica)
1389 560 1452 593 hoc
1474 566 1624 604 tempore
1646 561 1772 604 (pridie
1794 562 1872 593 Kal.
1889 563 2039 594 Decem—

152 616 255 658 bris),
278 621 319 648 ut
340 628 445 660 quam
467 617 655 648 celerrume
675 615 762 660 quid
783 620 916 658 agatur
947 615 1115 654 audiam5
1138 620 1171 647 et
1193 626 1270 646 sum
1293 618 1389 645 tato.-
1417 613 1545 645 ciuitas
1568 614 1659 646 enim
1683 614 1767 646 haec
1788 627 1920 659 semper
1941 628 1964 647 a
1985 627 2038 647 me

151 667 341 711 defensa-st.
384 669 506 701 Priore
527 669 679 701 aduentu
700 667 743 698 de
764 667 902 699 Plancio
925 673 960 699 et
981 666 1222 699 Thessalonica
1245 677 1314 697 non
1337 665 1518 708 cogitabat,
1542 672 1593 698 set
1608 679 1675 710 per
1698 668 1960 707 Macedoniam,
1982 668 2037 699 in-

151 720 228 763 quit
249 721 347 764 epist.
370 721 422 761 4.,
456 722 619 766 Cycicum
634 720 857 765 petebamus,
888 726 922 752 et
939 721 1000 752 III.
1023 719 1066 751 ad
1088 720 1192 753 Attic.
1217 720 1246 751 6.
1271 718 1367 751 nobis
1390 719 1456 750 iter
1482 725 1532 751 est
1555 720 1592 751 iri
1614 719 1758 759 Asiam,
1787 733 1948 752 maxume
1970 721 2036 764 (fy-

150 775 284 814 cicum3
310 773 387 818 data
411 774 556 817 epistula
570 775 672 807 XIV.
690 774 769 806 Kal.
786 773 905 812 Maias,
928 784 995 815 quo
1017 772 1092 816 ipso
1115 773 1168 804 die
1189 771 1423 804 Brundusium
1446 771 1551 803 uenit.
1594 772 1739 816 Propter
1759 780 1890 806 metum
1912 774 2033 805 scilicet

149 838 252 869 quam
275 826 484 869 longissume
506 827 742 870 profugiebat3
774 826 900 859 itemm
923 825 1201 867 Thessalonicae,
1231 831 1270 858 ut
1291 824 1348 857 1110
1369 823 1460 857 iufra
1481 825 1554 868 ipse
1576 824 1721 866 fatetur,
1752 826 1788 858 111
1810 826 1902 858 idem
1923 827 2036 858 consi-

149 879 237 912 lium
258 879 410 912 reccidit.
458 880 720 912 GARATons.

237 959 268 1001 §.
293 958 345 1002 93.
390 958 476 991 Cum
499 964 635 992 tantum
658 957 814 991 abessent
839 958 975 1003 aliquot
997 959 1133 992 dierum
1154 958 1265 1003 uiam)
1308 959 1437 992 Uocem
1469 963 1607 990 tantum
1640 969 1684 990 ex
1713 958 1788 1004 Erf.
1820 971 1906 992 unus
1935 959 2037 992 habet

149 1017 229 1056 post
242 1010 430 1044 Graeuium
442 1012 616 1052 Emesam,
640 1018 674 1044 et
686 1018 796 1050 recte3
820 1011 923 1043 ceteri
939 1023 1055 1044 omnes
1078 1011 1197 1055 scripti
1219 1017 1252 1042 et
1269 1010 1352 1042 editi
1376 1016 1459 1043 tum.
1505 1011 1563 1042 Set
1585 1023 1706 1044 uocem
1728 1013 1863 1057 aliquot
1884 1013 1924 1045 ab
1939 1013 2035 1048 Oliu.

146 1071 181 1097 et
202 1065 349 1097 Lallem.
372 1064 563 1107 adoptatam
591 1077 669 1097 cum
692 1065 863 1098 Graeuius
892 1069 936 1096 ex'
959 1065 1036 1097 Mso
1060 1064 1180 1096 eodem
1203 1063 1407 1103 restituerit,
1441 1064 1612 1096 inuectam
1635 1071 1750 1096 contra
1773 1066 1878 1098 libros
1901 1066 1982 1097 (licit
2015 1078 2034 1098 a

146 1117 317 1150 Lambino
339 1116 376 1148 in
398 1117 444 1150 U.
467 1117 530 1149 L..
575 1118 686 1161 Atqui
708 1119 896 1152 Lambinus
918 1118 955 1150 in
977 1117 1124 1150 secunda
1144 1117 1293 1149 editione
1316 1117 1458 1149 retinuit
1481 1119 1680 1162 aliquorum
1703 1130 1779 1150 cum
1803 1118 1964 1161 uolgatis,
2000 1123 2034 1149 et

144 1171 375 1203 coniecturam
396 1169 493 1201 illam
515 1170 740 1204 uerissumam
762 1173 899 1217 aliquot
919 1171 1067 1214 margini
1089 1169 1279 1213 adscripsit,
1305 1170 1344 1201 de
1368 1182 1434 1213 qua
1455 1171 1587 1203 laudari
1610 1171 1781 1203 debuerat.
1808 1172 1918 1203 Immo
1934 1176 2033 1202 antea

146 1223 319 1256 Corradus
344 1223 368 1254 l.
400 1234 429 1254 0.
457 1234 493 1267 p.
528 1221 616 1264 164„
667 1225 749 1257 dum
779 1225 843 1257 ista
873 1236 916 1257 ex
947 1224 1063 1257 Tullio
1086 1223 1308 1262 describeret,
1331 1223 1395 1255 hoc
1416 1224 1529 1267 ipsum
1551 1226 1687 1269 aliquot
1709 1224 1841 1267 egregie
1862 1230 2031 1268 posuerat,

144 1276 260 1309 nescio
281 1282 399 1309 utrum
421 1276 462 1308 de
485 1276 695 1319 coniectura,
729 1289 772 1310 an
795 1290 878 1310 uero
903 1290 946 1310 ex
968 1278 1082 1321 aliqua
1109 1276 1219 1309 ueteri
1242 1275 1402 1307 editione.
1434 1278 1696 1309 GARATONIUS.
1743 1277 1841 1319 Quod
1866 1277 2034 1310 Graeuius

144 1329 388 1362 Erfurtensem
409 1330 534 1363 habere
558 1330 665 1372 dixit,
696 1337 850 1371 tantum,
879 1331 913 1362 id
937 1343 1007 1363 11011
1029 1331 1149 1371 habet,
1175 1336 1226 1362 set
1247 1329 1363 1361 scribit
1385 1341 1462 1361 cum
1484 1331 1567 1362 Bau.
1592 1337 1719 1363 tamen.
1763 1329 1833 1362 Cfr.
1856 1329 1966 1363 Praef.
1989 1331 2032 1362 ad

143 1383 245 1416 Uarr.
267 1383 379 1415 Lectt.
410 1395 454 1416 ex
478 1385 550 1418 cod.
583 1383 658 1416 Erf.
683 1390 773 1416 enot.
796 1396 831 1428 p.
854 1374 1074 1418 LXXVIH..
1119 1384 1199 1416 Duo
1222 1388 1352 1414 tantum
1374 1382 1471 1423 libri,
1505 1395 1567 1415 1100
1591 1384 1616 1415 11
1640 1390 1799 1427 optumae
1822 1391 1939 1425 notae,
1973 1384 2032 1417 Mc

144 1442 178 1468 et
199 1436 268 1477 Lc,
292 1441 430 1470 tantum
451 1438 595 1479 habent,
626 1438 752 1481 reliqui
775 1444 860 1470 tum.
905 1438 946 1469 In
969 1436 1125 1469 sollemni
1151 1436 1275 1467 harum
1297 1435 1541 1479 particularum
1563 1436 1782 1476 confusione,
1813 1437 1853 1468 de
1877 1449 1942 1480 qua
1963 1436 2031 1468 ibi-

144 1488 224 1520 dem
243 1489 375 1529 monui,
397 1490 432 1522 id
449 1492 679 1533 potissumum
701 1491 755 1535 agi
776 1491 883 1532 debet,
908 1497 948 1522 ut
970 1502 1071 1533 quam
1093 1489 1260 1521 sententia
1282 1488 1446 1532 requirat,
1470 1489 1645 1522 uideamus
1662 1502 1803 1533 eamque
1815 1490 2027 1534 recipiamus.

141 1541 216 1573 Iam
238 1553 321 1573 uero
347 1548 422 1575 tum
443 1545 646 1587 particulam
668 1556 688 1576 a
709 1556 809 1577 sensu
831 1545 898 1577 loci
920 1545 1173 1576 alienissumam
1196 1554 1283 1582 esse,
1307 1548 1428 1585 sponte
1449 1548 1552 1585 patet.
1596 1544 1719 1585 Neque
1743 1550 1856 1576 tamen
1878 1543 2032 1587 particu-

141 1595 228 1635 lam,
265 1606 351 1637 quae
372 1595 409 1627 in
432 1596 562 1631 duobus
587 1598 737 1642 optumis
761 1598 853 1630 codd.
878 1604 987 1638 extat,
1024 1598 1104 1630 huic
1125 1598 1201 1629 loco
1223 1595 1407 1628 conuenire
1429 1600 1532 1637 puto,
1572 1607 1776 1638 quamquam
1798 1596 2031 1640 recipiendam

144 1646 296 1680 Orellius
325 1646 440 1689 duxit,
473 1651 665 1694 explicans:
706 1664 746 1684 ea
771 1652 982 1696 cogitatione
1001 1657 1196 1696 permotuS,
1230 1650 1310 1681 illos
1333 1654 1446 1681 tamen
1469 1647 1584 1680 abesse
1606 1650 1741 1694 aliquot
1763 1651 1899 1682 dierum
1921 1650 2030 1688 uiam,

142 1701 180 1734 in
202 1701 447 1735 Macedoniam
464 1705 622 1748 perrexi.
664 1704 716 1737 At
739 1710 813 1736 tum
836 1705 901 1737 hoc
924 1704 1048 1736 diceret
1074 1704 1214 1736 Cicero:
1253 1702 1445 1733 dubitabam
1467 1700 1503 1732 in
1528 1701 1763 1734 Macedoniam
1785 1714 1946 1746 pergere,
1979 1708 2031 1734 set

141 1760 272 1793 tamen,
296 1766 373 1787 cum
397 1755 527 1799 aliquot
550 1757 684 1789 dierum
707 1757 772 1789 iter
794 1759 963 1798 abessent,
987 1757 1136 1801 perrexi.
1183 1755 1284 1798 Quod
1305 1761 1434 1798 pugnat
1457 1766 1533 1786 cum
1556 1766 1655 1786 sensu
1678 1756 1778 1787 totius
1803 1756 1878 1796 loci,
1903 1756 1938 1787 in
1962 1768 2030 1798 quo

143 1806 263 1838 Cicero
287 1808 508 1850 apertissume
530 1810 705 1853 significat,
729 1823 764 1843 se
778 1810 1035 1855 Dyrrhachium
1058 1809 1169 1841 statim
1192 1808 1379 1851 reliquisse,
1404 1807 1482 1850 quia
1495 1819 1604 1850 prope
1620 1807 1748 1840 fuerint
1770 1808 2029 1840 sceleratissumi

141 1859 298 1892 homines
320 1872 468 1904 suaeque
490 1863 591 1895 saluti
613 1875 775 1896 maxume
798 1863 937 1904 infensi,
961 1870 1079 1906 atque,
1103 1868 1142 1894 ut
1163 1862 1284 1905 procul
1307 1861 1347 1892 ab
1369 1861 1409 1893 iis
1433 1867 1536 1901 esset,
1560 1862 1596 1892 in
1610 1861 1846 1893 Macedoniam
1867 1861 1907 1892 ad
1926 1861 2029 1892 Plan-

140 1912 232 1944 cium
253 1914 457 1957 perrexisse.
502 1916 619 1959 Itaque
644 1928 721 1948 011111
744 1917 914 1956 Graeuio,
939 1916 1116 1956 Ernestio,
1145 1921 1178 1946 et
1202 1914 1388 1947 Garatonio
1413 1920 1552 1947 tantum
1574 1915 1775 1957 particulam
1797 1914 1930 1958 recepi3
1962 1926 2028 1956 qua

138 1971 275 2009 recepta
299 1966 437 2008 Cicero,
478 1968 512 2001 id
536 1969 628 2012 quod
650 1970 836 2002 sententiae
858 1969 924 2002 loci
946 1968 1392 2007 accommodatissumumst‚
1427 1967 1593 2010 significat
1613 1980 1665 2008 se,
1704 1975 1885 2011 antequam
1909 1968 1960 1999 illi
1985 1968 2028 1999 de

138 2019 291 2052 aduentu
312 2032 373 2052 suo
395 2021 509 2053 audire
530 2024 738 2066 potuissent,
768 2024 805 2055 in
827 2022 1064 2056 Macedoniam
1086 2020 1298 2065 perrexisse,
1329 2020 1434 2062 idque
1454 2020 1573 2052 fecisse
1596 2027 1795 2064 propterea,
1832 2020 1924 2063 quod
1949 2027 2027 2053 tan-

139 2078 212 2104 tum
232 2073 364 2116 aliquot
386 2073 518 2106 dierum
539 2077 631 2109 uiam
654 2077 803 2109 afuerint
823 2077 965 2118 ideoque
988 2076 1028 2107 de
1050 2075 1199 2107 aduentu
1221 2086 1282 2106 suo
1305 2073 1404 2105 facile
1427 2073 1586 2105 certiores
1610 2072 1684 2104 fieri
1708 2074 1894 2116 potuerint.

224 2141 270 2174 In
290 2143 535 2177 Macedoniam
556 2147 605 2179 ad
625 2147 881 2190 Planciumque
901 2144 1053 2189 perrexi)
1096 2144 1253 2176 Fortasse
1274 2142 1417 2181 rectius,
1457 2143 1506 2174 ad
1526 2142 1714 2176 Plancium
1738 2155 1768 2186 q.
1776 2167 1787 2182 ,
1817 2143 1850 2174 id
1876 2149 1943 2183 est,
1976 2144 2025 2176 ad

136 2194 326 2228 Plancium
349 2202 575 2240 quaestorem.
601 2200 817 2232 MANUTms.
861 2199 959 2229 Hanc
975 2197 1144 2240 egregiam
1167 2196 1303 2229 Manuti
1325 2196 1569 2228 correctionem
1587 2207 1626 2226 eo
1646 2195 1758 2227 minus
1781 2195 1933 2239 recipere
1957 2196 2023 2228 du-

136 2246 259 2287 bitaui,
283 2258 350 2290 quo
373 2250 479 2292 magis
501 2251 542 2282 ab
569 2264 632 2285 usu
653 2251 819 2285 sermonis
845 2251 943 2282 latini
965 2251 1164 2290 alienumst,
1188 2250 1278 2281 inter
1300 2261 1426 2280 nomen
1448 2249 1525 2286 loci,
1549 2249 1585 2280 in
1609 2261 1710 2291 quem
1732 2249 1812 2287 itur,
1839 2256 1873 2280 et
1896 2261 2023 2281 nomen

135 2299 295 2343 hominis,
319 2300 359 2332 ad
383 2313 484 2344 quem
506 2305 687 2345 acceditur,
711 2305 870 2348 copulam
892 2304 1121 2347 interponere.
1169 2303 1238 2335 Cic.
1262 2314 1325 2346 pro
1350 2303 1485 2334 Cluent.
1511 2301 1548 2333 C.
1573 2302 1686 2333 LXII.
1712 2303 1741 2343 ς.
1760 2303 1829 2342 175.
1854 2302 2022 2342 Quom—

137 2353 176 2385 in
197 2352 389 2387 Falernum
421 2368 457 2388 se
478 2357 527 2389 ad
547 2357 582 2390 C.
605 2359 821 2399 Quintilium
844 2359 1056 2390 contulisset.
1087 2356 1128 2387 de
1150 2356 1236 2388 Har.
1259 2356 1364 2397 Resp.
1395 2355 1433 2386 C.
1459 2355 1560 2386 XVI.
1595 2355 1625 2396 §.
1653 2355 1704 2386 55.
1745 2355 1834 2395 Quis
1864 2357 2021 2400 legatum

136 2407 421 2440 ‚Thessalonicam
441 2409 490 2441 acl
513 2417 671 2443 nostrum
693 2412 926 2456 inperatorem
948 2411 1083 2443 uenisse
1106 2409 1239 2441 nescit?
1284 2408 1387 2440 Corn.
1411 2408 1536 2450 Nepot.
1560 2408 1703 2447 XVIII,
1731 2408 1784 2442 15.
1808 2407 1839 2439 4.
1867 2409 2022 2453 Ossaque

96 2500 102 2504 ⁷
135 2460 210 2492 eius
232 2459 269 2491 ill
291 2459 546 2504 Cappadociam
567 2465 616 2497 ad
636 2471 783 2501 matrem
804 2470 908 2509 atque
931 2476 1074 2497 uxorem
1095 2462 1286 2506 liberosque
1308 2461 1382 2494 eius
1405 2462 1620 2505 deportanda
1642 2467 1823 2494 curura-ut.
1866 2462 2019 2498 Accedit,

1562 2519 1597 2545 43
