2185 2720
111 153 166 180 200
764 147 1331 194 COMMENTARIUS.

111 222 234 254 debere
264 220 456 261 commoda,
489 231 575 262 quae
596 221 830 265 unusquisque
858 222 896 254 in
918 222 981 255 hac
1002 235 1116 255 caussa
1140 234 1184 254 ex
1208 222 1380 255 Ciceronis
1401 223 1591 266 patrocinio
1614 223 1734 267 capiat.
1776 225 1817 257 Id
1837 224 1884 256 sic
1905 223 1987 257 facit

111 282 240 316 orator,
270 282 309 307 ut
329 274 427 305 dicat:
458 273 594 316 Agitur
617 276 774 308 studium
795 282 913 316 taum,
942 277 1001 309 uel
1022 278 1146 316 etiam,
1175 277 1207 308 si
1229 277 1303 315 uis,
1331 276 1570 317 existumatio,
1602 277 1680 309 laus
1701 277 1895 310 aedilitatis
1917 277 1986 319 (uel

110 328 292 370 aedilitas):
325 333 363 360 at
390 326 450 359 Cu.
471 325 601 359 Planci
628 328 743 368 salus,
773 329 918 373 patria,
939 328 1124 372 fortunae.
1167 329 1386 371 Apertumst,
1420 335 1592 372 postrema
1617 329 1740 369 uerba,
1774 330 1897 372 agitur
1925 329 1987 363 Ca.

110 381 240 415 Planci
268 381 363 413 salas
393 385 455 410 etc.
487 378 523 409 iu
545 378 636 410 huuc
665 391 734 411 esse
759 393 896 413 sensum
918 381 1023 414 dicta:
1065 383 1128 413 Cn.
1151 381 1307 414 Plancius
1329 387 1386 413 aut
1409 381 1534 413 amittit
1560 382 1704 414 salutem
1726 387 1806 421 etc.‚
1841 381 1871 413 si
1892 393 1912 413 a
1932 392 1988 413 me

112 434 262 466 desertus
292 433 575 475 condempnatur,
612 439 669 464 aut
697 434 821 465 retinet
847 434 990 466 salutem
1025 440 1105 473 etc.‚
1145 433 1174 465 si
1201 445 1221 465 a
1249 446 1305 465 me
1332 433 1487 466 defensus
1516 434 1713 467 absoluitur.
1757 433 1889 466 Eodem
1917 433 1989 466 fere

111 487 212 519 modo
235 486 340 518 uerba
361 486 485 529 agitur
507 485 664 517 studium
686 492 785 519 tuum
812 486 897 518 dicta
926 498 996 518 esse
1020 492 1167 529 oportet.
1210 486 1265 519 Ac
1286 488 1443 520 studium
1466 487 1604 530 quidem
1627 487 1709 530 quid
1732 486 1897 529 significet
1924 485 1991 517 hoc

112 540 204 579 loco,
237 539 298 570 etsi
320 550 420 571 nemo
444 537 627 580 explicuit,
659 544 773 571 tamen
794 551 864 572 non
887 546 935 572 est
957 540 1155 578 obscurum3
1190 538 1327 570 denotat
1348 539 1584 572 uehementem
1607 540 1798 572 Laterensis
1821 538 1990 582 cupidita-

113 598 181 624 tem
212 591 370 623 uincendi
401 591 437 622 in
461 590 535 622 foro
559 602 654 631 eum,
692 602 712 622 a
735 604 801 634 quo
824 591 860 624 in
883 604 1000 635 campo
1032 591 1141 623 uictus
1165 597 1223 623 est.
1268 592 1387 633 Itaque
1415 593 1572 636 agitur
1602 594 1759 625 studium
1786 599 1886 625 taum
1921 597 1989 625 est:

114 645 272 688 expletur
303 643 448 676 studium
477 649 592 684 tuum,
625 644 652 675 si
675 644 791 676 Planci
816 656 963 677 caussam
994 644 1146 676 deserens
1177 655 1238 687 ego
1260 650 1372 676 tecum
1395 644 1520 683 efficio,
1555 652 1594 677 ut
1618 646 1898 689 condempnetur,
1932 649 1990 676 aut

114 710 184 730 non
211 698 384 741 expletur,
421 696 450 728 si
475 697 592 728 Planci
614 709 762 729 caussam
790 709 890 739 agens
919 696 1047 736 efficio,
1083 703 1120 728 ut
1143 697 1347 730 absoluatur.
1391 697 1500 729 Porro
1529 700 1653 742 agitur
1680 698 1903 732 existumatio
1928 702 1992 730 tua

114 757 192 793 apte
215 751 374 783 dictumst
396 750 461 791 ita,
482 756 522 781 ut
543 749 720 793 significet:
747 750 873 782 amittis
898 751 1023 782 bonam
1046 749 1086 780 de
1108 756 1140 781 te
1162 749 1304 791 famam,
1331 749 1359 781 si
1380 749 1566 782 absoluitur
1587 751 1753 790 Plancius,
1775 756 1834 782 aut
1853 749 1991 790 retines,

115 803 144 834 si
167 802 444 847 condempnatur.
487 803 578 834 Nam
607 803 719 834 uereri
748 803 864 845 utique
885 802 1080 834 Laterensis
1111 802 1272 843 debebat,
1308 814 1352 834 ne
1372 803 1462 834 male
1490 804 1530 834 de
1558 815 1593 835 se
1614 804 1768 837 homines
1794 803 1992 843 iudicarent,

116 855 143 886 si
166 867 208 886 ne
232 855 268 886 in
291 855 367 887 foro
393 855 527 898 quidem
549 854 682 887 uicisset
701 867 796 896 eum,
834 867 935 897 quem
964 855 1002 886 in
1023 867 1141 898 campo
1171 866 1330 898 superare
1362 855 1431 887 iam
1454 856 1639 896 debuisset,
1677 863 1709 888 et
1729 856 1854 888 iterum
1880 856 1992 889 uictus

117 918 161 938 ex
184 907 306 939 iudicio
332 908 542 940 discessisset.
587 908 786 950 Aptissume
810 908 940 940 additur
971 908 1068 947 laus,
1109 909 1236 951 quippe
1259 919 1344 950 quae
1367 909 1526 951 consequi
1550 911 1850 942 existumatzonem
1874 909 1992 941 soleat.

118 959 188 992 Csr.
213 961 251 992 C.
274 961 410 992 XXIII.
436 962 466 1002 §.
489 962 541 992 55.
566 961 641 993 alia
663 967 696 993 te
721 961 831 1000 ratio,
852 962 927 993 alia
952 961 1120 1004 cogitatio
1143 962 1190 993 acl
1211 974 1305 1005 spem
1325 962 1430 994 liuius
1453 963 1670 1005 opprimendi
1692 962 1877 994 excitauit.-
1916 973 1993 994 nuz-

114 1024 208 1057 gnae
231 1019 313 1045 sunt
335 1013 372 1045 in
395 1019 427 1045 te
450 1025 547 1057 opes3
571 1015 640 1046 late
656 1019 758 1058 patet
777 1014 921 1057 gratia3
945 1014 1050 1046 multi
1071 1014 1195 1055 amici,
1226 1014 1330 1046 multi
1351 1015 1470 1057 cupidi
1496 1015 1565 1054 tui,
1587 1015 1691 1046 multi
1704 1013 1871 1057 fautores
1893 1014 1993 1046 lau-

117 1066 186 1098 dis
219 1071 330 1098 tuae.
373 1065 467 1097 Ante
495 1071 674 1108 utramque
704 1078 823 1097 uocem
852 1073 966 1098 autem
994 1066 1192 1109 praeposuit
1215 1066 1334 1097 Cicero
1363 1066 1468 1097 uerba
1496 1067 1554 1098 uel
1578 1067 1700 1108 etiam,
1736 1067 1767 1098 si
1789 1067 1863 1106 uis,
1900 1065 1994 1108 quotl

118 1117 191 1160 ipse
213 1129 324 1160 neque
346 1118 383 1149 in
405 1129 523 1161 campo
548 1119 768 1150 Laterensem
789 1118 915 1150 iniuria
936 1131 956 1151 a
978 1120 1114 1151 Plancio
1139 1130 1209 1150 esse
1231 1124 1438 1161 superatum,
1462 1130 1573 1161 neque
1595 1119 1632 1151 in
1649 1119 1771 1151 iudicio
1794 1118 1916 1149 debere
1937 1117 1994 1149 ui-

119 1176 245 1202 ctorem
268 1170 434 1203 discedere
454 1171 609 1203 confiteri
628 1171 750 1214 potuit.
797 1172 955 1214 Sequitur
975 1173 1120 1204 uerbum
1150 1173 1362 1211 aedilitatis,
1399 1171 1489 1213 quod
1511 1171 1583 1203 siue
1605 1183 1681 1204 casu
1704 1171 1914 1204 nominatiuo
1937 1181 1994 1201 ec-

117 1221 263 1263 feratur,
299 1223 371 1255 siue
395 1224 565 1267 genitiuo,
606 1224 703 1255 nullo
732 1224 832 1255 modo
860 1236 938 1256 cum
959 1225 1099 1267 reliquis
1128 1225 1241 1257 uerbis
1264 1224 1446 1256 conuenire
1473 1224 1631 1256 uidimus.
1674 1225 1793 1267 Itaque
1815 1235 1876 1266 ego
1897 1223 1934 1255 in
1956 1234 1996 1255 ea

119 1287 194 1307 sum
216 1277 401 1317 sententia,
437 1282 474 1308 ut
503 1277 696 1309 aedilitatis
726 1277 766 1308 ab
787 1277 972 1321 interprete
994 1278 1033 1309 ad
1056 1278 1290 1321 explicandam
1312 1288 1432 1309 uocem
1463 1277 1580 1310 laudis
1602 1275 1748 1308 additum
1770 1284 1898 1320 putem.
1941 1277 1994 1309 Eo

120 1328 212 1360 enim
244 1329 368 1361 omisso
399 1330 502 1361 totius
531 1329 598 1361 loci
625 1330 789 1371 sententia
818 1331 951 1373 egregie
982 1342 1016 1362 se
1047 1331 1158 1363 habet.
1202 1331 1324 1363 Altera
1345 1337 1458 1362 autem
1481 1330 1645 1373 scriptura
1665 1331 1830 1363 aedilitas
1857 1336 1931 1362 orta
1951 1330 1993 1361 ab

120 1382 162 1414 iis
184 1382 330 1414 librariis
353 1388 418 1422 est,
454 1382 511 1424 qui
536 1382 781 1425 conpendium,
808 1395 873 1425 quo
897 1383 1065 1426 genitiuos
1087 1384 1188 1415 scribi
1208 1384 1304 1423 solet,
1328 1395 1398 1415 nou
1419 1383 1683 1421 intellexerunt3
1707 1383 1796 1424 quod
1819 1395 1921 1426 quam
1941 1382 1995 1415 fa-

122 1435 187 1466 cile
211 1434 284 1466 fieri
306 1435 476 1477 potuerit,
504 1435 563 1478 qui
586 1435 713 1466 codices
735 1436 867 1467 saeculo
890 1437 981 1469 XIV
1005 1443 1037 1468 et
1057 1438 1131 1470 XV
1155 1437 1296 1480 scriptos
1318 1437 1491 1479 legerunt,
1517 1442 1713 1478 conpertum
1736 1436 1870 1468 habent.

205 1488 387 1521 Distineor
409 1488 538 1530 tamen)
585 1489 611 1520 F
615 1500 704 1520 rane.
734 1500 787 1532 pr.
815 1489 1009 1529 distrahor,
1054 1490 1142 1532 quod
1164 1501 1226 1533 pro
1249 1489 1344 1520 uaria
1366 1488 1510 1520 lectione
1533 1488 1632 1520 habet
1659 1500 1775 1532 margo
1798 1488 1872 1520 cod.
1895 1488 1994 1520 Barb.

123 1548 157 1573 et
181 1541 290 1573 nihilo
315 1540 459 1572 deterius
483 1547 540 1572 est.
587 1541 815 1583 Coniungitur
844 1542 946 1573 etiam
974 1543 1169 1575 distrahere
1196 1553 1272 1573 cum
1302 1542 1468 1574 diuellere
1495 1540 1585 1573 infra
1607 1553 1635 1573 c.
1659 1545 1712 1578 42.
1742 1553 1804 1584 pro
1827 1541 1922 1572 Sulla
1942 1552 1994 1573 20.

123 1601 156 1626 et
178 1595 204 1626 Ι.
229 1594 269 1625 de
291 1594 366 1625 Fin.
397 1594 445 1624 16.
473 1594 734 1626 GARATOMUS.
777 1595 887 1626 Immo
920 1607 963 1626 ne
987 1595 1053 1626 dici
1087 1595 1221 1637 quidem
1252 1596 1430 1627 distrahor
1459 1600 1493 1626 et
1518 1595 1667 1627 diuellor
1694 1596 1810 1627 dolore
1834 1594 1995 1637 potuisse,

124 1646 177 1678 illi
206 1646 290 1689 ipsi,
334 1657 415 1687 quos
440 1646 645 1679 Garatonius
674 1647 808 1686 adtulit,
844 1647 912 1679 loci
940 1648 1065 1690 aliique
1093 1649 1196 1680 multi
1226 1648 1356 1680 abunde
1384 1647 1564 1679 docebunt.
1606 1647 1765 1688 Accedit,
1803 1648 1896 1690 quod
1917 1647 1997 1679 libri

124 1699 263 1738 Franci,
305 1698 436 1740 saepius
459 1698 671 1743 interpolati,
695 1700 821 1732 nullast
842 1701 1033 1733 auctoritas.

209 1752 254 1783 Ia
277 1763 400 1783 caussa
423 1752 570 1796 dispari)
617 1754 674 1784 Tu
696 1752 787 1784 enim
809 1753 949 1796 perdere
968 1754 1143 1786 Plancium
1162 1754 1226 1795 uis,
1257 1766 1318 1797 ego
1341 1765 1552 1786 conseruare.
1575 1753 1790 1785 MANL‘TIUS.
1835 1754 1918 1785 Non
1939 1764 1997 1784 re-

126 1810 197 1842 cte3
235 1815 383 1846 caussam
407 1803 576 1847 disparem
599 1806 695 1845 dicit,
735 1807 768 1838 in
795 1817 860 1848 qua
881 1806 982 1849 longe
1005 1807 1071 1838 alia
1091 1807 1283 1839 Laterensis
1306 1813 1404 1849 atque
1428 1806 1542 1837 Planci
1564 1805 1718 1837 condicio
1741 1806 1799 1845 sit,
1827 1817 1905 1837 cum
1925 1806 1997 1838 La-

128 1856 266 1888 terensis
291 1868 333 1887 ex
356 1857 656 1900 condempnatione
680 1858 796 1891 Planci
817 1859 908 1890 leuia
930 1860 1092 1901 quaedam
1115 1860 1294 1893 commoda
1313 1866 1552 1902 consequatur,
1585 1859 1740 1890 Plancius
1765 1864 1879 1890 autem
1901 1858 1999 1890 dam-

127 1915 250 1953 pnatus
274 1909 433 1949 salutem,
460 1912 624 1952 patriam,
650 1918 683 1943 et
704 1911 856 1944 fortunas
879 1913 1017 1944 amittat.

213 1963 370 1995 Salutem
384 1975 453 2006 pro
478 1969 510 1996 te
532 1964 698 2008 abiecero)
735 1965 789 1996 Sic
811 1965 930 2007 utique
952 1965 1145 2008 legendum.
1190 1967 1280 1998 Nam
1303 1966 1432 1998 obicere
1453 1966 1602 1998 salutem
1616 1977 1685 2010 pro
1706 1965 1824 2009 aliquo
1846 1975 1918 1996 non
1939 1964 1998 1995 ad-

128 2016 218 2054 dito,
241 2016 295 2046 cui
318 2015 501 2056 obiciatur,
527 2023 566 2049 ut
589 2018 856 2056 discriminibus,
879 2018 1051 2058 hostibus,
1083 2018 1374 2057 contentionibus,
1397 2018 1542 2049 latinum
1565 2030 1602 2050 os
1624 2017 1765 2060 respuit.
1790 2018 1998 2049 GRAEUIUS.

127 2067 250 2102 Adfert
273 2069 477 2100 Garat‘onius
501 2070 561 2102 III.
585 2070 627 2101 ad
651 2070 723 2102 Att.
751 2082 798 2113 19.
824 2071 1013 2114 ZVusquam
1025 2069 1179 2114 facilius
1203 2073 1291 2105 lianc
1313 2072 1555 2103 miserrumam
1576 2071 1689 2103 uitam
1710 2070 1769 2102 uel
1790 2068 1997 2108 sustentabo,

129 2122 203 2161 uel,
240 2122 331 2164 quod
359 2123 501 2154 multost
529 2123 671 2161 melum,
710 2123 874 2156 abiecero.
919 2124 998 2165 Quo
1024 2124 1060 2154 in
1083 2124 1159 2155 loco
1182 2124 1284 2155 simul
1306 2124 1346 2154 ad
1372 2123 1551 2155 discrimen
1577 2124 1683 2155 futuri
1706 2130 1739 2154 et
1759 2121 1868 2154 futuri
1889 2120 1998 2153 exacti

129 2174 429 2214 adtendendumst,
460 2181 500 2206 ut
523 2175 715 2218 intellegas,
745 2187 804 2207 cur
823 2177 888 2208 hoc
910 2177 988 2208 loeo
1009 2176 1163 2208 abiecero
1187 2182 1218 2207 et
1240 2176 1418 2208 tracliclero
1439 2187 1458 2207 a
1482 2177 1646 2208 Cicerone
1668 2176 1712 2207 sit
1735 2175 1873 2206 dictum.

217 2228 247 2269 §.
271 2226 323 2259 80.
367 2227 510 2259 Etenim
539 2227 613 2271 etc.)
657 2228 772 2261 Primo
799 2235 935 2272 aspectu
960 2229 1041 2260 haee
1068 2228 1177 2260 uideri
1199 2234 1341 2271 possunt
1362 2240 1432 2260 non
1455 2230 1531 2261 satis
1561 2229 1741 2261 cohaerere
1766 2238 1842 2259 cum
1863 2230 1998 2257 antece-

132 2279 303 2319 dentibus,
340 2285 512 2322 tamquam
537 2281 671 2321 Cicero,
713 2281 740 2313 si
768 2281 944 2313 Laterensi
974 2281 1104 2321 faueat,
1144 2281 1314 2323 ingratum
1343 2292 1379 2312 se
1408 2282 1494 2314 dicat
1523 2294 1602 2314 esse.
1647 2284 1779 2315 Uerum
1805 2280 1870 2312 hoc
1899 2278 1997 2310 dicit:

130 2332 323 2364 Laterensis
345 2333 435 2364 leuia
456 2333 670 2366 incommoda
692 2345 780 2374 esse,
806 2335 834 2366 si
856 2335 1030 2374 uincatur‚
1053 2334 1169 2365 Planci
1190 2334 1412 2376 grauissima,
1445 2336 1504 2378 qui
1527 2335 1724 2378 dampnatus
1746 2334 1906 2373 salutem,
1935 2343 1999 2376 pa-

132 2385 252 2423 triam,
286 2391 318 2415 et
341 2384 494 2417 fortunas
516 2387 647 2429 perdat.
689 2386 802 2418 Huius
824 2387 944 2430 igitur,
974 2398 993 2418 a
1015 2398 1082 2429 quo
1105 2386 1178 2430 ipse
1202 2393 1354 2419 seruatus
1375 2388 1435 2429 sit,
1466 2401 1536 2421 non
1558 2399 1655 2433 posse
1676 2387 1815 2418 salutem
1837 2397 1857 2417 a
1877 2397 1913 2417 se
1936 2386 1997 2417 de-

134 2437 219 2477 seri,
254 2435 319 2467 nisi
342 2437 369 2468 si
387 2438 491 2471 homo
515 2440 559 2471 sit
579 2439 845 2482 ingratissumus.
