2185 2720
164 148 259 178 XLII
846 143 1375 172 PROLEGOMENA.

164 233 291 262 prorsus
311 220 486 253 conserant,
506 218 543 246 ab
564 218 735 255 interprete
756 217 874 245 adiecta
895 227 977 253 esse,
999 218 1035 245 ab
1056 217 1138 245 omni
1160 216 1388 256 probabilitatis
1409 216 1511 255 specie
1531 217 1687 248 abhorret.
1725 220 1766 249 Et
1785 225 1892 259 quarto
1913 221 2037 260 quidem

167 272 195 298 in
219 271 286 297 loco
307 267 537 298 nnmcndumst,
565 265 803 292 Ambrosianum
826 265 916 293 ctiam
937 276 1004 293 cum
1026 267 1050 294 B
1072 271 1103 294 et
1122 266 1148 293 E
1170 271 1225 293 (ιιιί
1247 264 1373 300 addere5
1402 274 1461 302 quo
1482 264 1582 292 minus
1604 266 1678 303 quin
1697 268 1863 304 genuinum
1883 269 1924 296 sit
1944 269 2037 297 dubi-

165 318 223 347 tari
246 320 356 355 pooest.
397 313 477 340 [ide
499 322 574 349 quac
596 313 632 340 L.
655 314 678 340 Ι.
700 314 732 341 C.
757 313 812 341 llI.
834 312 861 352 §.
887 322 908 340 1.
940 313 1084 341 diximus.
1123 313 1158 340 In
1180 312 1274 340 tertio
1296 312 1365 339 loco
1387 322 1566 350 quamquam
1587 323 1649 341 non
1669 314 1769 342 minus
1789 321 1956 353 certumst,
1976 318 2039 346 ali-

167 364 290 403 quando
311 361 489 400 particulam
512 359 692 398 interpretis
714 372 778 388 esse
799 370 862 387 non
882 370 987 397 posse,
1008 365 1109 388 tamen
1130 360 1162 387 in
1184 370 1247 387 eam
1270 360 1337 397 quis
1358 359 1474 388 ineidat
1493 360 1689 398 opinionem,
1715 361 1795 389 idem
1816 361 1883 398 hic,
1904 364 1986 402 quod
2005 364 2038 392 in

167 413 243 440 locis
265 410 344 442 illis,
374 408 410 435 dc
432 407 542 444 quibus
564 408 596 435 in
619 408 710 436 initio
733 408 824 436 liuius
846 407 993 435 sectionis
1014 407 1230 446 exposuimus,
1256 408 1370 435 factum
1391 417 1466 435 esse.
1506 408 1584 435 Satis
1606 408 1687 436 enim
1709 413 1774 436 crat
1794 408 1926 438 dixisse:
1961 417 1990 439 et
2010 417 2039 439 te

168 461 210 487 ad
229 466 369 486 caussam
397 455 569 491 aliquando
600 457 749 484 ‹lullae-ere
770 455 890 483 omissis
911 455 1015 482 uerbis
1037 457 1219 492 crimenque.
1258 456 1345 484 Patet
1366 455 1425 483 hoc
1445 455 1496 483 uel
1517 465 1556 484 ex
1576 455 1610 484 C.
1631 455 1707 483 XV.
1727 453 1754 494 §.
1775 455 1838 490 36„
1866 455 1920 483 ubi
1940 461 2042 485 orator

168 507 203 534 de
224 504 329 532 cadem
349 512 382 530 re
403 502 532 539 loquens
555 502 740 540 simpliciter
762 502 853 530 dicit:
880 501 931 529 Set
958 502 1130 539 aliquando
1151 505 1313 530 ueniamus
1333 503 1379 530 αιί
1403 513 1564 536 caussam,
1591 504 1625 530 in
1652 513 1714 540 qua
1742 508 1777 530 lu
1805 507 1872 530 etc..
1911 501 1954 529 Et
1973 512 2042 530 cum

166 561 385 591 saepenumero
406 549 442 576 ab
464 549 686 586 interpretibus
708 551 827 578 adiecta
847 558 881 576 ea
903 548 982 583 sint,
1003 559 1079 586 quae
1100 549 1175 576 alibi
1197 550 1233 577 ab
1255 550 1321 588 ipso
1345 549 1463 585 Tullio,
1483 549 1537 577 ubi
1557 549 1680 587 plenius
1701 549 1824 577 locutus
1845 554 1919 585 crat,
1939 548 2045 578 addita·

167 600 384 631 meminerant,
406 596 496 624 facile
517 596 584 633 quis
605 607 722 625 memor
742 606 864 630 eorum,
896 606 971 633 qnae
992 596 1023 623 in
1045 597 1185 624 oratione
1205 598 1317 626 Milon.
1340 598 1372 626 C.
1394 598 1454 625 IX.
1479 596 1506 636 §.
1528 597 1574 625 23.
1601 597 1715 635 scripta
1734 597 1895 635 leguntur,
1925 596 2044 632 Quam—

168 648 276 679 obrem,
297 646 423 677 iudicee,
443 650 476 670 ιιι
498 645 670 680 aliquando
690 645 734 672 ad
752 653 894 672 caussam
917 645 1092 682 crimenque
1112 646 1285 679 ueniamus,
1318 655 1411 683 super
1430 644 1600 682 aliquando
1620 644 1698 674 hanc
1717 645 1855 682 glossam,
1876 645 1913 672 ad
1932 653 2044 672 nomen

168 704 297 725 caussae
325 691 548 730 pertinentem,
582 692 759 728 crimenque
789 691 1019 729 superscribere
1040 691 1152 729 potuit.
1193 692 1263 728 Quo
1293 693 1373 720 facto
1400 691 1453 729 qui
1480 691 1595 729 duplex
1623 692 1762 721 codicum
1793 692 1946 730 scriptura
1966 691 2045 720 oriri

169 742 320 772 debuerit,
342 738 414 766 satis
434 748 472 765 cx
494 738 541 771 iiS,
563 748 638 775 qnae
659 749 751 776 supra
772 738 980 775 exposuinms,
1008 738 1116 766 elucet.
1157 739 1210 766 Sct
1236 744 1401 777 utcumque
1423 738 1460 765 de
1480 737 1537 765 hac
1558 739 1735 767 coniectura
1754 750 1830 775 mea,
1851 750 1939 777 quam
1959 744 2043 767 certe

168 800 230 819 non
251 786 477 826 inprobabilem
506 790 597 823 pute,
625 791 792 820 statuatur,
823 785 894 813 illut
913 786 1073 823 profecto,
1103 786 1185 824 quod
1204 786 1256 814 hic
1282 785 1399 823 agitur,
1424 790 1589 821 certumst,
1616 787 1786 824 aliquando
1805 787 1985 825 particulam
2005 786 2043 814 ab

168 838 235 876 ipso
257 834 364 863 Tullio
386 833 531 871 scriptam
553 843 626 860 esse.
666 834 808 861 Fortasse
830 832 921 860 etiam
943 833 976 861 C.
998 833 1054 861 IV.
1075 831 1102 872 §.
1123 843 1165 871 9.,
1194 844 1283 872 quem
1304 834 1404 862 locum
1425 833 1558 871 primum
1579 833 1688 872 posui,
1715 834 1787 861 uide
1807 835 1949 871 tandem,
1975 835 2044 862 La-

168 885 314 915 terensis,
335 887 486 919 τμιαιιίιιηι.
506 891 560 918 ego
581 891 600 908 a
623 886 650 907 te
671 881 868 913 dissentiam,
894 890 951 918 pro
972 891 1025 916 ego
1045 882 1246 919 pronomine,
1268 881 1347 918 quod
1370 891 1407 909 ex
1428 882 1452 908 B
1474 886 1505 909 et
1524 882 1550 909 E
1571 880 1786 918 recipiundum
1807 881 1897 917 duxi,
1917 891 1986 909 cum
2005 881 2042 909 ab

169 932 339 967 interprete
361 928 495 955 additum
517 938 580 955 esse
601 937 747 965 perquam
769 928 809 955 sit
830 927 1042 966 inprobabile,
1063 930 1159 958 uerba
1179 941 1199 958 a
1219 935 1247 957 le
1267 928 1450 967 expellenda
1470 933 1558 965 sunt,
1589 928 1632 956 ita
1653 933 1687 956 ut
1706 938 1799 967 super
1819 939 1871 966 ego
1889 928 1991 967 posita
2008 927 2043 956 in

170 978 276 1008 codice
298 975 439 1014 principe
458 975 552 1003 fuisse
573 980 746 1002 statuamus.

244 1025 331 1060 Quae
353 1023 385 1050 in
405 1022 531 1060 reliquis
551 1022 627 1050 locis
649 1022 706 1050 soli
728 1023 752 1050 B
773 1027 804 1050 et
824 1023 850 1050 E
871 1023 1004 1057 addunt,
1030 1022 1106 1051 licet
1126 1023 1226 1061 primo
1252 1028 1376 1062 aspectu
1398 1023 1531 1062 cuipiam
1551 1023 1635 1051 salua
1655 1023 1808 1051 sententia
1827 1024 1933 1051 abesse
1953 1032 2044 1061 posse

170 1073 348 1104 uideantur,
377 1075 476 1096 tamen
495 1080 528 1097 re
549 1070 720 1097 accuratius
742 1070 933 1098 considerata
954 1070 1066 1108 partim
1088 1070 1263 1099 Tullianam
1284 1071 1430 1108 loquendi
1452 1070 1722 1106 consuetudinem,
1749 1072 1862 1109 partim
1888 1070 2046 1098 membro-

170 1131 237 1150 rum
265 1117 481 1156 aequalitatem
499 1117 569 1144 addi
590 1117 747 1154 postulare
768 1123 903 1155 apparet.
943 1118 1039 1156 quue
1060 1117 1095 1144 ad
1126 1118 1262 1155 singulos
1292 1119 1376 1146 locos
1403 1118 1435 1145 in
1456 1117 1674 1145 commentario
1703 1129 1719 1146 a
1745 1129 1793 1146 nie
1821 1118 2044 1156 conprobatum

170 1172 256 1206 puto.
298 1166 333 1193 ln
361 1162 554 1202 quibusdam,
594 1164 691 1191 ueluti
720 1164 751 1191 in
771 1165 814 1192 X.
835 1166 894 1194 XI.
916 1166 1007 1193 XVI.
1028 1165 1137 1193 XVII.
1158 1166 1282 1193 XVIII.
1303 1165 1397 1193 XIX.
1417 1164 1513 1201 XX.,
1548 1165 1706 1194 facillume
1727 1166 1819 1195 etiam
1840 1164 2042 1194 describentis

171 1223 276 1243 errore
299 1222 373 1250 quae
395 1211 528 1239 familiae
546 1211 656 1238 tertiae
677 1211 798 1239 codices
819 1213 966 1240 omittunt
986 1213 1129 1240 excidere
1150 1213 1286 1251 potuisse
1308 1217 1399 1251 patet.

246 1261 365 1289 Contra
385 1259 586 1296 interpretum
607 1265 683 1296 puto
705 1259 911 1287 additamenta
931 1270 1013 1294 esse,
1035 1270 1111 1297 quae
1131 1261 1156 1288 B
1177 1266 1208 1288 et
1227 1260 1253 1287 E
1274 1259 1332 1287 soli
1353 1259 1385 1287 in
1406 1258 1454 1287 his
1474 1259 1552 1288 loeis
1572 1260 1668 1289 uerba
1687 1261 1819 1290 addunt:

246 1307 280 1336 C.
303 1306 358 1333 VI.
379 1303 405 1344 §.
431 1305 470 1333 16.
512 1305 571 1332 Cm·
601 1312 634 1333 ίιι
660 1307 697 1334 id
719 1308 752 1334 ιἰι
777 1308 893 1335 iudicio
921 1313 962 1334 zet
980 1307 1073 1345 siat
1099 1310 1262 1345 exprimiS,
1290 1308 1373 1346 quod
1397 1317 1458 1335 non
1476 1308 1523 1344 fit
1543 1310 1578 1336 in
1597 1309 1729 1346 eampo?
1765 1309 1914 1337 Familiae
1933 1309 2045 1339 tertiae

172 1354 294 1384 codjccs
315 1359 349 1380 nt
363 1353 428 1387 fiat
449 1352 603 1380 omittunt.

247 1401 282 1430 C.
303 1400 394 1428 XVI.
415 1397 441 1437 §.
461 1399 506 1427 40.
550 1401 596 1427 Τιι
617 1411 662 1428 me
682 1403 813 1439 ignaro,
843 1412 900 1429 nec
920 1403 1085 1438 opinante,
1116 1404 1214 1431 inscio
1234 1408 1319 1430 noles
1339 1408 1367 1430 et
1387 1408 1455 1430 tuoe
1475 1408 1504 1431 et
1523 1408 1648 1431 tuorum
1667 1405 1887 1432 amicorum
1906 1415 2047 1433 neeessa—

173 1452 252 1484 rios,
273 1449 324 1476 uel
344 1448 466 1483 iniquos
487 1447 537 1474 nel
556 1457 634 1474 mens
656 1449 707 1476 uel
727 1451 820 1476 eliam
841 1449 1037 1486 defensorum
1057 1461 1198 1478 meorum.
1238 1450 1321 1477 Idem
1341 1452 1512 1477 amicorum
1533 1450 1689 1478 omittunt.

247 1496 282 1524 C.
303 1493 414 1522 XXV.
435 1491 461 1531 §.
483 1493 525 1521 (32.
565 1494 677 1523 Omnes
698 1498 779 1523 enim,
799 1498 948 1525 eiusmodi
968 1504 1051 1525 ιιι-[ες
1071 1500 1103 1525 in
1130 1500 1170 1526 iis
1196 1497 1481 1534 reprehetzclztrzlnr,
1510 1499 1564 1535 qui
1583 1508 1652 1525 cum
1665 1498 1804 1536 professi
1825 1503 1898 1525 sunt
1916 1498 2050 1536 satisfa-

173 1553 240 1573 cere
261 1552 318 1570 ηυιι
338 1546 488 1577 pennum
508 1551 567 1569 non
586 1543 619 1569 in
641 1544 698 1575 ι’ἰς,
720 1545 774 1580 qni
793 1554 830 1571 se
853 1543 973 1579 asiai-sse
994 1544 1032 1572 ab
1053 1547 1121 1573 istis
1142 1545 1256 1572 studiis
1277 1545 1472 1579 confitentur.
1511 1545 1595 1573 Idem
1615 1555 1646 1572 se
1667 1545 1822 1573 omittunt.

250 1589 286 1616 In
307 1588 407 1626 primo
428 1586 538 1614 horum
557 1588 694 1616 locorum
716 1600 771 1618 cur
792 1597 825 1618 ut
837 1591 905 1626 fiat
926 1595 956 1618 ct
976 1591 1008 1618 in
1029 1592 1123 1619 tertio
1145 1602 1199 1620 cur
1219 1602 1249 1618 se
1269 1590 1374 1628 spuria
1393 1597 1513 1629 putem,
1541 1591 1717 1630 expositum
1737 1591 1770 1618 in
1791 1591 2048 1622 commentariost.

174 1637 211 1666 In
231 1635 366 1664 secundo
396 1633 497 1671 quiuis
525 1639 631 1671 sponte
660 1636 830 1674 intellegit,
866 1647 979 1666 nomen
1007 1641 1178 1666 amicorum
1204 1649 1220 1665 a
1241 1638 1393 1666 Cicerone
1421 1639 1464 1667 ibi
1493 1649 1556 1667 non
1576 1638 1713 1677 potuisse
1733 1638 1810 1666 addi.
1851 1639 1914 1674 Qui
1932 1644 2050 1668 restant

175 1694 229 1712 sex
249 1682 328 1716 loci,
350 1682 381 1709 in
405 1681 441 1708 iis
463 1691 538 1718 quae
559 1681 617 1709 soli
639 1683 660 1708 B
681 1689 712 1711 et
732 1684 758 1711 E
780 1685 874 1712 uerba
894 1684 1010 1713 habent
1030 1685 1180 1713 eiusmodi
1201 1686 1278 1714 mihi
1298 1686 1462 1721 uidentur,
1490 1691 1525 1714 ut
1544 1691 1648 1714 utrum
1669 1695 1685 1712 a
1705 1684 1813 1712 Tullio
1833 1695 1871 1712 an
1891 1685 1928 1714 ab
1948 1686 2050 1715 intep

176 1735 262 1770 prete
283 1729 422 1768 prosecta
443 1728 520 1762 sint,
543 1732 626 1756 certo
649 1728 705 1758 dlvi
727 1736 866 1769 nequeat.
905 1733 971 1770 Ego
992 1740 1092 1760 tamen
1115 1743 1151 1761 co
1172 1734 1272 1761 minus
1292 1733 1346 1760 illa
1366 1743 1487 1771 quoqne
1506 1733 1647 1771 recipere
1668 1732 1824 1767 dubitaui,
1844 1742 1904 1770 quo
1925 1733 2049 1770 grauior

174 1778 201 1806 B
221 1782 254 1805 et
272 1777 298 1803 Ε
320 1775 460 1803 codicum
482 1775 646 1803 auctoritas
668 1780 729 1811 cst,
747 1789 762 1806 a
783 1789 841 1816 qna
861 1779 905 1807 ibi
926 1785 1044 1808 tantum
1066 1780 1175 1816 defeci,
1196 1781 1249 1808 ubi
1271 1781 1466 1818 granissumis
1488 1779 1674 1818 argumentis
1693 1779 1885 1817 reliquorum
1905 1780 2047 1810 codicum

177 1823 361 1861 scripturam
382 1823 612 1860 praeferendam
635 1833 698 1850 csse
720 1827 902 1864 conprobari
922 1828 1035 1865 potuit.
1075 1828 1154 1855 Loci
1176 1833 1294 1863 autem,
1314 1838 1389 1866 quos
1411 1828 1497 1863 dieo,
1518 1828 1551 1856 hi
1573 1833 1660 1855 sunt:

253 1871 285 1899 C.
306 1870 381 1897 XII.
402 1868 428 1907 §
450 1879 494 1906 29.
538 1871 579 1898 Ut
609 1873 699 1898 uiuat
728 1881 796 1898 eum
813 1876 896 1907 sais,
921 1877 1062 1911 primum
1083 1887 1152 1904 eum
1175 1881 1308 1913 parente
1327 1880 1414 1908 (nam
1431 1885 1495 1902 meo
1515 1875 1631 1903 iudicio
1649 1876 1754 1912 pietas
1773 1873 2052 1911 fundamentum„

178 1920 315 1949 omnium
336 1918 507 1952 mirtulam)
529 1929 616 1954 quem
638 1924 762 1946 aet-etur
783 1924 817 1945 ιιί
836 1921 925 1949 deum
946 1920 1057 1960 (neque
1078 1926 1159 1952 enim
1180 1923 1277 1951 multo
1304 1933 1390 1950 secus
1418 1928 1476 1950 est
1497 1933 1615 1961 parens
1636 1919 1753 1959 liberis)
1783 1927 1870 1949 amat
1889 1933 1962 1951 uero
1983 1927 2050 1952 etc..

178 1965 328 1994 Familiae
349 1964 458 1991 tertiae
479 1964 600 1992 codices
622 1971 666 1993 est
687 1966 843 1994 omittunt.

253 2012 287 2041 C.
307 2011 435 2039 XXIV.
456 2009 481 2049 §.
502 2013 546 2049 59.
587 2015 674 2050 Quae
694 2016 817 2050 scripsit
835 2019 946 2051 grauis
967 2024 995 2045 et
1017 2019 1194 2055 ingeniosus
1210 2023 1315 2055 poeta,
1335 2026 1396 2044 non
1417 2022 1451 2044 ut
1472 2018 1540 2045 illos
1559 2018 1658 2054 regios
1673 2027 1797 2054 pum-05,
1817 2017 1872 2054 qui
1891 2017 1957 2045 iam
1975 2027 2052 2045 nus-

179 2071 274 2099 quam
294 2064 400 2095 erant,
428 2064 472 2086 set
499 2065 535 2086 ut
561 2070 615 2087 nos
643 2066 671 2088 et
693 2066 812 2088 nostros
839 2061 950 2091 liberos
969 2065 1014 2093 ad
1038 2065 1172 2094 laborem
1198 2070 1227 2094 et
1253 2065 1306 2093 ad
1329 2064 1454 2093 laudem
1476 2065 1633 2092 excitaret.
1673 2064 1758 2092 Idem
1777 2065 1822 2092 ad
1839 2068 1910 2092 ante
1929 2065 2052 2093 laudem

179 2107 336 2135 omittuntv

254 2155 288 2183 C·
310 2153 421 2181 XXV·
443 2151 470 2191 ἕ-
491 2152 535 2181 (30-
573 2154 697 2181 Etenim
717 2155 750 2182 ιἰι
772 2157 890 2185 uirtute
909 2159 1000 2186 mulli
1019 2164 1115 2187 sunt
1135 2169 1298 2192 aseensus,
1327 2164 1361 2186 ιιι
1381 2161 1409 2187 is
1425 2159 1532 2196 gloria
1553 2169 1695 2188 maxume
1715 2161 1843 2188 excellat
1863 2164 1929 2188 etc..
1966 2157 2050 2185 Idem

181 2208 253 2230 sunl
274 2201 429 2229 omittunt.

254 2249 289 2277 C·
311 2248 438 2276 XXIX·
457 2246 484 2286 §-
502 2258 546 2285 7¹·
579 2247 655 2276 ch'si
669 2248 717 2286 s⁰
725 2255 786 2278 rte
809 2252 986 2288 existumas,
1006 2263 1055 2281 eos
1069 2254 1186 2282 idcirco
1202 2256 1289 2282 ιιίίαε
1311 2263 1396 2281 meae
1408 2255 1582 2290 pepercisse
1599 2259 1666 2283 etc..
1687 2254 1772 2283 Idem
1784 2254 1873 2292 fhrte
1893 2249 2050 2278 omittunt.

256 2296 291 2324 C·
319 2296 431 2326 XXX·
458 2293 485 2334 ς·
514 2305 558 2332 72.
612 2295 685 2323 Non
713 2307 772 2334 quo
799 2303 889 2335 turpe
915 2300 972 2334 sit,
1003 2307 1178 2337 protectum
1204 2302 1239 2329 ιἰι
1267 2302 1335 2329 acie
1369 2310 1413 2328 ex
1447 2300 1582 2330 hostiam
1609 2302 1753 2331 manibus
1779 2300 1865 2337 eripi.
1904 2297 1989 2326 Idem
2017 2308 2052 2325 ex

183 2343 337 2373 omittunt

257 2391 291 2419 C.
312 2390 474 2418 XXXIII.
499 2388 525 2428 §.
546 2392 590 2419 82.
629 2391 738 2428 IVeqne
758 2394 839 2420 enim
866 2393 968 2421 illut
995 2393 1040 2421 ad
1063 2395 1285 2432 neglegendam
1311 2406 1409 2424 meam

1434 2398 1577 2434 gratiam
1603 2394 1689 2423 debet
1715 2394 1838 2426 ualere,
1873 2393 1954 2432 quod
1971 2392 2051 2420 dixit

183 2440 281 2475 idem,
307 2449 361 2466 uos
380 2448 435 2465 nec
455 2441 591 2465 nocentis
611 2449 666 2467 nec
688 2440 838 2477 litigiosos
859 2450 928 2468 esse.
968 2439 1053 2468 Idem
1073 2442 1144 2469 illut
1165 2442 1321 2470 omittunt.
