2185 2720
84 176 120 204 78
742 166 1309 197 COMMENTARIUS.

907 261 935 294 C
952 259 984 295 A
998 262 1037 295 P.
1083 261 1149 296 VI.

173 346 203 388 §.
231 345 279 377 14.
324 343 432 377 Nihil
452 348 502 375 est
525 343 615 381 iam,
647 342 739 385 quod
754 341 885 385 populo
909 342 1141 384 supplicetur,
1170 341 1263 373 nihil
1283 341 1375 385 quod
1396 340 1570 379 diribitio,
1605 340 1695 371 nihil
1717 341 1808 383 quod
1828 340 1963 384 suppli-

86 400 177 432 catio
200 389 490 440 magistratuum,
523 395 735 427 renuntiatio
759 392 1014 436 suffingiorum
1037 392 1246 436 expectetur)
1293 394 1347 424 Sic
1370 393 1425 424 hic
1446 393 1539 424 locus
1560 392 1594 423 in
1619 391 1774 422 omnibus
1798 392 1968 423 codicibus

85 452 230 494 scriptus
261 454 368 486 extat,
412 447 478 478 nisi
509 446 598 488 quod
626 458 690 488 pro
715 444 820 476 uerbo
845 445 1057 477 diribitiouis
1092 445 1276 476 deteriores
1306 445 1387 476 libri
1419 446 1588 488 direptio,
1624 456 1711 475 unus
1734 444 1898 482 directio,
1935 449 1970 474 et:

86 504 176 537 Uict.
201 514 220 532 a
242 501 427 544 diremptio
450 499 560 531 habet.
605 498 772 540 Reliquae
799 497 996 535 uarietates,
1030 509 1109 539 quas
1133 496 1212 528 uide
1235 497 1269 527 in
1296 504 1460 540 apparatu
1483 496 1615 535 critico,
1643 496 1770 526 nullius
1793 501 1873 526 sunt
1893 506 1970 525 mo—

85 555 202 588 menti.
248 553 356 586 Unice
378 563 495 582 ueram
517 556 630 581 autem
653 550 855 592 scripturam
880 550 1036 581 diribitio
1063 561 1150 588 csse,
1186 548 1286 580 docui
1308 550 1344 580 in
1367 549 1602 581 dissertatione
1628 548 1669 579 de
1692 548 1798 579 uerbo
1821 546 1971 579 diribere

86 610 227 651 eiusque
252 605 438 642 deriuatis,
469 615 553 645 quae
576 603 736 634 insertast
760 600 962 644 praefationi
985 602 1025 632 ad
1052 603 1152 634 Uarr.
1176 602 1284 632 Lectt.
1309 613 1352 633 ex
1377 602 1449 633 cod.
1477 600 1551 632 Erf.
1578 607 1668 632 enot.
1691 613 1725 644 p.
1753 600 1907 632 CXXVI
1928 615 1973 623 --

87 660 246 693 CLVIII.
294 657 372 697 Quo
395 656 469 686 loco
496 655 573 686 illut
595 666 730 696 quoque
754 654 1021 685 deinonstratinn
1048 665 1066 684 a
1089 653 1185 684 nobis
1209 660 1273 693 est,
1306 655 1470 687 dirimere
1500 654 1677 699 suffragia
1708 664 1893 694 numquam
1918 663 1970 690 eo,

87 725 153 755 quo
188 711 289 752 uolgo
319 714 477 750 putatur,
518 718 617 738 sensu
647 706 894 738 dinumerandi
926 706 1103 750 suffragia
1138 706 1264 737 dictum
1289 718 1308 737 a
1329 706 1491 738 Romanis
1529 718 1609 738 esse.
1655 707 1831 737 Probatast
1857 711 1971 736 autem

86 763 276 796 dissertatio
302 761 360 791 illa
384 758 477 790 omni
505 770 548 789 ex
571 764 666 800 parte
680 758 883 797 Niebuhrio,
911 759 1004 789 cuius
1028 758 1094 788 uiri
1118 758 1296 799 singularis
1320 759 1483 790 iudicium
1507 759 1707 801 plurumum
1729 764 1811 801 aput
1833 769 1887 789 me
1908 769 1971 788 ua-

83 817 143 848 let.
188 816 299 847 Nemo
330 812 433 855 igitur
465 811 500 842 in
524 816 699 852 posterum
728 809 912 848 dubitabit,
948 809 1030 851 quin
1053 811 1210 842 diribitio
1232 811 1420 843 uerissuma
1442 812 1610 854 scriptura
1635 811 1689 842 sit.
1734 812 1864 843 Uerum
1886 809 1972 840 aliut

85 868 279 900 etiamnunc
301 864 462 896 mendum
486 863 576 893 hunc
604 862 717 893 locum
747 868 904 905 occupat,
952 861 1042 903 quod
1070 873 1133 904 per
1161 863 1270 895 omnis
1297 864 1426 895 codices
1457 868 1729 906 propagatumst,
1767 862 1872 893 uerba
1894 861 1970 892 dico

86 919 296 964 supplicatio
327 917 620 959 magistratuum,
660 925 745 956 quae
776 927 885 957 neque
913 926 1050 945 sensum
1080 916 1245 957 praebent
1273 922 1408 958 aptum,
1449 927 1577 957 neque,
1618 914 1645 946 si
1676 926 1776 957 quem
1807 913 1970 957 praebere

87 972 254 1015 quispiam
278 975 392 1012 putet,
420 968 446 999 is
470 967 549 998 huic
572 967 646 997 loco
672 967 743 998 ullo
767 967 869 998 modo
892 967 1165 999 accommodatus
1189 973 1248 999 est.
1293 969 1382 1000 Nam
1406 969 1616 1012 supplicatio
1639 967 1665 998 si
1688 973 1829 1010 putatur
1851 977 1972 997 eorum

87 1022 285 1066 significari,
316 1020 373 1062 qui
396 1024 516 1061 rogant
538 1019 720 1060 populum,
753 1025 792 1050 ut
813 1019 1008 1058 candidato,
1040 1019 1093 1049 cui
1117 1020 1268 1058 student,
1298 1020 1465 1051 honorem
1489 1032 1589 1061 quem
1613 1019 1699 1061 petit
1722 1018 1866 1058 deferat,
1895 1017 1972 1061 pri-

86 1088 182 1108 mum
204 1073 347 1105 absurde
366 1077 459 1114 patet
479 1071 624 1102 uerbum
647 1072 921 1114 magistratuum
944 1083 1014 1102 esse
1036 1071 1207 1111 additum,
1232 1084 1308 1103 cum
1331 1072 1522 1103 istiusmodi
1547 1072 1677 1114 rogatio
1701 1083 1768 1102 non
1791 1070 1972 1112 magistra-

86 1135 184 1160 tuum
208 1132 357 1163 tantum,
384 1129 451 1162 set,
474 1129 513 1154 ut
536 1129 626 1154 recte
649 1123 782 1154 monuit
809 1124 1032 1164 Garatonius,
1058 1125 1205 1156 cuiusuis
1229 1124 1376 1155 hominis
1399 1124 1537 1165 gratiosi
1563 1124 1667 1155 fuerit
1688 1124 1912 1166 pluribusque
1933 1122 1970 1154 in

88 1180 264 1212 ordinibus
293 1177 424 1207 usitata.
474 1174 610 1206 Deinde
643 1174 779 1217 ineptus
807 1174 897 1206 foret
928 1177 1021 1208 locus
1053 1177 1237 1207 uerborum
1271 1182 1348 1219 post
1379 1176 1615 1209 cliribitionem
1644 1176 1852 1219 positorum,
1892 1185 1970 1205 cum

87 1230 369 1275 supplicationem
399 1228 492 1259 illam
516 1233 593 1257 ante
615 1226 751 1258 comitia
770 1228 859 1270 ipsa,
900 1235 990 1259 certe
1013 1235 1090 1260 ante
1114 1229 1346 1260 diribitionem
1376 1240 1447 1259 esse
1472 1227 1592 1260 factam
1617 1240 1732 1260 omnes
1755 1227 1871 1259 sciant.
1914 1227 1970 1259 Ne

86 1297 169 1317 uero
194 1280 443 1324 transponenda
465 1285 622 1322 putemus
646 1285 723 1310 ante
747 1280 890 1311 uerbum
917 1281 1139 1318 diribitionis,
1162 1281 1227 1312 hoc
1249 1281 1367 1320 obstat,
1396 1280 1485 1322 quod
1510 1292 1579 1312 non
1600 1281 1712 1312 minus
1734 1280 1869 1322 ineptus
1891 1289 1972 1310 sen-

86 1349 142 1369 sus
171 1335 287 1367 existit
315 1332 500 1364 coniunctis
527 1332 639 1362 uerbis
660 1333 791 1375 populo
818 1334 1035 1376 supplicetur
1064 1339 1096 1364 et
1125 1334 1334 1377 supplicatio
1362 1334 1657 1375 magistratuum,
1694 1343 1840 1374 quorum
1868 1331 1970 1374 plane

86 1389 203 1421 eadem
226 1387 269 1418 sit
291 1384 467 1417 sententia.
513 1384 571 1414 Sin
595 1385 698 1415 uerba
722 1385 932 1427 supplicatio
955 1386 1231 1428 magistratuum
1253 1378 1330 1416 cum
1352 1384 1506 1416 Feri-atio
1529 1385 1618 1427 Epp.
1641 1385 1700 1423 ΙΙΙ,
1723 1385 1753 1416 5.
1776 1395 1810 1427 p.
1837 1385 1893 1416 152
1917 1394 1968 1425 sq.

86 1442 128 1472 de
148 1437 305 1472 sollemni
328 1436 522 1478 precatione
545 1436 633 1473 eius,
662 1435 720 1477 qui
744 1436 887 1466 habebat
909 1437 1064 1475 comitia,
1097 1437 1350 1479 interpretaris,
1382 1437 1486 1467 uerbo
1511 1437 1776 1480 supplicationis
1798 1435 1968 1478 significa-

83 1493 212 1524 tionem
235 1489 374 1526 tribuis,
399 1499 498 1529 quam
521 1499 707 1530 numquam
731 1488 859 1519 habuit.
905 1488 1049 1520 Accedit
1073 1489 1180 1530 quod,
1204 1495 1243 1520 ut
1266 1495 1356 1520 recte
1378 1488 1512 1520 monuit
1531 1489 1753 1527 Garatonius,
1776 1487 1969 1519 istiusmodi

84 1543 233 1588 precatio
259 1542 362 1574 unius
386 1545 457 1570 erat
479 1539 710 1581 magistratus,
735 1552 803 1572 11011
827 1541 991 1583 plurium.
1037 1542 1154 1582 Itaque
1176 1541 1271 1572 nullo
1295 1547 1392 1583 pacto
1415 1542 1479 1573 isto
1502 1552 1600 1572 sensu
1623 1541 1831 1584 supplicatio
1853 1540 1970 1584 magi-

85 1603 280 1633 stratuum,
316 1598 367 1624 set
389 1598 496 1630 certe,
536 1604 739 1634 quamquam
763 1605 824 1624 nec
849 1594 912 1625 lioc
936 1593 1057 1632 latine,
1090 1594 1361 1637 supplicationes
1383 1594 1657 1637 magistratuum
1678 1598 1736 1623 aut
1758 1593 1967 1636 supplicatio

86 1648 316 1691 magistratus
346 1643 411 1674 dici
440 1645 602 1685 oportuit.
648 1646 771 1676 Totam
801 1652 913 1677 autem
937 1645 1138 1677 sententiam
1170 1644 1279 1683 illam,
1316 1651 1354 1675 ut
1376 1646 1462 1688 aptis
1485 1645 1598 1676 uerbis
1630 1644 1837 1675 enuntiatam
1859 1655 1970 1686 pona-

85 1713 179 1739 mus,
220 1704 310 1729 certe
334 1697 407 1727 loco
432 1696 542 1728 alieno
566 1698 773 1729 conlocatam
798 1698 871 1729 fore
895 1704 1093 1741 apertumst.
1139 1698 1228 1729 Nam
1251 1697 1400 1739 precatio
1423 1697 1500 1735 illa,
1541 1696 1583 1727 de
1606 1707 1671 1737 qua
1700 1696 1823 1737 cogitat
1844 1696 1970 1727 Ferra-

85 1754 173 1792 tius‚
212 1751 311 1782 fiebat
332 1754 410 1791 post
432 1749 720 1781 renuntiationem
746 1762 883 1790 eorum,
924 1750 1045 1792 quibus
1068 1750 1215 1793 populus
1237 1748 1451 1791 magistratus
1473 1748 1716 1787 mandauerat,
1748 1753 1787 1791 ut
1809 1753 1901 1790 patet
1922 1759 1968 1779 ex

87 1818 126 1837 eo
150 1805 224 1846 ipso
248 1803 339 1839 loco,
366 1812 465 1841 quem
488 1801 611 1832 adtulit
635 1802 821 1840 Ferrarius,
847 1814 889 1834 ex
914 1815 963 1834 or.
986 1815 1050 1845 pro
1075 1804 1166 1834 Mur.
1191 1802 1218 1839 I,
1245 1813 1272 1833 1.
1316 1801 1414 1840 Quae
1430 1807 1596 1844 precatus
1618 1813 1694 1832 sum
1715 1813 1737 1832 α
1760 1800 1814 1831 dis
1837 1801 1968 1832 inmor-

88 1857 217 1890 talibus
242 1855 302 1886 illo
327 1854 399 1891 die,
441 1865 508 1895 quo
532 1854 711 1896 auspicato
735 1856 884 1886 comitiis
906 1855 1110 1886 centuriatis
1134 1854 1178 1886 L.
1200 1855 1386 1886 Murenam
1409 1853 1581 1885 consulem
1606 1853 1826 1890 renuntiaui,
1863 1858 1904 1884 ut
1926 1865 1967 1886 ea

90 1922 143 1942 res
171 1907 258 1940 milii
282 1904 497 1948 —feliciter
523 1906 686 1938 eueniret.
730 1906 866 1937 Etenim
896 1906 1009 1937 uerbis
1039 1919 1079 1938 ea
1114 1918 1167 1937 res
1194 1916 1263 1936 11011
1290 1910 1401 1947 potest
1425 1904 1604 1946 quicquam
1631 1904 1716 1935 aliut
1743 1903 1968 1946 significatum

90 1972 161 1993 esse
184 1970 284 2001 quam
307 1958 378 1999 ipsa
401 1958 564 1988 Murenae
587 1957 732 1989 consulis
762 1957 981 1989 renuntiatio.
1026 1959 1143 2000 Itaque
1167 1958 1328 1988 deberent
1350 1957 1454 1988 uerba
1482 1957 1595 2000 suppl.
1617 1968 1755 1999 magg„
1787 1956 1815 1988 si
1838 1957 1970 2000 signifi—

90 2018 205 2045 carent
230 2011 264 2041 id
289 2009 377 2052 quod
402 2015 498 2051 putat
522 2009 712 2046 Ferratius,
749 2009 935 2041 necessario
958 2016 1037 2052 post
1059 2010 1272 2042 renuntiatio
1296 2009 1550 2053 suffragiorum
1580 2009 1758 2040 conlocari.
1804 2009 1863 2041 Sin
1894 2011 1968 2052 quis

91 2066 133 2097 de
155 2062 365 2108 precatione,
390 2072 474 2102 quae
495 2060 568 2091 fieri
595 2062 770 2092 consueuit
793 2068 869 2092 ante
893 2073 992 2103 quam
1017 2062 1074 2103 qui
1100 2062 1243 2093 habebat
1265 2061 1400 2092 comitia
1422 2062 1607 2092 centuriata
1628 2063 1796 2104 populum
1818 2063 1967 2104 rogabat,

91 2117 230 2159 cogitet,
254 2113 516 2151 manifestumst,
542 2112 695 2144 debuisse
717 2114 820 2145 uerba
842 2114 902 2145 illa
923 2120 1001 2145 ante
1023 2114 1166 2145 uerbum
1190 2114 1403 2146 diribitionis
1426 2113 1519 2155 poni.
1564 2114 1622 2144 Set
1644 2120 1682 2145 ut
1705 2121 1814 2146 essent
1835 2115 1882 2146 ibi
1903 2126 1969 2157 po-

90 2170 169 2208 sita,
207 2179 277 2198 non
306 2164 396 2196 foret
423 2165 487 2195 hoc
509 2164 652 2195 tatinum
676 2165 839 2207 loquendi
865 2178 980 2209 genus.
1025 2166 1096 2196 Iam
1127 2177 1203 2196 cum
1226 2165 1404 2196 absurdam
1428 2176 1498 2196 esse
1521 2165 1707 2196 uerborum
1728 2167 1868 2198 illorum
1889 2178 1968 2198 sen-

89 2221 231 2254 tentiam
253 2216 571 2254 demonstrat-imus,
612 2217 802 2257 quaeritur,
844 2223 961 2248 utrum
983 2223 1057 2247 orta
1080 2228 1123 2248 ex
1145 2217 1218 2248 aliis
1242 2223 1275 2248 et
1294 2222 1452 2259 corrupta
1474 2228 1536 2259 per
1557 2217 1713 2249 librarios
1737 2229 1824 2257 esse,
1860 2229 1902 2249 an
1923 2219 1965 2250 ab

90 2274 277 2315 interprete
306 2269 420 2300 addita
452 2267 616 2299 censenda
644 2268 722 2299 sint.
767 2269 883 2310 Atque
908 2269 973 2299 alia
997 2268 1134 2310 quidem
1157 2280 1276 2299 eorum
1297 2268 1371 2299 loco
1395 2269 1499 2300 uerba
1520 2280 1539 2300 a
1563 2269 1726 2300 Cicerone
1753 2269 1855 2301 fuisse
1879 2271 1965 2302 scri-

89 2331 164 2369 pta,
191 2323 341 2366 primum
365 2327 548 2364 propterea
578 2332 716 2362 prorsus
739 2320 987 2360 incredibilest‚
1023 2320 1114 2362 quod
1144 2320 1375 2352 diribitionem
1404 2320 1451 2351 ita
1473 2322 1738 2363 consequebatur
1758 2322 1965 2355 renuntiatio

90 2375 340 2417 suffragiorum,
364 2380 402 2404 ut
423 2373 513 2404 inter
534 2379 714 2415 utramque
736 2384 809 2404 rem
833 2372 920 2403 nihil
942 2373 1042 2415 plane
1066 2372 1171 2412 fieret,
1198 2372 1287 2414 quod
1311 2373 1559 2405 conmemorari
1580 2384 1599 2403 a
1620 2373 1780 2404 Cicerone
1801 2375 1963 2416 potuerit.

89 2427 224 2460 Deinde
246 2437 323 2457 cum
352 2426 424 2457 sine
445 2426 515 2456 ulla
536 2425 700 2457 uarietate
722 2425 759 2456 in
782 2424 938 2456 omnibus
961 2425 1131 2456 codicibus
1164 2424 1289 2467 scripta
1313 2425 1548 2468 reperiantur,
1584 2435 1694 2466 neque
1715 2424 1821 2456 ullam
1843 2437 1965 2459 corru-
