2185 2720
654 172 755 201 PRO
782 172 856 201 CN.
883 171 1124 202 PLANCIO.
1165 172 1270 202 CAP.
1291 173 1382 202 XIII.
1403 174 1496 203 XIV.
1986 180 2021 207 19

130 246 286 279 homines
311 246 551 279 nobilissumos
576 247 774 287 maledicta,
800 246 1061 289 publicanorum
1083 246 1120 278 in
1144 248 1188 289 Q.
1213 247 1431 289 Scaeuolam,
1463 248 1580 280 uirum
1604 246 1762 280 omnibus
1785 247 1938 289 ingenio,
1962 248 2020 280 iu-

129 299 236 339 stitia,
259 298 454 341 integritate
476 306 716 342 praestantem,
739 311 858 342 aspere
880 305 914 331 et
934 298 1095 331 ferociter
1117 306 1151 331 et
1172 300 1280 331 libere
1304 301 1392 332 dieta
1414 301 1693 333 conmemorem'?
1736 300 1838 333 XIV.
1863 299 2016 341 Consuli,

126 352 165 383 P.
191 351 352 392 Nasicae,
378 364 521 394 praeco,
546 353 707 393 Granius,
729 352 843 384 medio
865 352 903 383 in
924 351 1013 392 foro,
1039 364 1117 383 cum
1141 353 1200 384 ille
1224 354 1333 386 edicto
1356 354 1486 386 iustitio
1514 354 1655 386 domum
1680 353 1844 385 decedens
1866 358 2016 394 rogasset

127 404 315 444 Granium,
341 404 423 446 quid
445 405 550 437 tristis
577 411 680 437 esset:
704 417 747 436 an
771 404 862 447 quod
885 404 1028 436 reiectae
1050 406 1222 439 auctiones
1247 409 1381 440 essent?
1426 407 1536 438 Immo
1559 419 1661 448 uero,
1689 406 1819 449 inquit,
1850 405 1942 447 quod
1963 405 2015 436 le-

126 456 289 499 gationes.
335 456 432 488 Idem
454 457 594 488 tribuno
616 458 726 500 plebi,
750 457 999 500 potentissumo
1021 458 1172 500 homini,
1202 461 1252 492 M.
1278 462 1415 500 Druso,
1453 466 1504 492 set
1525 460 1633 491 multa
1657 460 1695 490 in
1716 470 1754 490 re
1778 457 1916 502 publica
1936 469 2014 489 mo-

124 509 241 549 lienti,
266 520 344 540 cum
364 509 425 540 ille
451 521 530 541 eum
552 510 742 550 salutasset,
773 516 811 541 ut
833 509 888 550 fit,
921 509 1147 553 dixissetque:
1179 513 1273 556 Quid
1299 514 1367 556 agis
1392 512 1525 545 Grani?
1558 510 1753 553 respondit:
1783 511 1894 542 Immo
1917 521 2013 551 uero,

123 567 162 593 tu
186 562 319 600 Druse,
365 561 447 603 quid
469 562 562 604 agis?
606 563 670 594 Ille
701 564 744 595 L.
776 562 905 603 Crassi,
946 562 1005 594 ille
1027 565 1076 596 M.
1106 565 1240 597 Antoni
1270 567 1484 597 uoluntatem
1507 563 1737 608 asperioribus
1761 562 1890 595 facetiis
1913 573 2013 605 saepe

122 613 327 658 perstrinxit
357 613 497 656 inpune.
542 616 645 647 Nunc
671 626 779 657 usque
810 621 883 646 eost
912 627 1074 658 oppressa
1104 623 1221 648 nostra
1243 617 1442 660 adrogantia
1463 617 1605 657 ciuitas,
1639 622 1696 656 ut,
1732 626 1817 657 quae
1838 614 1905 646 suit
1927 615 2012 646 olim

121 665 283 710 praeconi
311 665 347 696 in
374 666 537 707 ridendo,
574 679 666 699 nunc
695 667 802 709 equiti
824 668 981 699 Romano
1005 668 1041 699 in
1061 669 1230 712 plorando
1253 681 1324 701 non
1349 670 1393 702 sit
1416 682 1570 702 concessa
1594 669 1744 701 libertas.
1789 669 1886 709 Quae
1919 669 2010 699 enim
2021 677 2056 705 34

121 730 287 761 umquam
314 717 381 750 fuit
402 720 518 751 Planci
540 732 612 752 uox
645 720 871 752 contumeliae
898 719 1013 762 potius
1044 732 1145 763 quam
1168 722 1322 755 doloris?
1358 723 1441 765 quid
1464 729 1514 755 est
1534 728 1650 754 autem
1673 732 1838 763 umquam
1862 727 2011 763 questus,

119 771 187 804 nisi
210 783 288 803 cum
313 783 332 803 a
354 772 452 804 sociis
476 778 510 804 et
531 784 550 803 a
574 784 609 804 se
631 772 793 804 iniuriam
814 773 1056 816 propulsaret?
1103 774 1191 806 Cum
1213 782 1348 808 senatus
1370 776 1596 819 inpediretur,
1619 787 1687 817 quo
1709 774 1835 815 minus,
1860 774 1896 805 id
1919 773 2011 816 quod

118 825 274 857 hostibus
296 836 432 867 semper
452 831 524 856 erat
548 825 734 865 tributum,
767 836 970 868 responsum
988 827 1158 869 equitibus
1181 827 1346 860 Romanis
1368 828 1589 870 redderetur,
1623 828 1780 860 omnibus
1802 827 1863 858 illa
1884 826 2011 857 iniuria

121 877 235 909 dolori
260 877 449 920 publicanis
473 877 557 916 fuit3
594 883 645 908 set
668 889 746 909 eum
768 877 882 920 ipsum
905 877 1060 912 dolorem
1088 880 1144 912 hic
1165 881 1246 912 tulit
1266 882 1370 925 paulo
1392 882 1555 925 apertius.
1602 880 1790 913 Conmnnis
1813 879 1872 911 ille
1893 890 2010 911 sensus

120 931 159 962 in
180 930 254 961 aliis
277 929 420 962 fortasse
442 930 560 968 latuit3
588 930 664 970 hic,
702 930 792 972 quod
819 942 896 962 cum
919 933 1038 964 ceteris
1061 934 1175 966 animo
1199 935 1385 975 sentiebat,
1414 934 1451 965 id
1472 934 1579 977 magis
1602 945 1705 976 quam
1727 932 1832 964 ceteri
1854 937 1888 963 et
1910 931 2009 962 uoltu

119 988 323 1027 promptum
342 982 461 1014 habuit
487 988 520 1014 et
541 982 667 1025 lingua.
712 983 944 1026 Quamquam,
972 985 1120 1028 iudices,
1151 986 1331 1030 (adgnosco
1357 987 1450 1020 enim
1472 999 1516 1021 ex
1537 987 1607 1032 me)
1639 986 1812 1031 permulta
1841 985 1879 1016 in
1902 984 2050 1017 Plan—35

192 1108 430 1147 publicanorum
444 1112 478 1140 in
494 1112 533 1149 Q.
551 1114 730 1144 Scaeuolam
740 1129 780 1137 ·—
794 1117 837 1146 M.
853 1117 972 1158 Druso)
984 1119 1013 1147 A
1028 1117 1131 1157 habet,
1150 1126 1221 1151 ante
1239 1122 1482 1159 publicanorum
1503 1122 1617 1151 addens
1633 1132 1698 1160 ego.
1708 1135 1746 1145 ·-·
1771 1123 1805 1151 in
1822 1121 1874 1160 Q.)
1888 1122 1938 1151 Lb
1954 1124 2006 1150 in-

117 1156 218 1185 duant
231 1168 270 1196 q.;
284 1158 309 1187 C
319 1159 471 1198 MQ..—
489 1160 679 1201 integritate)
687 1163 739 1192 Ma
747 1164 914 1202 (lignitate,
927 1166 975 1195 La
990 1172 1019 1195 et
1029 1168 1264 1205 itttegritate.-—
1286 1167 1406 1208 aspere)
1419 1180 1438 1202 ς
1453 1180 1561 1206 aspere
1577 1175 1661 1198 εικ-
1681 1174 1713 1198 et
1728 1168 1841 1209 libere)
1857 1169 1886 1197 A
1900 1180 2006 1198 om.—

194 1204 229 1233 C.
244 1205 337 1234 XIV.
367 1206 510 1246 Nasicae)
530 1215 557 1246 ψ
575 1211 736 1239 Nascitae.
751 1223 790 1233 ⁶—-
831 1211 978 1253 Granius)
1000 1214 1063 1251 Ma,
1088 1215 1129 1251 D,
1147 1216 1180 1251 C,
1201 1217 1244 1253 H,
1261 1225 1296 1255 χι
1314 1221 1345 1245 et
1359 1217 1377 1246 3
1393 1218 1538 1255 grauius.
1552 1232 1591 1239 —
1628 1217 1731 1246 medio
1753 1217 1788 1245 in
1811 1216 1895 1255 soro)
1917 1217 1947 1245 A
1971 1218 2007 1245 in

116 1252 306 1291 mediofhro.
317 1268 356 1274 ——-
392 1255 517 1293 ille)‚Pa
531 1257 597 1285 illo.
611 1270 651 1278 —
689 1257 803 1295 edicto)
818 1259 851 1287 H
866 1260 991 1289 indicto.
1005 1276 1045 1284 ·—-
1082 1261 1217 1301 iustitio)
1234 1264 1298 1299 Me,
1312 1264 1368 1300 La,
1386 1265 1438 1300 Pa,
1453 1265 1505 1300 Pe,
1527 1269 1558 1293 et
1573 1265 1604 1292 D
1627 1267 1777 1293 iustitiae.
1792 1279 1833 1288 ⁴·—
1870 1264 2008 1302 domum)

115 1299 164 1328 La
185 1310 244 1328 om.
259 1316 297 1322 -
336 1301 500 1339 decedens)
523 1303 574 1331 Sic
597 1303 626 1332 A
649 1309 681 1333 et
700 1305 744 1342 E3
771 1306 796 1334 B
819 1307 987 1337 decendens
995 1319 1008 1344 ;
1034 1310 1088 1339 Ma
1108 1316 1139 1340 ct
1160 1311 1193 1339 H
1217 1311 1418 1346 discenclens5
1438 1313 1490 1340 Mc
1505 1312 1717 1341 descenderem
1724 1322 1737 1347 ;
1756 1312 1790 1341 H
1805 1313 1985 1341 discendens
1992 1321 2006 1347 ,-

115 1348 214 1376 ceteri
234 1349 428 1380 descendens,
450 1365 489 1370 —
528 1351 691 1392 Granium)
712 1354 766 1383 Ma
787 1358 818 1382 et
839 1353 870 1381 D
896 1365 955 1392 om,
982 1361 1030 1385 set
1049 1357 1080 1384 D
1104 1358 1138 1386 in
1159 1368 1252 1396 marg.
1268 1357 1363 1387 habet
1387 1361 1541 1398 grauium
1562 1364 1598 1388 ut
1620 1360 1695 1397 ins.;
1735 1360 1786 1389 Lb
1805 1361 2006 1395 Grannium;

115 1395 140 1425 C
156 1395 357 1424 Graminium
365 1406 377 1430 ;
395 1403 423 1434 ψ
439 1397 602 1429 Granium.
616 1413 655 1421 -—·
681 1399 773 1438 esset)
791 1401 818 1428 E
833 1403 915 1435 isset,
935 1404 989 1432 Ma
1003 1415 1042 1433 es.
1058 1419 1097 1428 —
1116 1405 1166 1444 an)
1180 1407 1233 1434 Ma
1245 1406 1307 1434 secl.
1323 1420 1362 1427 ·—
1388 1405 1535 1445 reiectae)
1557 1408 1728 1436 Seruarunt
1748 1408 1788 1445 A,
1809 1408 1845 1444 B,
1868 1411 1899 1435 et
1913 1406 1951 1435 E.
1966 1421 2006 1429 --

112 1441 286 1479 auctiones)
300 1443 329 1470 D
347 1453 415 1471 cum
430 1444 469 1481 gl.
479 1448 719 1481 prostitutiones
726 1458 738 1481 ,·
758 1448 810 1483 Pa,
822 1449 878 1484 Pb,
894 1450 946 1487 Po,
961 1457 992 1480 et
1006 1451 1035 1480 O
1051 1460 1200 1482 auctores.
1217 1467 1256 1475 —·
1293 1451 1409 1492 essent)
1424 1454 1487 1490 Mc,
1502 1454 1565 1491 Br.‚
1581 1459 1612 1483 et
1625 1455 1664 1493 χ3
1677 1465 1736 1484 om.
1752 1469 1791 1478 —-
1828 1454 1939 1493 Immo)
1957 1455 2004 1484 Pb

113 1501 185 1519 uno.
200 1505 240 1512 -
276 1490 370 1528 quod)
392 1497 419 1528 ψ
444 1498 524 1529 quot.
539 1507 577 1515 -·
614 1493 798 1534 legationes)
820 1496 872 1525 Sic
892 1497 923 1526 A
945 1503 977 1528 et
991 1499 1036 1537 E3
1062 1500 1110 1529 La
1124 1502 1258 1540 legiones
1274 1511 1345 1530 cum
1361 1500 1401 1539 gl.
1415 1507 1489 1530 sunt
1505 1504 1645 1531 minutae
1651 1514 1664 1540 ,·
1683 1513 1702 1536 ς
1717 1508 1750 1533 et
1763 1512 1799 1542 χι
1817 1504 1983 1542 religiones
1990 1511 2004 1537 ;

112 1537 210 1567 ceteri
227 1537 368 1574 legiones
383 1550 423 1559 ·-·

185 1582 328 1637 tribuno)
343 1585 392 1612 Lb
409 1590 440 1613 et
455 1585 480 1614 C
497 1587 652 1617 tribunus.
663 1603 703 1610 —
737 1589 836 1630 plebi)
851 1592 903 1621 Sic
918 1593 964 1632 A3
983 1595 1082 1624 ceteri
1092 1595 1200 1633 plebis.
1214 1611 1254 1618 ·-
1290 1594 1424 1637 homini)
1437 1597 1466 1626 A
1482 1608 1541 1627 om.
1557 1612 1596 1620 --
1632 1597 1690 1636 M.)
1718 1598 1743 1627 C
1769 1608 1828 1627 om.
1842 1612 1880 1620 ·—
1918 1598 1952 1626 in
1968 1607 2003 1626 re

110 1631 250 1671 publica)
268 1632 319 1659 Slc
334 1632 360 1660 E
375 1637 409 1684 et
419 1633 483 1670 La;
504 1635 600 1663 ceteri
624 1638 659 1664 in
679 1647 744 1665 rem
756 1649 788 1675 p.
803 1653 844 1660 —-
881 1641 1085 1682 dixissetque)
1098 1644 1124 1672 E
1141 1645 1287 1677 dixisset,
1309 1645 1333 1674 C
1349 1646 1504 1683 dixitque,
1526 1650 1557 1674 et
1576 1645 1622 1674 sic
1635 1645 1684 1682 D,
1705 1645 1739 1673 in
1754 1656 1814 1684 quo
1832 1651 1935 1674 tamen
1950 1655 2003 1674 su-

109 1688 192 1718 pers.
208 1689 261 1706 sse.
270 1693 313 1732 —.
347 1679 433 1716 de
449 1681 528 1718 agis,
549 1681 660 1722 Grani)
672 1684 711 1722 χδ
725 1688 795 1723 agis
811 1697 904 1717 eram.
919 1705 959 1711 —
997 1690 1109 1729 Grani)
1124 1693 1177 1720 Ma
1193 1697 1225 1720 et
1237 1692 1267 1719 D
1279 1694 1432 1730 grauius,
1452 1693 1502 1720 Lb
1519 1694 1653 1726 Granni,
1674 1692 1709 1729 C,
1728 1693 1771 1729 H,
1791 1699 1823 1722 et
1835 1703 1871 1732 χι
1891 1694 2003 1721 Graui-

108 1740 148 1748 ·-
165 1724 341 1766 reSPOUdIt)
358 1727 411 1756 Ma
424 1728 537 1757 rendil-
553 1744 592 1750 ·-·‘
625 1730 735 1771 Immo)
749 1734 773 1762 C
789 1745 848 1764 om.
862 1752 901 1759 —
932 1748 1008 1767 uero
1022 1737 1068 1778 tu)
1083 1740 1136 1768 Ma
1153 1743 1184 1767 et
1198 1739 1247 1767 Lc
1265 1745 1299 1767 tu
1315 1750 1395 1768 uero.
1408 1755 1448 1760 —
1472 1739 1524 1780 L.)
1539 1740 1565 1768 E
1581 1741 1661 1777 luci,
1680 1740 1712 1767 D
1728 1741 1811 1769 lucii.
1824 1756 1863 1762 —
1889 1741 2004 1780 Crassi)

109 1774 137 1803 E
159 1784 268 1802 crasse.
283 1789 323 1797 —-
359 1774 493 1814 Antoni)
518 1776 570 1805 Sic
591 1777 618 1805 E
634 1784 665 1807 et
679 1780 752 1818 Ma5
772 1782 870 1812 ceteri
891 1785 1033 1815 Antonii.
1045 1800 1086 1807 —-—
1124 1786 1330 1827 uoluntatem)
1353 1787 1401 1816 La
1421 1789 1595 1817 uoluntate.
1608 1802 1648 1809 -—
1685 1788 1911 1828 asperioribus)
1928 1789 1966 1827 χὸ
1982 1798 2002 1816 α

110 1822 328 1859 superioribus.
341 1836 381 1845 —·
417 1823 617 1863 perstrinxit)
635 1827 676 1855 Pa
686 1832 889 1868 perscripsit,
910 1842 946 1871 χι
961 1836 1181 1871 praestrinxit.
1194 1849 1233 1857 -

186 1867 281 1896 Nunc
295 1883 333 1891 ·—-
347 1869 487 1909 libertas)
500 1870 529 1898 A
547 1871 651 1902 habet.
666 1890 704 1897 —
743 1886 779 1905 eo
797 1883 843 1906 est
858 1880 1016 1920 oppressa)
1033 1881 1085 1910 Sic
1100 1882 1140 1917 A,
1160 1881 1197 1918 E,
1218 1886 1249 1909 ct
1265 1881 1333 1910 sine
1350 1881 1444 1910 dubio
1462 1883 1555 1911 ctiam
1570 1883 1612 1920 B;
1632 1884 1685 1913 Mc
1699 1895 1753 1919 eo;
1772 1884 1870 1913 ceteri
1891 1893 1923 1912 eo
1945 1893 2001 1921 op-

106 1924 273 1953 pressa.—
290 1916 407 1956 nostra)
423 1918 474 1946 Sic
488 1918 534 1956 A,
555 1920 590 1956 B,
610 1921 647 1958 E,
660 1927 692 1951 et
708 1924 763 1961 7535
783 1926 881 1954 ceteri
895 1934 1011 1958 uestra.
1025 1944 1064 1951 —
1102 1929 1223 1965 ciuitas,
1242 1928 1357 1968 ut)‘Sic
1374 1929 1413 1966 A,
1432 1930 1458 1958 E
1482 1929 1561 1968 (sine
1578 1931 1673 1960 dubio
1690 1932 1782 1960 etiam
1796 1932 1844 1971 B),
1863 1933 1926 1967 Mc,
1945 1932 2000 1968 La,

111 1962 173 1999 th
192 1962 249 1998 Le:
267 1963 320 2017 Pa?
337 1965 395 2001 Pb,
414 1965 466 2002 ΡΟ,
485 1966 528 2003 D,
547 1972 579 1996 et
595 1967 640 2006 05
660 1980 679 2001 ς
694 1972 810 2000 ciuitas
826 1979 871 2001 est
886 1980 935 2009 et;
954 1976 1051 2005 ceteri
1068 1979 1183 2005 ciuitas
1197 1982 1241 2004 est
1254 1982 1296 2005 ut.
1313 1991 1352 1998 —·
1389 1977 1423 2005 in
1438 1976 1582 2017 ridendo)
1601 1980 1671 2016 Ma,
1698 1979 1740 2016 C,
1759 1980 1809 2016 H,
1830 1985 1861 2008 et
1879 1979 1906 2006 T
1922 1980 1999 2007 irri-

110 2010 229 2085 ἔθηῑῖῡὶ
248 2010 292 2038 Pa
305 2020 339 2038 m
354 2012 494 2042 cedendo·
507 2029 547 2036 -·
584 2015 618 2044 in
631 2017 798 2059 plorando)
811 2020 873 2058 Ma,
892 2022 956 2060 Mc,
974 2023 1018 2060 H,
1039 2024 1077 2061 T,
1098 2030 1129 2054 et
1143 2032 1171 2063 ψ
1192 2025 1395 2062 implorando.
1410 2039 1450 2046 —
1486 2034 1551 2053 non
1572 2025 1614 2055 sit
1638 2035 1783 2055 concessa
1802 2039 1842 2048 --·
1863 2025 1997 2063 Plancii)

137 2067 154 2085 a
172 2067 232 2085 om.
246 2072 286 2079 —-

186 2102 214 2143 §.
231 2104 277 2132 34.
297 2103 370 2143 fuit)
385 2106 410 2134 B
425 2111 497 2144 post
511 2120 572 2139 uox·
586 2112 738 2142 conlocat.
753 2129 793 2135 —
830 2114 951 2156 Planci)
966 2116 1018 2146 Sic
1030 2117 1057 2147 B
1073 2123 1104 2147 et
1120 2117 1164 2156 Ἐς
1185 2117 1281 2146 ceteri
1298 2119 1441 2148 Plancio,
1455 2133 1494 2140 -—-
1519 2124 1621 2149 autem
1635 2120 1791 2160 umquam)
1805 2121 1848 2150 Pe
1863 2127 1919 2149 aut
1936 2131 1997 2149 nn-

110 2161 228 2205 qufzm'.
241 2151 267 2180 C
283 2162 437 2204 umquam.
452 2169 493 2176 -··
528 2157 608 2198 cum)
623 2161 663 2198 χ5
677 2162 765 2198 quod.
778 2177 817 2185 —-
855 2174 873 2192 a
886 2163 933 2202 se)
945 2164 996 2193 Lb
1011 2165 1050 2194 ab
1065 2177 1104 2194 se.
1116 2180 1154 2189 -·
1193 2165 1285 2204 Cum)
1298 2166 1351 2194 Mc
1367 2168 1431 2204 Qui
1445 2178 1522 2196 cum.
1535 2182 1574 2190 —-
1612 2167 1727 2208 dolori)
1742 2169 1781 2207 χ3
1798 2179 1856 2197 om.
1873 2182 1911 2190 -—
1935 2178 1998 2207 pu-

108 2200 242 2228 bhcams
255 2198 328 2237 fuit)
341 2199 448 2238 Esuit
458 2203 648 2239 publicanis.
661 2223 699 2230 -—-
737 2208 819 2249 euni)
832 2210 863 2238 D
879 2222 957 2241 cum.
972 2227 1013 2233 ——
1050 2211 1165 2253 ipsum)
1180 2212 1207 2241 E
1224 2223 1290 2250 om,
1310 2213 1368 2249 La,
1388 2213 1445 2250 Pb,
1465 2218 1496 2243 et
1511 2215 1554 2244 Pe
1575 2217 1683 2251 illum,
1704 2221 1751 2245 set
1769 2215 1803 2244 in
1815 2216 1862 2244 La
1878 2224 1995 2254 supers.

109 2249 220 2285 ipsum.
233 2259 273 2268 —·
309 2247 458 2286 apertius)
473 2250 498 2278 C
510 2255 661 2288 asperia-⁹.
672 2269 713 2276 —

184 2293 377 2333 Communis)
392 2296 456 2331 Ma,
474 2297 537 2332 MC,
555 2298 612 2335 La,
632 2300 690 2337 Le,
708 2302 750 2338 D,
770 2302 805 2340 C,
824 2304 867 2341 H,
888 2305 928 2342 T,
946 2315 977 2342 ς,
995 2311 1027 2335 et
1039 2316 1073 2345 χι
1093 2317 1162 2335 cum
1185 2309 1300 2341 mirum,
1317 2307 1363 2337 F2
1385 2319 1454 2337 cum
1478 2311 1602 2339 nimius.
1615 2325 1655 2332 —
1692 2308 1727 2338 in
1748 2308 1829 2349 aliis)
1849 2311 1917 2346 Ma,
1938 2310 1995 2345 Le,

108 2341 151 2377 H,
170 2351 200 2377 ς,
218 2347 250 2371 et
264 2342 306 2370 Fl
325 2344 445 2376 malus,
463 2344 520 2381 La,
539 2345 601 2382 Lb,
619 2347 672 2383 Pa,
691 2353 722 2376 et
736 2349 760 2377 C
774 2352 862 2380 male.
875 2367 915 2373 —-
950 2353 1055 2393 latuit)
1075 2354 1106 2382 D
1123 2364 1189 2390 om,
1215 2359 1263 2383 set
1283 2354 1376 2384 habet
1397 2356 1430 2384 in
1452 2367 1544 2395 marg.
1566 2363 1599 2387 ut
1619 2358 1693 2386 ins..
1707 2373 1746 2381 -—
1783 2358 1865 2394 cum)
1884 2367 1904 2395 χ
1927 2355 1996 2395 (sic)

111 2399 171 2417 om.
183 2403 223 2412 ·-
260 2389 375 2428 ammo)
392 2391 442 2418 Lb
460 2402 526 2428 om,
547 2393 579 2421 H
597 2401 685 2428 ante,
705 2402 733 2433 ψ
747 2403 820 2425 ante
835 2402 948 2430 animo.
964 2415 1002 2425 ·-
1040 2400 1144 2440 uultu)
1158 2402 1207 2430 La
1221 2407 1252 2431 et
1273 2412 1292 2436 ς
1314 2405 1462 2437 multum,
1482 2405 1522 2442 χ3
1541 2406 1640 2434 multi.
1654 2418 1693 2429 —·
1728 2404 1920 2445 promptum)
1941 2405 1994 2433 Ma

105 2442 265 2474 promptu.
275 2449 312 2458 -ι-
349 2437 465 2476 lingua)
480 2439 537 2476 La,
557 2440 593 2478 C,
612 2445 643 2470 et
657 2448 686 2479 ψ
697 2443 849 2480 linguam.
867 2459 906 2469 -α

183 2481 213 2522 §.
227 2483 273 2512 35.
293 2483 344 2524 ex)
359 2486 398 2524 χ5
415 2491 451 2514 et.
465 2501 504 2507 —

1516 2553 1550 2580 15
1562 2548 1576 2563 *
