2185 2720
132 152 186 182 1110
782 140 1357 171 COMMENTARIUS.

133 221 335 256 aduersario
352 217 537 265 flagitabm
562 215 719 254 declarat,
742 220 855 246 tamen
876 213 912 245 in
925 225 963 245 re
986 215 1088 247 dubia
1108 215 1206 246 unius
1230 213 1303 246 Erf.
1327 214 1408 246 libri
1429 214 1596 258 scriptura
1620 217 1832 260 reliquorum
1857 217 2010 250 omnium

136 275 232 307 codd.
256 274 441 315 scripturae
468 268 633 313 praeferri
656 279 724 299 non
748 266 858 297 debet.

219 327 295 360 Αἶα
318 325 383 357 crit
405 325 487 355 llaec
509 323 582 354 alia
606 323 696 354 ratio
719 320 867 353 Plancio
889 332 929 351 ac
952 319 1034 360 tihi,
1062 320 1278 363 Laterensis)
1326 321 1414 352 Cum
1437 320 1518 352 dicit
1542 321 1680 362 Cicero,
1707 333 1777 353 non
1802 322 1902 354 aliam
1925 323 2011 355 hanc

137 380 303 413 rationem
326 375 461 408 Plancio
485 386 556 406 esse
577 385 614 405 ac
637 372 831 411 Laterensi,
864 372 1045 414 significat,
1078 386 1146 405 non
1169 373 1391 416 periculosius
1423 384 1493 404 esse
1515 373 1668 412 Plancio,
1702 373 1839 414 docere,
1872 388 1937 417 qua
1958 388 2014 408 ra-

138 434 230 465 tione
252 428 397 471 singulas
421 427 548 463 tribus,
584 438 728 469 quarum
757 424 924 467 suffragiis
954 426 1070 457 aedilis
1102 432 1232 457 creatus
1260 426 1320 465 sit,
1354 426 1490 465 tulerit,
1523 432 1623 468 atque
1645 427 1821 459 Laterensi
1848 426 1954 466 foret,
1987 429 2016 460 si

141 496 219 528 quas
241 483 348 514 tribus
372 480 465 515 tulit,
492 480 688 519 iuberetur,
713 489 859 521 quorum
883 476 994 509 studio
1019 478 1166 517 tulisset,
1190 479 1372 521 explicare.
1419 479 1550 519 Quibus
1573 479 1685 510 uerbis
1707 479 1881 510 Plancium
1904 485 2017 511 osten-

140 538 189 569 dit
211 535 336 572 tribus,
360 545 379 564 a
402 533 522 574 quibus
546 533 590 564 sit
611 532 716 564 factus
739 530 871 569 aediliS,
903 542 1008 572 aeque
1031 531 1192 572 legituma
1213 531 1344 563 ratione
1366 532 1483 563 tulisse
1505 538 1604 574 atque
1627 531 1819 563 Laterensis
1842 543 1913 572 eas,
1936 544 2016 574 quas

142 590 233 627 tulit,
267 586 396 619 tulerit.
419 604 462 609 —-
508 586 667 617 Ceterum
700 590 790 615 recte
824 583 913 614 uidit
940 584 1160 622 Garatoiiius,
1194 584 1365 626 uolgatam
1394 584 1493 615 huius
1527 584 1592 615 loci
1614 583 1834 626 scripturam,
1866 597 1926 616 nec
1951 584 2018 617 erit

141 645 223 675 llaec
246 642 319 673 alia
342 639 433 671 ratio
464 651 504 670 ac
526 638 731 676 Laterensi,
770 635 957 666 necessario
982 636 1249 677 posthabendam
1272 648 1342 667 esse
1365 636 1444 667 huic
1467 636 1492 667 B
1515 642 1548 667 et
1571 636 1599 667 E
1624 642 1843 679 optumorum
1866 636 2020 669 codicum

141 695 344 737 scripturae,
375 703 436 723 nec
459 691 525 722 erit
549 691 631 722 haec
653 690 726 721 alia
750 689 840 721 ratio
863 701 904 720 ac
926 688 1005 727 tibi,
1029 689 1250 727 Laterensis,
1281 700 1358 719 cum
1381 695 1452 720 toto
1477 689 1540 720 hoc
1561 689 1635 720 loco
1661 689 1778 720 Cicero
1800 689 2020 721 Laterensem

142 749 254 792 ipsum
277 745 491 785 adloquatur.
537 743 681 784 Uolgata
704 748 777 772 tuin
800 747 931 772 tantum
955 742 1093 772 tolerari
1115 747 1244 784 posset,
1283 741 1311 772 si
1334 741 1499 773 iudicibus
1522 742 1604 773 haec
1627 741 1745 773 Cicero
1769 741 1906 772 diceret.
1950 742 2019 774 At-

145 800 203 843 qui
226 799 339 830 addita
362 796 462 827 liuius
486 795 590 837 ipsius
621 793 765 826 membri
792 793 990 835 explicatio,
1026 804 1110 835 quae
1141 793 1334 824 continetur
1359 794 1472 825 uerbis
1499 807 1581 826 nam
1603 799 1661 833 ut,
1693 807 1777 838 quas
1799 812 1840 819 --
1862 795 2020 827 redditu-

144 865 238 891 rum,
264 851 299 882 in
323 848 443 892 quibus
470 848 550 890 ipsis
574 846 770 888 adloquitur
794 847 1022 883 Laterensem,
1049 845 1227 877 manifesto
1250 846 1291 876 ad
1315 848 1533 879 Laterensem
1556 847 1636 878 haec
1661 845 1749 876 dicta
1771 858 1841 877 esse
1862 847 2020 878 ostendit.

146 907 307 937 Ceterum
332 900 411 933 uide
437 912 520 942 quae
544 900 675 941 Proleg.
692 899 740 929 L.
766 899 808 928 ΙΙ.
833 899 871 929 C.
896 899 921 929 Ι.
949 899 978 939 §.
1003 898 1033 929 8.
1059 909 1092 940 p.
1116 899 1290 930 XXXVI.
1315 899 1355 930 de
1377 900 1441 930 1100
1465 899 1539 930 1000
1562 899 1691 930 monita
1713 904 1802 930 sunt.

232 958 288 989 Me
320 955 383 987 tibi
414 955 481 997 ipsi
508 952 711 985 (iduor-sario
741 951 984 993 cuiuscumque
1012 951 1123 982 tribus
1151 952 1320 983 rationem
1346 952 1542 995 poposceris
1574 951 1804 993 redditurum)
1847 952 1928 983 Non
1950 951 2022 983 sine

144 1019 257 1041 caussa
278 1006 477 1049 pronomini
501 1006 564 1037 tibi
586 1004 708 1035 adiecit
731 1003 835 1034 uerba
866 1004 936 1046 ipsi
958 1009 991 1034 et
1013 1003 1236 1042 aduersario,
1277 1015 1347 1034 ean]
1372 1003 1559 1046 significans
1583 1004 1697 1035 Planci
1720 1004 1839 1035 docere
1868 1015 1903 1036 se
1924 1016 2023 1047 posse

144 1060 371 1093 innocentiam
395 1070 484 1098 esse,
508 1064 546 1088 ut
567 1069 634 1089 non
656 1056 713 1087 alii
736 1062 885 1094 tantum,
918 1055 959 1086 de
984 1066 1041 1085 reo
1065 1055 1176 1087 minus
1199 1068 1316 1087 seuere
1338 1056 1540 1095 iudicantes,
1564 1062 1614 1088 set
1635 1057 1706 1099 ipse
1730 1062 1917 1088 accussator
1940 1068 2023 1089 con-

145 1113 264 1145 cedere
289 1117 445 1155 cogatur,
477 1110 564 1142 nihil
587 1122 607 1141 a
629 1109 764 1141 Plancio
788 1108 972 1140 admissum
999 1119 1085 1148 esse,
1123 1119 1188 1150 quo
1212 1108 1320 1141 tribus
1343 1109 1532 1152 corrupisse
1555 1109 1622 1140 dici
1644 1115 1754 1152 queat.

937 1196 966 1229 C
994 1195 1025 1230 A
1050 1197 1092 1230 P.
1151 1196 1236 1231 XX.

232 1271 261 1313 §.
287 1270 339 1312 49.
384 1270 442 1302 Set
465 1282 527 1301 cur
549 1280 611 1312 ego
633 1268 683 1300 sic
705 1268 791 1311 ago)
835 1268 902 1300 Hic
936 1280 998 1311 ego
1021 1268 1151 1299 nullam
1180 1268 1280 1299 habet
1302 1267 1390 1308 uim,
1425 1275 1463 1300 ut
1491 1280 1589 1312 saepe
1611 1268 1703 1300 alias.
1747 1268 1865 1310 Itaque
1889 1273 2025 1299 auctore

147 1323 340 1358 Erfurtensi
365 1322 486 1353 deleui.
529 1323 735 1354 GRAEUIUS.
782 1322 869 1353 Cum
897 1322 1006 1352 multo
1035 1322 1134 1363 plura
1163 1321 1262 1352 huius
1286 1322 1496 1363 pronominis
1526 1329 1653 1353 temere
1675 1321 1715 1351 ab
1739 1320 1885 1352 librariis
1911 1320 2025 1352 omissi

149 1390 251 1420 quam
284 1376 391 1407 additi
424 1375 581 1418 exempla
613 1379 748 1412 extent,
785 1386 823 1404 eo
847 1373 958 1404 minus
989 1373 1140 1404 dubitaui
1170 1373 1317 1404 retinere
1346 1385 1554 1416 pronomen,
1587 1385 1653 1416 quo
1677 1372 1799 1404 certius
1823 1379 1887 1412 est,
1923 1373 2025 1405 etiam

149 1431 231 1463 alibi
255 1441 273 1461 a
296 1428 516 1470 scriptoribus
538 1427 650 1458 latinis
673 1426 825 1457 additum
849 1438 911 1469 ego
934 1426 1087 1468 reperiri,
1112 1426 1170 1456 ubi
1192 1425 1254 1456 uix
1279 1426 1377 1457 ullast
1400 1438 1621 1469 personarum
1642 1424 1822 1468 oppositio.
1867 1426 2027 1458 Ceterum

151 1495 258 1515 nexus
288 1481 450 1512 orationis
479 1480 534 1511 hic
563 1486 623 1510 est.
683 1479 902 1521 Conprobare
934 1479 1052 1510 Cicero
1083 1479 1120 1509 C.
1145 1479 1245 1509 XIX.
1279 1479 1428 1518 uolebat,
1469 1479 1643 1510 Plancium
1675 1477 1832 1519 suffragia
1862 1478 2025 1519 tribuum,

152 1547 232 1577 quas
263 1535 411 1572 tulisset,
449 1544 517 1563 11011
546 1531 723 1573 largitione
753 1531 956 1562 deuinxisse.
1001 1529 1039 1561 Id
1072 1541 1161 1560 nunc
1188 1536 1288 1572 negat
1321 1531 1618 1563 demonstrandum
1642 1543 1660 1562 a
1682 1543 1716 1562 se
1740 1541 1809 1561 esse
1835 1537 2027 1574 propterea,

154 1588 244 1630 quod
268 1587 383 1629 priora
406 1585 559 1623 comitia,
594 1584 627 1614 in
652 1583 772 1625 quibus
796 1583 948 1614 Plancius
977 1581 1094 1613 aedilis
1118 1582 1161 1614 sit
1189 1582 1397 1625 designatus,
1432 1595 1471 1615 eo
1495 1584 1597 1616 modo
1620 1584 1688 1616 sint
1709 1583 1839 1624 habita,
1873 1589 1911 1614 ut
1932 1583 2026 1616 nullo

152 1646 249 1683 pacto
272 1639 378 1669 tribus
403 1637 575 1679 corrumpi
600 1636 784 1678 potuerint.

240 1692 396 1723 Comiliis
420 1693 491 1724 iam
512 1687 761 1733 superioribus)
805 1686 1035 1729 Intellegenda
1058 1693 1136 1718 sunt
1159 1698 1212 1726 ea,
1240 1699 1324 1729 quae
1347 1699 1399 1719 an.
1427 1690 1498 1730 699.
1523 1690 1585 1720 Cn.
1611 1688 1772 1730 Pompeio
1795 1689 1839 1720 II.
1861 1689 1911 1721 Μ.
1933 1689 2028 1721 Lici-

154 1745 211 1776 nio
240 1744 359 1775 Crasso
383 1745 425 1775 II.
451 1745 543 1775 Coss.
570 1742 687 1773 haberi
711 1745 843 1783 coepta,
882 1745 932 1770 set
963 1746 1105 1783 propter
1136 1740 1425 1772 obnuntiationem
1456 1742 1607 1772 absoluta
1637 1753 1705 1772 non
1734 1748 1823 1773 sunt.
1867 1742 1955 1772 Nam
1987 1741 2029 1773 de

154 1797 242 1828 binis
267 1796 421 1835 comitiis,
451 1807 534 1838 quae
556 1794 804 1836 magistratibus
828 1792 978 1823 creandis
1004 1792 1117 1823 habita
1141 1793 1218 1831 sint,
1245 1794 1339 1825 nullo
1364 1800 1461 1837 pacto
1485 1805 1560 1824 cum
1582 1794 1736 1826 Manutio
1760 1794 1899 1836 cogitari
1919 1805 2028 1840 posse,

155 1862 232 1881 cum
255 1849 391 1880 aliunde
414 1854 593 1884 certumst,
629 1853 700 1877 tuin
724 1843 902 1876 manifesto
926 1856 968 1875 ex
992 1845 1103 1876 uerbis
1137 1846 1166 1886 ξ.
1190 1847 1241 1877 50.
1267 1853 1426 1888 apparet:
1465 1847 1542 1886 Quo
1566 1848 1702 1889 quidem
1722 1853 1889 1890 tempore,
1920 1847 2031 1879 Late-

158 1903 287 1940 rensis,
318 1902 348 1933 si
370 1902 407 1932 id
429 1900 552 1943 facere
577 1899 764 1937 uoluisses,
804 1898 894 1941 quod
919 1898 1023 1929 multi
1044 1898 1171 1929 nobiles
1194 1911 1293 1942 saepe
1310 1899 1492 1942 feceruut,
1522 1905 1577 1938 ut,
1607 1912 1683 1930 cum
1704 1900 1817 1931 miuus
1839 1900 2032 1932 ualuis-sent

157 1954 343 1999 Slffrssgil's
370 1965 472 1996 qnam
495 1956 696 1995 putassent,
723 1956 845 1993 postca
868 1951 1067 1992 prolatis
1100 1951 1297 1982 comitiis
1318 1957 1574 1994 prosternerent
1599 1964 1634 1983 se
1658 1957 1719 1981 etc.
1765 1951 1831 1983 Ubi
1854 1963 1929 1982 cum
1946 1964 2033 1995 pro-

158 2009 234 2039 lata
257 2007 410 2037 dicantur
437 2005 588 2041 coniitia,
624 2009 779 2044 apertum
803 2009 869 2041 est,
903 2008 1084 2044 propterea
1107 2002 1259 2041 comitia,
1295 2004 1414 2045 quibus
1439 2003 1562 2034 aediles
1591 2003 1626 2034 in
1648 2015 1774 2034 annum
1799 2015 1869 2045 700.
1898 2003 2034 2035 creandi

161 2065 274 2096 erant,
297 2059 346 2089 bis
371 2068 439 2088 esse
462 2056 592 2094 habita,
624 2055 713 2096 quod
740 2066 823 2097 quae
845 2066 898 2084 an.
924 2056 995 2096 699.
1018 2055 1141 2085 habere
1164 2055 1281 2085 consul
1303 2056 1450 2097 coepisse
1474 2055 1612 2093 dicitur,
1640 2068 1707 2087 nou
1731 2056 1882 2087 absoluta
1900 2063 1950 2088 set
1972 2056 2032 2087 ob·-

160 2112 373 2145 nuntiatione
396 2109 452 2139 uel
479 2107 690 2138 nuntiatione
713 2107 863 2149 inpedita
885 2113 973 2137 sunt.
1018 2107 1117 2139 Aliut
1148 2107 1238 2138 enim
1261 2114 1311 2138 est
1331 2108 1473 2151 differre
1495 2108 1550 2138 uel
1577 2107 1736 2151 proferre
1758 2109 1912 2147 comitia,
1950 2108 2034 2139 aliut

162 2166 243 2197 bina
267 2163 405 2195 comitia
428 2160 693 2203 magistratibus
717 2160 874 2191 creandis
897 2159 1029 2191 habere.
1073 2161 1189 2201 Itaque
1222 2171 1290 2190 non
1321 2172 1404 2202 opus
1433 2172 1502 2190 esse
1535 2162 1665 2199 censui,
1702 2167 1740 2192 ut
1761 2161 1892 2192 Ferrati
1921 2159 2033 2199 uerba,

163 2217 236 2249 fuse
265 2222 382 2247 contra
407 2213 602 2245 Manutiuni
631 2213 719 2254 Epp.
748 2214 788 2244 L.
816 2213 875 2242 111.
907 2223 958 2253 ep.
984 2213 1013 2243 5.
1044 2223 1077 2254 p.
1105 2214 1291 2253 167—170.
1322 2212 1539 2254 disputantis,
1573 2214 1639 2244 huc
1668 2214 1901 2245 adscriberem.
1943 2211 2033 2243 Uide

164 2275 274 2300 autem
300 2278 383 2309 quae
406 2266 538 2306 Prolcg.
565 2266 606 2296 L.
632 2265 690 2294 Ill.
717 2265 754 2295 C.
778 2265 803 2296 Ι.
829 2265 858 2306 §.
883 2275 912 2295 2.
935 2265 1164 2306 exposuimus.

247 2322 344 2360 Quae
369 2319 506 2351 comitia
525 2318 681 2361 primum
701 2317 822 2349 habere
845 2318 953 2360 coepit
977 2317 1095 2348 consul
1118 2329 1193 2348 cum
1217 2316 1370 2349 omnibus
1396 2317 1431 2348 in
1447 2317 1546 2348 rebus
1568 2330 1701 2349 summa
1722 2316 1938 2354 auctoritate,
1962 2321 2035 2348 tum

167 2375 291 2406 harum
315 2374 470 2415 ipsarum
493 2372 609 2413 legum
631 2370 780 2402 ambitus
803 2370 937 2413 auctor)
982 2370 1060 2400 Duo
1092 2375 1170 2400 sunt
1201 2369 1242 2399 de
1265 2369 1328 2400 1100
1356 2368 1431 2399 1000
1457 2370 1635 2400 monenda.
1679 2370 1831 2400 Primum
1854 2368 2036 2408 consulem,

168 2426 226 2468 qui
244 2425 367 2456 habere
391 2424 525 2455 comitia
546 2424 605 2454 illa
627 2423 774 2465 coepisse
798 2422 939 2462 dicatur,
964 2420 1067 2453 fuisse
1088 2421 1137 2453 M.
1152 2421 1324 2453 Licinium
1339 2422 1506 2461 Crassum,
1528 2421 1564 2452 id
1587 2421 1676 2464 quod
1697 2432 1715 2452 a
1737 2421 1832 2452 nobis
1854 2421 1890 2452 in
1903 2421 2034 2463 Proleg.
