2185 2720
902 163 941 192 L.
969 163 1027 192 111.
1072 163 1106 193 c.
1133 163 1189 193 111.
1228 164 1256 205 ς.
1287 174 1311 194 1.
1891 171 2038 200 Lxxm

157 234 216 263 hac
237 235 378 264 oratione
393 235 561 265 Planciana
581 235 652 271 loci,
673 246 804 274 quorum
825 237 1020 273 sententiam,
1041 237 1101 266 nisi
1122 238 1277 276 cognitam
1298 248 1365 268 eam
1380 239 1538 278 habemus,
1558 242 1613 271 uix
1630 243 1806 282 perspicere
1821 249 1905 272 recte
1926 255 2036 282 possu-

157 292 234 310 mus.
270 283 347 312 Erat
376 284 458 311 euim
487 284 543 312 Cn.
564 284 708 313 Plancius
737 284 804 322 lege
831 284 886 313 illa
912 295 929 313 a
956 285 1001 314 M.
1026 284 1198 314 Laterense
1226 286 1448 316 sodaliciorum
1476 299 1548 318 reus
1575 292 1690 328 sactus,
1720 291 1758 320 de
1785 301 1844 330 qua
1870 301 1904 320 10
1926 292 2035 321 Cicero

157 328 191 358 C.
213 330 289 359 XV.
310 330 338 370 §.
358 331 403 359 36.
423 336 538 360 monet.

230 402 276 431 L't
295 408 397 431 autem
417 407 502 431 recte
523 407 553 430 et
573 402 683 431 ordine
705 403 873 442 disputatio
894 408 998 432 nostra
1023 404 1188 443 procedat,
1215 405 1350 445 primum
1372 406 1568 445 docebimus,
1596 420 1613 438 a
1633 420 1692 448 quo
1714 415 1744 439 et
1764 410 1885 449 quando
1905 410 1966 439 lata
1984 412 2037 440 lex

154 449 211 478 illa
231 451 287 486 sit,
316 451 427 479 deinde
448 461 506 489 qua
525 460 559 478 re
580 460 595 478 a
616 450 726 478 ceteris
754 451 885 480 ambitus
911 451 1047 488 legibus,
1076 452 1113 480 ad
1134 463 1224 491 quem
1245 453 1468 484 sodaliciorum
1488 456 1605 486 crimen
1625 458 1817 496 pertinebat,
1844 459 2036 498 discreparit,

154 496 199 526 ita
227 498 369 536 quidem,
396 503 430 527 nt
454 498 589 536 primum
617 497 654 525 (10
682 498 881 534 criminibus,
912 508 987 536 quae
1015 499 1182 528 debuerint
1208 501 1346 529 conferri
1373 501 1407 530 in
1437 512 1523 540 eum,
1557 505 1610 542 qui
1638 505 1704 542 lege
1731 505 1789 533 ista
1815 506 2035 543 postularetur,

154 544 267 573 deinde
288 546 325 574 de
343 546 440 574 forma
460 555 493 573 ac
514 555 626 583 genere
646 545 754 581 iudici,
775 546 857 584 quod
877 546 910 574 111
931 547 1151 578 sodaliciorum
1170 558 1258 578 reum
1279 549 1453 579 exercitum
1472 551 1522 588 sit,
1544 551 1676 591 deniquo
1693 552 1730 581 de
1746 562 1847 591 poena
1866 553 2033 590 uideamus,

154 602 216 632 qua
233 593 369 623 adfectus
389 593 439 630 sit,
460 592 513 632 qui
533 593 672 622 criminis
692 593 776 623 illius
798 593 958 623 conuictus
979 600 1068 624 esset.

1054 715 1082 756 ς.
1103 723 1129 749 1.

608 803 791 844 Quando
831 809 874 836 et
906 815 929 836 a
962 815 1040 847 quo
1076 805 1150 837 lex
1179 804 1364 838 Licinia
1387 805 1484 839 lata
1506 807 1576 840 sit.

226 905 359 941 Primus,
379 909 526 943 quantum
546 904 621 940 scio,
643 905 677 933 C.
699 904 844 942 Sigonius
865 904 903 933 de
924 904 1053 933 Iudiciis
1073 904 1145 933 Lib.
1166 904 1207 934 II.
1236 916 1261 935 c.
1282 908 1327 936 30.
1348 917 1378 946 p.
1403 909 1482 945 1788.
1504 908 1598 938 Thes.
1623 910 1747 946 Graeu„
1767 920 1900 948 quocum
1920 910 2032 939 Ferra-

150 954 214 984 tius
234 953 291 982 III.
311 953 392 991 Epp.
413 953 439 980 5.
459 962 489 990 p.
512 951 573 989 169.
592 957 623 980 et
639 952 803 980 Ernestius
824 953 856 980 in
877 951 944 980 Ind.
964 951 1067 989 legum
1089 953 1304 990 consentiunt,
1324 954 1423 993 legem
1443 955 1599 985 Liciniam
1620 968 1699 986 anno
1720 958 1783 996 699.
1805 959 1861 987 Cn.
1882 957 2032 997 Pompeio

151 1007 183 1031 et
202 1003 246 1031 M.
268 1000 394 1030 Licinio
416 1000 525 1028 Crasso
545 999 659 1029 iterum
687 1000 867 1028 consulibus
888 1009 905 1027 a
924 1000 968 1028 M.
989 998 1116 1027 Licinio
1139 1000 1249 1029 Crasso
1270 1001 1361 1030 latam
1383 1012 1448 1031 esse
1467 1004 1558 1033 uidit.
1596 1005 1756 1034 Manutius
1783 1011 1868 1034 certe
1895 1006 1933 1034 (10
1953 1006 2034 1044 legi-

151 1050 209 1079 bus
229 1050 319 1077 Rom.
348 1057 372 1075 c.
392 1048 438 1076 30.
464 1047 540 1076 haec
559 1058 656 1086 pauca
674 1053 794 1076 tantum
820 1047 858 1075 de
884 1047 952 1084 lege
980 1046 1035 1074 illa
1053 1047 1191 1076 monuit:
1219 1048 1365 1084 „Licinia
1391 1049 1461 1087 lex,
1489 1051 1526 1079 de
1546 1052 1703 1081 sodaliciis
1723 1053 1799 1089 lata,
1827 1054 1864 1082 ad
1884 1053 2033 1082 ambitum

149 1095 318 1136 pertinuit3
352 1095 456 1123 sanxit
478 1095 576 1131 enim,
609 1105 649 1123 ne
670 1095 738 1134 quis
766 1096 865 1124 coiret
884 1094 1076 1132 magistratus
1097 1095 1289 1133 adipiscendi
1311 1107 1431 1134 eaussa3
1467 1099 1550 1137 quod
1570 1111 1586 1128 a
1606 1100 1777 1129 Laterense
1798 1100 1953 1128 obiectum
1975 1099 2031 1127 Cn.

146 1143 292 1178 Plancio,
320 1143 457 1172 ostendit
478 1144 588 1172 Cicero
608 1143 642 1171 in
670 1143 812 1172 oratione
838 1153 896 1181 pro
917 1142 1018 1180 ipSO.“
1057 1141 1160 1170 Miror
1180 1147 1297 1179 autem,
1325 1144 1505 1176 Schulzium
1531 1147 1564 1176 in
1584 1148 1686 1185 libro,
1714 1148 1802 1177 cuius
1831 1146 1941 1175 titulus
1970 1151 2031 1174 est:

153 1191 224 1220 V'on
244 1191 304 1218 den
328 1190 692 1229 Volksversammlungen
712 1192 766 1220 cler
785 1193 906 1220 Ro'mer.
929 1188 1059 1217 Gothae.
1081 1190 1166 1225 1815„
1199 1200 1231 1218 se
1258 1201 1320 1220 11011
1346 1192 1532 1232 intellegere
1553 1195 1672 1232 dicere,
1702 1206 1761 1234 qua
1780 1194 1901 1223 ratione
1922 1193 2031 1221 ductus

147 1238 311 1268 Ernestius
331 1238 375 1266 M.
396 1237 555 1267 Licinium
575 1239 651 1277 legis
671 1238 757 1267 1111115
778 1239 908 1267 latorem
936 1236 1062 1276 putarit.
1100 1237 1211 1266 Monet
1231 1238 1286 1266 ille
1311 1250 1341 1278 p.
1365 1241 1417 1270 168
1438 1252 1481 1280 sq.
1512 1242 1549 1270 de
1569 1243 1701 1272 ambitus
1721 1243 1840 1281 legibus
1861 1250 2031 1279 exponens,

148 1292 310 1326 postquam
331 1284 492 1314 Ciceronis
513 1287 551 1315 ad
571 1288 609 1323 Q
630 1288 667 1316 fr.
688 1287 736 1323 ΙῘ,
755 1288 782 1315 3.
813 1287 924 1314 uerba:
952 1285 1068 1313 SCtum
1085 1285 1216 1322 saelum
1237 1292 1298 1320 est,
1332 1294 1368 1315 ut
1387 1289 1568 1319 sodalitates
1588 1292 1801 1329 decuriatique
1821 1290 2031 1322 <lisceclerent5

146 1337 255 1373 lexque
275 1335 311 1362 (le
331 1334 370 1360 iis
388 1333 551 1371 serretur,
585 1341 638 1370 ιιί,
665 1337 720 1373 qui
738 1345 800 1363 non
821 1334 1045 1368 discessissent,
1073 1343 1109 1360 ea
1123 1343 1246 1369 poena,
1275 1345 1354 1372 quae
1373 1342 1419 1364 est
1438 1338 1475 1366 cle
1495 1340 1545 1373 ui,
1572 1344 1759 1367 tenerentur.
1785 1338 1916 1373 adtulit,
1935 1336 2031 1365 haec:

148 1382 258 1420 „Eben
285 1380 378 1409 dahin
406 1380 498 1408 zielte
525 1382 603 1411 auch
631 1383 681 1411 (110
701 1383 770 1411 Lex
790 1380 924 1409 Licinia.
946 1379 1010 1407 Csr.
1032 1379 1096 1407 Cic.
1122 1390 1180 1418 pro
1201 1381 1304 1410 Plane.
1329 1384 1381 1412 15..
1420 1384 1507 1413 Aber
1533 1397 1623 1414 werin
1650 1386 1715 1414 und
1743 1397 1801 1415 von.
1828 1396 1904 1413 wem
1931 1384 2030 1412 dieses

148 1430 263 1458 Gesetz
283 1428 418 1466 gegeben
439 1429 563 1465 wurde,
592 1430 648 1466 ist,
669 1430 730 1458 wie
751 1430 806 1458 der
827 1425 1014 1465 eigentliehe
1035 1427 1143 1456 Itzlzczlt
1164 1427 1341 1466 desselben,
1368 1428 1559 1461 unbekannt.
1601 1433 1810 1461 Gewo‘lmlich
1829 1433 1940 1461 nimmt
1960 1442 2028 1460 man

147 1486 196 1512 an,
216 1486 247 1504 es
268 1485 323 1514 sey
342 1475 384 1503 im
402 1475 493 1503 Jahre
515 1476 569 1514 698
590 1476 681 1516 (699.)
701 1482 794 1506 unter
814 1476 880 1504 dem
900 1474 1049 1503 Consulat
1069 1475 1120 1503 des
1140 1475 1283 1505 Licinius
1306 1477 1432 1506 Crassus
1452 1478 1517 1506 und
1538 1479 1769 1519 Cn.P0mpeius
1789 1481 1923 1518 gegeben
1943 1489 2029 1508 wor-

148 1524 208 1553 den
230 1522 282 1562 (cf.
302 1522 429 1550 Ernesti
450 1522 549 1551 Index
568 1525 670 1562 legum
698 1525 731 1552 111
754 1524 840 1553 Clau.
862 1521 958 1561 Cic.);
985 1522 1059 1550 aber
1078 1523 1130 1551 ich
1150 1523 1229 1552 habe
1249 1523 1301 1553 fiir
1322 1525 1406 1554 diese
1426 1526 1590 1555 Annahme
1609 1528 1657 1556 bis
1677 1528 1752 1565 jetzt
1771 1528 1886 1556 keinen
1905 1526 2028 1555 Beweis

146 1569 332 1609 gefnnden.“
370 1569 480 1608 Neque
506 1581 579 1599 sane
606 1572 768 1600 Ernestius
796 1572 890 1600 ullam
917 1570 1030 1598 adtulit
1056 1571 1226 1608 rationem,
1263 1583 1321 1610 qua
1348 1578 1509 1602 conmotus
1542 1574 1641 1613 legem
1676 1576 1761 1604 illam
1788 1586 1804 1603 a
1830 1576 1874 1604 M.
1901 1573 2029 1602 Licinio

149 1619 259 1647 Crasso
286 1616 400 1644 iterum
427 1619 554 1646 consule
580 1619 729 1657 perlatam
756 1619 884 1658 putarit.
924 1617 1138 1646 Nihilominus
1173 1629 1248 1649 uera
1274 1620 1389 1649 dixisse
1416 1621 1615 1659 Ernestium,
1652 1623 1758 1661 paucis
1787 1622 1891 1651 doceri
1915 1626 2029 1660 potest.

147 1664 265 1694 Scribit
286 1664 395 1692 Cicero
418 1664 451 1693 C.
471 1665 550 1694 XX.
577 1665 604 1705 ς.
625 1667 688 1704 49.:
718 1678 797 1705 quae
817 1667 943 1694 comitia
958 1667 1099 1703 primam
1117 1667 1229 1696 habere
1250 1670 1349 1705 coepit
1369 1670 1477 1697 consul
1494 1680 1565 1697 cum
1584 1670 1725 1699 omnibus
1744 1672 1778 1698 in
1797 1670 1888 1698 rebus
1907 1678 2029 1697 summa

146 1713 335 1744 auctoritate
350 1718 415 1740 lum
429 1712 542 1741 harum
557 1715 697 1752 ipsarum
711 1716 813 1752 legum,
829 1715 964 1743 ambitus
980 1719 1098 1743 auctor.
1119 1715 1197 1744 Cum
1212 1715 1245 1743 in
1261 1715 1514 1744 antecedentibus
1532 1717 1569 1744 de
1585 1718 1671 1745 nulla
1690 1717 1752 1746 nisi
1774 1717 1811 1745 de
1820 1716 1945 1745 Licinia
1961 1717 2029 1754 lege

145 1762 300 1799 loquatur,
319 1760 555 1796 inanifcsnunst,
575 1762 679 1789 uerbis
698 1761 812 1790 harum
831 1764 972 1798 ipsarum
992 1762 1095 1799 legum
1115 1763 1211 1801 ipsam
1232 1764 1317 1792 illam
1337 1763 1436 1800 legem
1451 1763 1607 1793 Liciniam
1626 1765 1832 1804 potissumum
1852 1763 2028 1802 significari.

145 1808 210 1838 Iam
231 1817 299 1835 011111
319 1817 411 1845 supra
430 1808 502 1836 Lib.
523 1808 578 1837 III.
601 1809 634 1837 C.
656 1809 679 1836 I.
699 1807 726 1847 §.
747 1819 772 1838 2.
794 1808 1043 1838 euidentissumis
1063 1811 1250 1848 argumentis
1272 1810 1543 1848 conprobarimus‚
1571 1813 1705 1841 consulis
1725 1812 1868 1848 nomine,
1898 1811 1950 1849 qui
1974 1821 2028 1839 co-

146 1855 237 1885 mitia
255 1854 309 1882 illa
329 1853 443 1882 habere
470 1856 608 1894 coepisse
635 1856 772 1892 dicatur,
805 1857 899 1885 alium
928 1857 988 1884 nisi
1007 1858 1052 1886 M.
1072 1858 1232 1887 Licinium
1254 1858 1395 1886 Crassum
1415 1858 1529 1887 iterum
1558 1860 1717 1888 consulem
1737 1860 1942 1897 significatum
1962 1869 2028 1887 esse

145 1913 210 1931 non
230 1912 335 1940 posse,
356 1903 461 1931 nullus
482 1903 671 1942 relinquitur
692 1903 853 1932 dubitandi
873 1904 976 1940 100115,
997 1906 1073 1944 quin
1093 1906 1147 1935 lex
1166 1906 1302 1943 Licinia,
1323 1914 1399 1944 quae
1418 1905 1480 1935 fuit
1499 1906 1537 1935 de
1557 1907 1730 1945 sodaliciis,
1750 1918 1766 1936 a
1785 1909 1828 1937 M.
1848 1907 1974 1937 Licinio
1996 1906 2027 1935 II

147 1950 273 1979 consule
294 1959 340 1977 an.
361 1949 424 1988 (399.
445 1951 506 1979 lata
525 1951 575 1980 sit.

223 2023 367 2051 Ceterum
388 2032 426 2050 ex
446 2024 604 2053 ueteribus
625 2025 829 2065 scriptoribus
858 2026 942 2056 solus
970 2027 1096 2056 uidetur
1116 2028 1180 2057 Dio
1202 2027 1326 2058 Cassius
1356 2027 1394 2056 de
1419 2027 1481 2056 lata
1509 2027 1563 2057 illa
1589 2028 1656 2067 lege
1680 2029 1852 2065 monuisse,
1881 2028 1933 2067 qui
1953 2028 2025 2057 Lib.

148 2073 312 2104 XXXIX.
339 2083 363 2101 0.
387 2074 435 2110 37.
457 2083 488 2111 p.
506 2076 575 2103 523.
598 2076 644 2104 ed.
667 2078 766 2106 Sturz.
789 2077 827 2106 dc
849 2078 994 2115 Pompeio
1019 2083 1048 2106 et
1063 2079 1172 2107 Crasso
1194 2079 1307 2106 iterum
1332 2078 1509 2114 consulibus
1532 2078 1652 2107 scribit:
1676 2076 1770 2110 ταῦτά
1793 2090 1824 2110 τε
1846 2074 1901 2109 οὖν
1923 2089 2026 2117 κυρω-

147 2125 244 2166 θῆναι
267 2124 424 2161 ἐποίησαν,
446 2126 498 2156 καὶ
519 2125 596 2165 piezu?
618 2127 709 2159 τοῦτο
732 2126 896 2170 πικρότεροι
919 2129 1054 2169 ἐπιτίμια
1075 2130 1137 2166 τοῖς
1160 2127 1316 2165 δεκάζουσι
1341 2127 1425 2164 τινᾰς
1447 2128 1605 2166 ἐπέταξαν,
1631 2130 1730 2173 ὥςπερ
1756 2143 1804 2163 τοι
1826 2130 1912 2162 αὐτοὶ
1934 2130 2026 2161 ἔλατ-

147 2191 216 2217 τον,
253 2175 299 2208 ὅτι
321 2175 358 2208 οὗ
379 2175 546 2218 χρήμασιν,
575 2177 649 2210 (ἑλλοὶ
670 2182 724 2221 βίᾳ
746 2179 801 2219 τήν
821 2180 921 2223 ἅρχήν
952 2181 1131 2222 εἰλῆᾳεσαν,
1169 2179 1364 2222 ἁμαρτόντες.
1407 2183 1516 2222 Neque
1540 2184 1621 2222 qnod
1647 2186 1750 2213 ambos
1774 2186 1912 2213 consules
1937 2194 2026 2212 acer-

146 2231 252 2259 biores
273 2229 310 2257 de
330 2230 447 2258 ambitu
466 2230 548 2267 leges
567 2231 674 2259 tulisse
694 2232 818 2267 scribit,
845 2233 963 2270 aliquid
984 2234 1162 2262 oss'ensionis
1190 2233 1292 2261 habet.
1332 2232 1420 2260 Solet
1439 2233 1521 2261 enim
1541 2234 1605 2262 Dio
1633 2235 1699 2263 scre
1726 2235 1841 2273 ubique
1861 2235 1897 2262 ab
1917 2235 2025 2262 ambo-

148 2278 206 2307 bus
225 2278 338 2306 factum
359 2276 537 2305 consulibus
559 2277 678 2313 dicere,
711 2279 794 2316 quod
813 2281 955 2310 alterutri
976 2285 1094 2309 tantum
1121 2280 1343 2318 adsignandum
1364 2285 1439 2309 erat.
1479 2281 1554 2310 Illut
1583 2282 1805 2319 quodammodo
1834 2287 1941 2310 contra
1967 2292 2025 2310 nos

148 2325 249 2353 faeere
269 2324 371 2352 uideri
391 2329 509 2362 potest,
530 2324 613 2362 quod
632 2324 696 2352 Dio
716 2326 798 2363 leges
824 2327 892 2355 illas
920 2338 981 2355 11011
1003 2333 1063 2356 tam
1090 2329 1126 2356 de
1153 2328 1309 2356 sodaliciis
1337 2338 1426 2366 quam
1453 2328 1490 2355 (10
1517 2329 1634 2358 ambitu
1654 2331 1727 2358 latas
1747 2329 1866 2358 scribit.
1906 2329 2024 2357 Uerum

148 2371 183 2399 in
203 2381 238 2399 ea
256 2381 289 2399 re
309 2381 371 2399 11011
392 2377 467 2410 puto
489 2371 677 2399 haerendum
698 2382 780 2408 csse,
806 2375 986 2411 praesertim
1008 2386 1076 2404 cum
1106 2386 1144 2404 ex
1166 2376 1326 2404 Ciceronis
1346 2375 1452 2404 uerbis
1471 2375 1584 2403 harum
1605 2378 1746 2413 ipsarum
1765 2377 1869 2414 legum
1888 2377 2025 2405 ambitus

150 2424 258 2447 auctor
276 2420 320 2447 M.
341 2419 500 2447 Licinium
527 2429 590 2447 non
618 2430 708 2447 unam
733 2420 771 2447 de
798 2421 953 2449 sodaliciis
973 2422 1087 2461 legem,
1116 2434 1225 2452 uerum
1244 2424 1352 2462 plures
1372 2423 1410 2451 ad
1430 2423 1633 2452 coercendum
1653 2424 1819 2461 ambitum,
1846 2435 1922 2464 quos
1941 2424 2024 2453 Dio-

148 2475 219 2494 nem
238 2466 429 2504 probabilest
448 2471 620 2505 spectasse,
641 2466 748 2495 tulisse
768 2472 920 2505 appareat.

1571 2525 1607 2552 10
