2185 2720
727 167 960 198 RERUM
997 166 1074 196 ET
1113 166 1511 196 UERBORUM.

186 245 353 285 Praeferre
373 245 521 284 singulari
541 256 599 275 usu
617 244 673 274 LI.
696 253 757 283 192.

186 295 424 324 Praemanclare
444 294 520 333 quid
539 293 693 332 significet
716 290 769 320 106
789 300 833 329 sq.

186 341 433 371 Praemandatis
452 343 620 380 requisitus
641 349 704 377 107.

187 390 421 426 Praerogatiua
442 389 668 418 substantiuom
691 387 753 415 142.

187 437 434 474 Praerogatiuos
454 436 522 475 quis
543 436 664 464 dicatur
687 434 748 464 142.

189 483 350 512 Praetoria
369 483 402 512 in
421 483 596 522 prouinciis
616 483 681 512 242.

188 531 343 559 Praetoris
364 540 433 559 cum
453 536 615 570 quaestore
634 528 830 559 necessitudo
852 536 913 557 110.

188 580 351 613 Primum,
371 589 435 607 non
455 584 604 618 sequente
624 577 734 606 deinde
754 576 799 605 68.

188 626 337 664 Proferre
357 631 388 654 et
408 626 535 666 differre
555 627 680 655 comitia
701 624 823 652 diuersa
841 627 912 651 sunt
934 621 995 651 140.

188 674 340 710 Prqsc'teri
360 673 397 701 de
417 674 595 712 petentibus
615 672 825 710 magistratum
846 680 891 709 79.

188 722 478 759 Promagistratus,
505 732 570 750 uox
589 731 653 749 non
672 720 768 748 latina
790 718 851 758 196.

188 769 378 796 Promittere
397 774 429 797 et
442 770 590 807 polliceri
609 769 674 797 244.

189 816 378 844 Pronomina
403 817 580 856 personalia
599 815 778 844 nominibus
797 813 945 853 postponi
966 812 1089 849 debent,

263 863 290 892 si
310 863 437 892 illorum
456 864 616 893 nominum
637 862 892 902 explicandorum
911 872 1016 891 caussa
1035 861 1089 889 ad-

264 911 406 941 iciuntur
428 913 490 950 157.

189 961 404 989 Pronuntiare
423 960 571 999 singulari
591 970 649 988 usu
671 959 734 988 138.

191 1007 354 1036 Publicani
373 1008 483 1036 Asiani
502 1007 714 1037 remissionem
736 1009 849 1046 petunt
867 1015 884 1034 a
897 1007 1015 1039 senatu,
1035 1001 1090 1031 ad-

265 1060 407 1084 uersante
428 1056 546 1085 Catone
568 1057 622 1085 115
642 1065 707 1094 sqq.

191 1149 391 1187 Quaesitores
419 1150 657 1179 extraordinarii
683 1154 828 1190 poterant
852 1148 927 1187 eligi
945 1153 1011 1177 tum
1030 1147 1091 1176 ho-

267 1198 366 1226 mines
374 1198 492 1237 priuati
507 1204 572 1227 tum
588 1199 798 1237 magistratum
812 1203 953 1237 gerentes
967 1196 1091 1226 LXXI.

193 1246 381 1283 Quaestores
407 1256 471 1274 non
496 1247 663 1275 utebantur
682 1246 846 1275 lictoribus
873 1245 907 1274 in
926 1245 1004 1274 urbe
1027 1245 1091 1274 242.

266 1294 419 1323 habebant
438 1294 472 1322 in
493 1295 664 1332 prouinciis
683 1294 843 1333 propriam
861 1294 911 1322 sui
930 1293 1092 1332 magistra-

265 1348 315 1372 tus
348 1342 472 1371 domum
506 1343 579 1371 ibid.
624 1342 806 1379 Quaestoris
842 1352 912 1370 cum
944 1346 1092 1381 praetore

266 1390 461 1419 necessitudo
487 1399 548 1419 110.
576 1397 718 1430 quaestor
737 1402 799 1420 non
818 1392 922 1429 inperi
939 1396 986 1418 set
1005 1390 1090 1418 dolo-

266 1440 310 1466 ris·
335 1441 395 1468 188.

193 1485 420 1522 Quaestorium,
441 1485 547 1514 domus
568 1491 764 1525 quaestorum
782 1487 817 1516 in
835 1485 1009 1525 prouinciis
1028 1485 1090 1514 242.

192 1536 296 1572 Quam
329 1533 367 1562 ad
391 1543 585 1573 suppressam
611 1535 796 1574 particulam
817 1536 926 1574 potitis·
951 1533 1092 1562 referen-

268 1580 340 1609 dum
359 1581 425 1610 240.
530 1613 534 1615 Δ

195 1629 337 1666 Quantus
357 1629 390 1657 in
410 1634 472 1659 ant.
492 1631 579 1660 codd.
601 1638 746 1670 quamtus
764 1631 915 1670 scriptum
934 1632 998 1661 231.
1018 1631 1093 1660 hinc

270 1683 422 1716 quantum
440 1677 474 1706 in
495 1689 589 1716 quam
608 1685 675 1707 lum
695 1680 895 1718 deprauatlun
914 1680 988 1709 ibid.

195 1725 299 1762 Quare
319 1730 350 1753 et
370 1735 449 1763 quae
468 1731 642 1764 permutata
661 1727 772 1756 XXII.

192 1776 259 1812 Que
286 1772 398 1811 copula
424 1782 487 1801 non
507 1773 590 1802 inter
618 1784 730 1803 nomen
749 1775 829 1811 loci,
856 1775 890 1803 in
910 1785 1000 1814 quem
1019 1775 1093 1811 itur,

267 1826 298 1850 et
316 1829 430 1849 nomen
449 1819 601 1858 hominis,
621 1822 659 1850 ad
680 1833 769 1861 quem
789 1822 963 1859 acceditur,
991 1823 1093 1851 inter-

265 1868 394 1908 ponitur
402 1868 464 1897 241.
485 1880 542 1907 que
561 1874 634 1898 nota
652 1871 775 1900 librarii
793 1880 907 1900 nomen
922 1873 1094 1909 quaestoris

267 1916 481 1955 significabant
493 1918 557 1946 242.

195 1965 291 2003 Queri
309 1965 491 2003 praegnanti
511 1966 737 2004 significatione
758 1976 820 2006 109.

194 2014 257 2051 Qui
283 2024 353 2042 cum
379 2013 580 2043 coniunctiuo
608 2015 787 2054 ponendum
812 2015 868 2044 ubi
892 2026 976 2045 nunc
1002 2016 1093 2046 multi

267 2072 337 2090 cum
356 2061 497 2090 scribunt
516 2061 561 2100 69.
582 2064 636 2100 qui
654 2074 713 2103 pro
734 2066 786 2093 cui
804 2064 838 2092 in
853 2069 913 2093 ant.
930 2064 1017 2093 codd.
1036 2074 1093 2104 pa·-

268 2109 369 2148 limps.
391 2108 541 2148 scriptum
566 2110 678 2139 XXII.

196 2157 326 2193 Quidem
341 2156 405 2185 uim
420 2157 591 2195 particulae
606 2158 817 2188 aduersatiuae
840 2159 934 2189 habet
951 2162 1012 2200 198.
1030 2163 1093 2191 218.

195 2205 285 2241 Quod
300 2209 331 2233 et
351 2215 441 2243 quom
461 2205 589 2234 confusa
607 2216 672 2243 227.

195 2252 275 2289 Quoi
299 2252 397 2281 forma
417 2262 434 2281 a
453 2252 607 2283 Cicerone
633 2259 666 2283 et
684 2254 753 2284 aliis
773 2254 981 2294 scriptoribus
1001 2266 1092 2286 usur·

267 2305 338 2339 pata
359 2299 470 2330 XXII.

623 2350 661 2379 R.

194 2394 349 2432 Racilius,
385 2395 440 2431 L.,
483 2396 518 2426 in
550 2398 712 2428 tribmiatu
748 2399 790 2437 pl.
825 2397 933 2427 Planci
967 2398 1093 2437 conlega

266 2442 422 2472 LXVIII.
445 2454 506 2473 100.
530 2455 580 2484 192
601 2457 665 2486 sqq.

195 2491 314 2529 Raptus
333 2491 505 2529 puellarum
526 2493 652 2532 inpnnis
676 2495 736 2524 105.

1998 166 2052 194 253

1146 243 1315 271 Rationem
1334 247 1516 281 corruptum
1535 242 1568 270 in
1589 249 1701 269 morem
1721 243 1752 267 et
1772 243 1902 267 mentem
1923 248 1969 277 9ο.

1147 290 1314 318 Rationem
1334 290 1416 327 offici
1435 292 1568 318 retinere
1588 297 1633 326 90.

1146 337 1293 373 Recipere
1313 339 1518 374 suspicionem
1537 337 1676 365 alieuius
1686 334 1778 372 facti
1797 333 1841 361 61.

1147 385 1322 413 Recordari
1342 390 1373 414 et
1392 386 1565 413 meminisse
1588 386 1649 414 181.

1148 433 1288 462 Reddere
1307 432 1457 470 singulari
1476 431 1701 470 significatione
1723 429 1785 458 154.

1147 480 1280 517 Referre
1301 480 1347 519 (in
1369 479 1518 518 codicem)
1538 479 1678 507 absolute
1696 477 1833 516 positum
1856 477 1917 506 130.

1147 529 1276 557 Reicere
1295 530 1455 558 auctiones
1477 537 1538 557 112.
1559 528 1728 565 legationes
1750 534 1811 554 111.

1147 575 1277 604 Relicns
1299 580 1329 604 et
1349 581 1465 605 ceterus
1485 575 1530 604 62.

1146 625 1238 653 Rem
1258 623 1331 652 bene
1347 634 1454 662 gerere
1476 623 1538 652 165.

1147 673 1341 700 Renuntiari
1360 671 1413 709 qui
1434 671 1575 700 dicantur
1597 670 1659 698 141.

1147 720 1350 750 Renuntiatio
1369 718 1593 757 suffragiorum
1614 727 1658 756 79.

1146 768 1295 805 Repetere
1315 766 1439 804 aliquid
1456 776 1491 793 ex
1511 766 1622 803 aliqua
1641 776 1674 794 re
1697 774 1757 801 171.

1147 815 1325 854 Repudiare
1354 814 1415 842 135.
1451 813 1616 849 repudiare
1652 818 1684 841 et
1716 823 1858 851 respuere
1893 814 2046 851 quomodo

1223 862 1363 890 differant
1383 861 1458 889 ibid.

1147 911 1284 948 Repulsa
1305 910 1462 945 aedilicia,
1485 918 1549 937 non
1567 910 1691 945 repulsa
1711 908 1886 938 aedilitatis
1900 910 2046 940 XXXII.

1147 960 1302 996 Respuet-e
1325 957 1386 986 135.
1408 967 1550 995 respuere
1571 961 1601 984 et
1621 958 1787 994 repudiare
1808 959 1962 995 quomodo
1984 959 2047 988 dif-

1222 1006 1323 1033 ferant
1343 1005 1417 1033 ibid.

1147 1055 1292 1082 Retinere
1313 1062 1412 1091 neque
1433 1052 1584 1091 significat
1607 1055 1770 1082 restituere
1788 1063 1890 1091 neque
1910 1064 1927 1082 a
1948 1054 2047 1082 libra-

1223 1100 1279 1128 riis
1310 1111 1378 1128 cum
1398 1100 1457 1129 1100
1478 1111 1506 1128 u.
1536 1105 1774 1139 permutatulnst
1800 1110 1865 1139 229.

1223 1149 1422 1188 participium
1444 1158 1512 1176 cum
1532 1149 1670 1186 genitiuo
1693 1150 1755 1177 152.

1150 1199 1285 1236 Rogatio
1305 1197 1453 1235 singulari
1473 1196 1697 1235 significatione
1717 1196 1762 1235 96.

1151 1245 1308 1282 Rutilius,
1327 1245 1379 1281 P.‚
1406 1245 1572 1273 Scaeuolae
1591 1249 1734 1283 quaestor
1758 1254 1817 1274 110.

1583 1304 1613 1331 S.

1911 1104 2048 1130 retinens

1150 1342 1317 1379 Sacerdos,
1337 1342 1371 1371 C.
1392 1352 1438 1381 99.

1149 1392 1248 1429 Saepe
1268 1396 1298 1419 et
1318 1392 1451 1419 multum
1469 1394 1553 1419 recte
1572 1389 1743 1428 iunguntur
1762 1388 1824 1418 246.

1148 1440 1289 1468 Saltator
1309 1438 1347 1466 de
1368 1439 1503 1467 Gabinio
1522 1448 1586 1467 220.

1149 1488 1290 1516 Sansisse
1308 1487 1433 1526 antique
1453 1498 1509 1526 pro
1530 1487 1668 1515 sanxisse
1687 1485 1750 1514 205.

1150 1538 1281 1566 Sam-ire
1302 1537 1384 1574 leges
1404 1535 1538 1574 populus
1560 1533 1691 1569 dicitur,
1711 1542 1775 1561 non
1795 1538 1917 1561 senatus
1940 1533 2001 1562 136.

1151 1585 1282 1613 Sam-ire
1301 1583 1530 1612 obseruantiam
1545 1592 1648 1620 poena
1669 1580 1742 1619 quid
1763 1580 1915 1619 significet
1938 1583 1998 1620 139.

1153 1632 1353 1668 Saturninus,
1381 1632 1435 1670 qui
1455 1641 1524 1659 cum
1544 1630 1582 1666 Q.
1603 1628 1734 1658 Metello
1756 1628 1788 1657 in
1810 1629 1902 1658 Creta
1921 1629 1981 1658 suit
2003 1640 2047 1668 99.

1153 1682 1276 1710 Scaena.
1316 1681 1389 1709 Esse
1409 1681 1443 1707 in
1462 1688 1576 1706 scaena
1598 1685 1659 1705 100.

1151 1728 1314 1764 Scaeuola,
1335 1727 1373 1764 Q.
1395 1736 1456 1756 100.
1476 1726 1509 1754 P.
1529 1724 1653 1754 Mucius
1671 1732 1732 1753 222.

1152 1777 1257 1816 Scipio
1277 1775 1375 1804 Asina
1397 1775 1458 1812 159.
1478 1773 1591 1802 Nasica
1609 1781 1671 1801 222.

1151 1825 1284 1853 Sciscere
1303 1824 1399 1861 legem
1422 1824 1481 1852 118.
1590 1860 1594 1864 “

1151 1873 1248 1901 Seisse
1256 1876 1287 1900 et
1301 1873 1386 1904 sisse,
1401 1871 1518 1899 formae
1534 1869 1798 1907 aCic.usurpatae
1810 1868 1871 1898 168.
1887 1867 2052 1907 (coll.218.)

1151 1922 1190 1950 Se
1216 1929 1390 1960 pronomen
1424 1929 1440 1946 a
1465 1917 1671 1956 scriptoribus
1698 1926 1788 1955 saepe
1816 1916 1961 1946 omissum
1992 1918 2050 1947 166.

1226 1980 1243 1997 a
1256 1967 1392 1997 librariis
1412 1966 1566 1995 intrusum
1581 1966 1656 1995 ibid.

1150 2018 1305 2053 Secundo,
1326 2026 1391 2044 non
1407 2014 1510 2043 addito
1530 2015 1594 2043 loco
1616 2014 1677 2042 144.

1152 2066 1257 2101 Seius,
1283 2066 1325 2094 M.
1347 2075 1392 2102 71.

1152 2112 1335 2152 Sempronia
1353 2112 1406 2140 lex
1425 2111 1475 2148 (de
1494 2107 1683 2150 publicanis)
1706 2110 1767 2140 108.
1787 2109 1859 2138 coll.
1882 2120 1943 2147 117.

1151 2162 1312 2199 sequester
1335 2170 1394 2189 122.
1417 2161 1478 2197 137.

1152 2210 1318 2245 Serranus,
1341 2209 1375 2237 C.
1383 2230 1392 2245 ,
1412 2208 1519 2237 consul
1540 2217 1584 2245 72.

1152 2257 1286 2286 Seruilia
1306 2256 1363 2285 lex
1380 2266 1442 2293 127.
1465 2265 1526 2295 129.
1549 2256 1611 2285 130.

1149 2306 1294 2334 Seruitus
1315 2305 1396 2343 offici
1418 2305 1480 2342 189.

1150 2354 1202 2382 Set
1222 2358 1252 2381 et
1272 2353 1395 2392 quidem
1414 2351 1448 2379 111
1468 2349 1667 2390 oppositione
1684 2352 1748 2381 218.

1150 2401 1201 2429 Sic
1216 2399 1370 2439 particula
1384 2399 1533 2437 singulari
1548 2409 1605 2427 usu
1621 2399 1654 2426 in
1668 2398 1706 2427 iis
1721 2408 1799 2437 quae
1813 2408 1885 2428 casu
1896 2399 1975 2429 fiunt
1989 2409 2048 2435 172.

1150 2448 1250 2486 Signa
1271 2447 1371 2476 solida
1391 2453 1420 2475 et
1441 2457 1582 2484 expressa
1603 2446 1704 2484 qualia
1723 2446 1785 2475 sint
1809 2456 1867 2477 102.

1151 2495 1203 2523 Sin
1226 2505 1287 2524 non
1308 2494 1513 2534 praecedente
1532 2496 1561 2523 si
1580 2494 1715 2533 positum
1735 2495 1778 2533 69.
