2185 2720
826 196 1283 225 PRAEFATIO.
1937 191 1984 215 ix

116 295 154 325 et
178 285 352 335 genuinas
387 292 424 321 et
450 290 638 331 corruptas
674 283 871 329 scripturas
906 282 983 316 eius
1009 281 1205 326 diligenter
1236 278 1358 322 noris,
1394 277 1558 311 minume
1590 279 1824 322 perspectum
1850 273 1985 307 habere

116 362 266 410 poteris.
317 361 468 395 Penitus
494 365 615 394 autem
641 358 805 403 cognitos
831 356 965 390 habere
990 354 1134 389 codices
1159 358 1309 400 apparet
1335 364 1418 386 eum
1445 352 1589 394 debere,
1618 350 1680 396 qui
1708 347 1889 394 quomodo
1917 359 1982 380 co-

117 436 216 482 gnati
243 434 317 469 sint
341 435 439 468 inter
465 445 505 466 se
529 431 752 478 perscrutari
776 430 877 464 uelit.

221 509 280 543 De
306 506 587 550 commentario,
615 505 677 550 qui
703 504 868 550 sequitur
892 508 977 548 post
1003 501 1206 536 orationem
1231 500 1456 544 Tullianam,
1482 499 1572 532 haec
1597 497 1689 531 mihi
1714 498 1983 543 praemonenda

116 588 214 618 sunt.
263 580 403 625 Recepi
429 580 468 612 in
496 591 579 613 eum
605 579 743 622 omnia,
785 588 876 622 quae
899 576 945 609 ad
972 575 1236 609 inlustrandam
1268 575 1471 608 orationem
1502 571 1733 606 Plancianam
1767 572 1885 605 facere
1917 572 1981 605 ui·-

118 657 312 698 derentur,
339 653 417 687 siue
442 653 485 687 ab
512 653 591 686 aliis
614 652 702 686 uiris
729 651 845 685 doctis
870 655 954 683 ante
982 661 1041 683 me
1066 649 1222 691 monita,
1250 648 1328 681 siue
1355 660 1374 680 a
1399 660 1458 681 me
1484 647 1630 680 demum
1657 645 1857 679 obseruata.
1894 645 1979 679 Non

116 740 210 775 nego
238 727 412 774 quaedam
439 727 589 760 breuius
617 725 688 759 dici
712 725 893 771 potuisse,
919 734 1090 757 maxume
1117 734 1176 765 ea,
1203 733 1295 767 quae
1320 733 1341 755 a
1367 720 1568 754 Garatonio
1596 719 1729 764 scripta
1755 723 1851 762 sunt,
1879 718 1981 751 cuius

114 802 375 837 uerbositatem
400 801 562 833 minume
588 800 715 845 probo.
765 797 905 831 Uerum
931 797 1028 830 illius
1062 796 1155 840 uiri,
1199 795 1301 828 cujus
1335 807 1505 828 maxuma
1537 799 1624 839 aput
1655 793 1821 826 homines
1855 791 1980 825 doctos

115 875 313 911 auctoritas
340 879 414 915 est,
456 874 708 908 adnotationes
741 872 772 905 si
797 872 836 905 in
860 871 1010 904 breuius
1037 869 1317 912 contraxissem,
1356 869 1393 901 in
1419 879 1564 912 magnas
1590 867 1789 900 multorum
1814 865 1980 898 uirorum

115 947 422 995 reprehensiones
447 947 667 990 incidissem,
695 946 756 991 qui
771 945 842 979 nisi
863 944 1020 988 integras
1047 943 1308 977 commentario
1335 954 1417 976 meo
1433 942 1588 975 insertas
1602 941 1861 986 repperissent,
1888 938 1977 971 alia-

115 1034 199 1058 rum
225 1022 333 1055 etiam
359 1020 577 1063 editionum,
613 1020 652 1052 in
679 1019 809 1065 quibus
834 1018 1142 1051 inmutatae'sunt
1166 1017 1362 1062 repetitae,
1400 1027 1507 1049 usum
1533 1015 1602 1048 sibi
1626 1014 1875 1048 necessarium
1900 1024 1980 1047 esse

117 1099 369 1142 quererentur.
421 1092 517 1126 Mihi
542 1098 665 1127 autem
690 1093 729 1126 id
754 1091 965 1126 faciundum
988 1091 1197 1135 uidebatur,
1223 1095 1266 1124 ut
1291 1090 1353 1135 qui
1378 1101 1459 1122 mea
1484 1094 1676 1122 uterentur
1702 1088 1878 1131 editione,
1913 1099 1980 1120 re·-

116 1169 226 1216 liquis
251 1179 375 1202 carere
401 1167 569 1201 omnibus
600 1171 761 1211 possent.
811 1165 937 1210 Itaque
962 1177 1010 1199 ne
1034 1165 1188 1198 uerbum
1214 1163 1360 1209 quidem
1387 1163 1465 1196 eius
1491 1176 1511 1197 a
1526 1175 1584 1197 me
1601 1162 1810 1196 omissumst
1835 1166 1981 1206 praeter

120 1255 181 1288 ea,
219 1241 350 1288 quibus
374 1240 499 1275 uariae
525 1239 691 1273 codicum
717 1239 918 1284 scripturae
943 1238 1155 1284 simpliciter
1185 1237 1407 1271 referuntur.
1460 1237 1561 1280 Quas
1593 1248 1703 1283 quom
1734 1235 1774 1268 in
1806 1239 1980 1279 apparatu

115 1316 242 1352 critico
268 1315 340 1348 iam
359 1313 668 1360 percensuissem,
692 1313 837 1358 ineptus
862 1312 1031 1356 fuissem,
1060 1312 1090 1345 si
1114 1312 1249 1346 iterum
1273 1310 1309 1343 in
1337 1311 1595 1345 commentario
1622 1309 1864 1343 Garatonium
1888 1319 1978 1341 uer-

112 1389 239 1425 bosius
273 1399 333 1422 eas
367 1392 702 1422 conmemorantem
736 1385 1031 1420 introduxissem.
1081 1385 1141 1419 Ex
1182 1384 1409 1431 reliquorum
1448 1386 1690 1430 interpretum
1729 1382 1979 1416 recentiorum

114 1461 448 1510 explanationibus,
487 1460 655 1505 Manuti,
693 1459 884 1503 Lambini,
921 1458 1089 1503 Gruteri,
1127 1458 1285 1502 Graeui,
1329 1459 1496 1502 Ernesti,
1535 1457 1777 1500 Lallemandi,
1817 1454 1978 1499 Weiski,

113 1536 280 1579 Schutzi‚
319 1540 355 1569 et
379 1534 515 1577 Orelli,
558 1546 616 1567 eas
642 1533 785 1579 recepi,
828 1545 982 1579 quarum
1007 1532 1136 1578 aliquis
1160 1532 1301 1567 fructus
1328 1545 1406 1567 esse
1430 1537 1563 1578 posset.
1614 1531 1818 1576 Optumum
1842 1529 1977 1563 horum

115 1620 243 1644 omnes
275 1608 396 1642 sciunt
426 1607 669 1652 interpretem
703 1606 911 1641 Manutium
946 1618 1042 1650 esse,
1086 1606 1188 1640 cuius
1221 1606 1413 1652 plerasque
1438 1606 1688 1640 adnotationes
1721 1605 1759 1637 in
1786 1613 1978 1637 commen-

113 1683 208 1719 tario
231 1664 314 1715 meo
340 1681 512 1726 repetitas
537 1681 688 1714 uidebis.
738 1679 791 1714 Ac
817 1680 952 1714 multos
977 1680 1077 1713 locos
1103 1692 1321 1729 quamquam
1347 1680 1425 1725 ipse
1451 1691 1525 1720 non
1541 1679 1699 1712 monitus
1726 1678 1769 1712 ab
1784 1678 1862 1711 aliis
1877 1680 1977 1710 recte

113 1755 384 1798 intellexeram,
410 1754 578 1799 priorum
601 1760 724 1789 tamen
750 1754 932 1788 editorum
957 1754 1278 1799 interpretationes
1306 1766 1413 1799 quam
1438 1765 1555 1796 meas,
1590 1765 1676 1798 quas
1702 1752 1891 1786 breuiores
1916 1749 1977 1783 se-

115 1830 263 1872 cissem,
289 1828 455 1874 adposito
483 1840 611 1863 eorum
636 1828 785 1861 nomine
813 1828 1074 1861 commentario
1101 1827 1265 1860 inserere
1290 1827 1412 1870 malui,
1438 1839 1486 1861 nc
1513 1838 1595 1871 erga
1621 1839 1694 1870 eos,
1722 1826 1783 1871 qui
1809 1830 1892 1858 ante
1917 1834 1977 1857 me

113 1903 154 1937 in
180 1902 405 1948 explananda
428 1902 496 1936 hae
523 1903 688 1937 oratione
715 1901 952 1945 elaborarant,
979 1902 1143 1947 ingratus
1168 1903 1355 1947 reperirer
1380 1913 1579 1946 eorumque
1605 1901 1817 1933 memoriam
1844 1904 1880 1932 et
1894 1909 1977 1931 me-

112 1975 184 2010 rita
215 1975 375 2009 uoluisse
409 1976 619 2011 oblitterare
650 1976 801 2009 dicerer.
852 1974 987 2020 Magna
1021 1988 1103 2009 cum
1138 1975 1246 2009 laude
1278 1975 1603 2010 conmemorandus
1628 1974 1687 2007 hic
1714 1974 1821 2007 etiam
1848 1973 1875 2007 Ι.
1901 1973 1976 2006 Ba-

114 2049 196 2083 kius
220 2049 378 2083 Batauus
405 2055 476 2094 est,
520 2051 584 2096 qui
613 2050 653 2083 in
678 2060 831 2083 censura
857 2048 1028 2083 editionis
1058 2048 1284 2092 Orellianae,
1329 2060 1420 2094 quae
1453 2049 1492 2081 in
1519 2048 1778 2082 Bibliothecam
1805 2047 1976 2080 Criticam

112 2122 257 2156 Nouam
289 2122 576 2169 Lugdunensem
606 2128 788 2169 receptast
820 2122 902 2157 Uol.
934 2123 999 2157 III.
1032 2135 1068 2169 p.
1102 2123 1148 2167 57
1167 2123 1312 2166 —88.,
1355 2123 1494 2169 aliquot
1525 2123 1633 2156 huius
1668 2121 1841 2155 orationis
1874 2120 1977 2153 locos

112 2201 263 2243 optume
288 2198 468 2232 tractauit.

211 2264 381 2315 Denique
414 2270 566 2317 integris
597 2271 763 2316 scholiis,
800 2283 890 2317 quae
924 2271 967 2305 ab
993 2269 1036 2304 A.
1063 2270 1161 2305 Maio
1198 2283 1245 2305 ex
1292 2270 1415 2304 codice
1448 2269 1687 2304 Ambrosiano
1730 2275 1764 2302 ct
1799 2269 1974 2302 Uaticano

113 2348 218 2377 eruta
243 2348 357 2387 erant,
383 2343 422 2376 in
449 2346 709 2379 commentario
734 2357 817 2379 meo
844 2345 965 2379 locum
991 2345 1085 2379 dedi.
1136 2343 1188 2379 Ac
1214 2345 1388 2378 Uaticana
1413 2344 1560 2389 scholia,
1588 2355 1680 2389 quae
1706 2354 1801 2376 anno
1829 2343 1975 2376 demum

111 2417 324 2452 uicensumo
350 2429 449 2452 nono
475 2418 584 2453 huius
609 2419 742 2453 saeculi
767 2417 809 2453 A.
835 2419 954 2454 Maius
979 2419 1119 2454 Romae
1146 2419 1277 2463 edidit,
1319 2419 1363 2453 ab
1391 2420 1518 2453 eodem
1546 2418 1679 2463 scripta
1704 2416 1869 2459 homine,
1914 2416 1976 2462 qui

1539 2474 1563 2501 Β
