2185 2720
907 170 947 200 L.
973 170 1032 200 111.
1076 171 1112 200 c.
1138 170 1180 200 v.
1218 169 1296 210 §.1.
1344 154 1347 156 ’
1967 174 2046 203 XCI

166 242 382 281 congessimus.
423 242 500 272 'I'ria
527 242 564 271 de
586 241 748 273 Ciceronis
776 243 880 273 reditu
916 249 1038 274 senatus
1066 245 1206 274 consulta
1226 245 1370 282 fuerunt;
1405 252 1564 276 enumerat
1592 247 1660 286 ipse
1687 257 1744 285 pro
1773 247 1858 276 Sext.
1878 247 1922 276 54.
1943 253 1973 276 et
1993 248 2051 276 61..

166 291 304 320 Primum
326 291 385 319 hoc
405 291 482 327 suit,
512 302 581 319 cum
609 294 643 320 in
669 294 797 329 templo,
825 292 943 330 inquit,
971 294 1109 321 Honoris·
1133 294 1271 321 Uirtutis
1290 293 1384 322 honos
1411 294 1537 323 habitus
1558 302 1634 323 esset
1654 297 1787 328 uirtuti,
1815 297 1929 333 Gaique
1948 296 2051 328 Mari,

165 341 394 367 conseruatori-s·
428 338 522 366 huius
557 340 677 375 imperi,
710 346 943 368 monumentum
969 342 1124 377 municipi
1151 342 1216 368 eins
1247 346 1276 368 et
1303 342 1351 369 rei
1371 351 1406 378 p.
1435 342 1591 379 defensori
1617 343 1717 370 sedem.
1743 343 1788 370 cul
1805 343 1937 370 salutem
1952 353 2049 379 prae-

165 385 288 414 buisset.
329 387 416 421 Quae
437 385 497 413 sibi
518 385 651 422 gloriosa
682 392 787 415 secuta
814 392 902 422 sunt,
936 391 1041 415 narrat
1067 397 1091 414 c.
1113 387 1174 415 56.:
1201 389 1320 415 recenti
1340 390 1450 416 nuntio
1472 389 1508 416 tle
1528 389 1581 416 illo
1603 390 1682 423 SC'o,
1711 391 1933 428 quodsaetum
1953 395 1997 417 est
2017 391 2051 417 in

164 434 277 470 templo
302 435 454 465 Uirtutis,
486 433 531 460 acl
547 433 636 461 ludos
657 444 861 472 scaenamque
877 435 1007 471 perlato.
1045 434 1132 461 Haut
1159 434 1242 469 sci0‚
1272 444 1309 462 an
1330 434 1378 463 ibi
1396 436 1535 463 Honoris
1558 435 1727 471 exciderit,
1748 442 1782 464 ut
1800 437 1960 476 superiore
1979 436 2049 464 loco

163 480 269 508 multis
290 480 321 508 in
343 480 440 508 libris.
481 481 590 508 Honos
612 481 746 518 quidem,
768 481 820 519 qui
841 481 991 509 uirtutem
1011 481 1161 519 sequitur,
1183 482 1235 519 qui
1256 492 1319 510 non
1340 493 1413 520 prae
1433 482 1552 510 uirtute
1570 487 1615 510 set
1631 488 1701 520 post
1717 484 1865 512 uirtutem
1888 489 1933 512 est
1953 493 2050 522 expe-

163 527 285 562 tendus,
304 527 441 565 priorem
458 527 542 555 tituli
557 528 660 556 locum
677 539 738 556 non
753 534 883 563 teneret,
901 528 1023 566 opinor,
1044 528 1105 556 nisi
1122 529 1314 557 constructio
1332 529 1454 558 iuberet
1470 529 1673 567 grammatica.
1702 530 1803 558 Uerus
1819 532 1921 569 itaque
1938 530 2050 559 titulus

161 575 267 610 fuerit,
280 574 464 607 HONORI.
476 574 709 612 UIRTUTIS„
727 577 779 614 qui
796 576 914 604 uirtute
929 575 1050 613 paritur
1065 572 1191 614 eamque
1208 577 1384 605 comitatur.
1405 576 1522 604 Similis
1539 577 1622 605 tituli
1639 577 1719 605 ratio
1730 577 1762 604 in
1779 579 1894 617 templo
1903 578 2052 607 Herc-ulls

161 624 346 654 fisa-sarum,
369 631 458 659 quem
480 622 672 659 sssusageten
692 624 859 662 appellant,
879 624 1039 652 Musarum
1060 623 1189 652 chorum
1209 623 1370 662 Apollinis
1389 624 1459 652 loeo
1481 624 1664 661 ducentem3
1686 634 1775 662 quem
1797 629 1907 660 tamen,
1927 625 1952 652 si
1973 624 2050 652 lice-

163 675 224 707 ret,
263 666 449 709 φιλόμουσον
479 671 611 700 mallem.
670 673 707 701 In
735 673 918 703 Bellorianis
957 674 1042 702 urbis
1073 673 1207 711 uestigiis
1239 674 1346 702 tabula
1382 674 1516 702 secunda
1557 679 1617 711 est,
1655 676 1791 704 AEDIS.
1829 674 2052 704 HERCULIS.

161 720 400 757 MUSARUM.,
421 731 521 759 neque
541 727 643 750 tamen
663 723 753 751 aliter
773 723 903 752 inscribi
925 723 1042 758 debuit,
1063 733 1152 760 quam
1171 723 1381 752 HERCULI.
1402 724 1642 759 MUSARUM„
1664 725 1721 752 etsi
1737 726 1835 754 Musis
1855 725 1931 754 haut
1949 723 2052 752 minus

161 773 242 796 esset
261 768 350 796 aedes
371 774 547 797 consecrata
570 780 659 807 quam
679 770 821 799 Herculi.
857 771 914 800 Ait
933 771 1016 799 enim
1037 770 1148 798 Cicero
1168 781 1225 808 pro
1246 770 1364 799 Archia
1386 781 1410 799 c.
1434 781 1487 807 11.,
1508 773 1550 800 M.
1572 771 1720 800 Fuluium
1740 772 1830 801 illum
1850 772 2049 801 Nobiliorem

160 815 283 843 Martis
310 816 476 844 manubias
505 818 611 845 illusis
638 828 850 853 c‹rnsecrasse;
884 829 1013 857 quarum
1039 823 1154 846 statuas
1183 818 1353 846 Ambracia
1380 819 1513 847 sublatas
1542 829 1611 848 cum
1639 820 1672 848 in
1700 830 1736 848 co
1762 821 1878 859 templo
1904 819 2052 848 Fuluium

161 862 318 891 dedicasse
338 863 452 892 scribat
468 864 638 894 Eumenius
659 876 716 904 pro
733 866 837 894 schol.
858 876 923 904 cap.
945 876 980 903 7.,
1002 877 1106 895 earum
1128 876 1232 894 caussa
1252 866 1402 905 templum
1430 866 1504 894 illut.
1529 867 1707 896 extruxisse
1727 868 1819 897 facile
1839 866 2052 904 intellegitur3

160 909 330 939 Herculem
351 921 426 939 uero
448 912 591 941 comitem
612 913 782 952 ducemque
810 913 1006 950 adiunxisse,
1040 924 1079 942 nc
1099 913 1198 942 Musis
1225 913 1356 942 amicior
1388 924 1478 952 quam
1507 913 1653 943 bellatori
1680 915 1845 952 conuenit,
1879 915 2051 949 uideretur,

162 967 232 987 cum
250 958 450 996 praesertim,
488 959 540 996 qui
568 960 601 988 id
620 962 736 999 probro
764 962 794 990 ei
823 961 949 997 darent,
982 972 1046 990 non
1067 962 1224 997 decsscnt5
1258 970 1353 999 eaque
1381 962 1620 998 coniunctione,
1652 963 1735 1001 quod
1755 974 1824 992 eum
1844 972 1907 991 non
1926 960 2051 996 fefellit,

161 1004 289 1034 duarum
309 1005 369 1033 sibi
389 1009 462 1042 aput
482 1011 622 1043 posteros
643 1014 875 1037 monumentum
896 1009 1032 1038 laudium
1052 1010 1205 1038 statuisse.
1243 1008 1353 1046 Aeque
1374 1008 1471 1046 igitur
1484 1009 1573 1038 aedes
1594 1010 1649 1038 illa
1663 1012 1833 1040 Musarum
1853 1009 1915 1038 dici
1935 1007 2050 1048 potuit,

160 1062 257 1090 aeque
276 1052 351 1080 haec
371 1052 511 1081 {Mariana
535 1055 679 1085 Uirtutis,
718 1056 812 1092 Quod
832 1061 934 1085 autem
954 1057 1067 1095 passim
1088 1058 1224 1085 lionoris
1244 1062 1273 1085 et
1298 1058 1438 1085 Uirtutis
1458 1057 1649 1095 appellatur,
1671 1068 1706 1086 ea
1724 1068 1758 1086 re
1778 1057 1962 1096 significatio
1983 1055 2050 1094 pri-

161 1103 259 1131 maria
283 1112 345 1130 non
367 1102 504 1137 tollium
529 1108 573 1132 est
595 1106 676 1134 enim
699 1106 804 1134 eadem
828 1104 860 1135 ἲν
883 1104 934 1136 deo?
956 1107 1039 1137 δυοῖν
1054 1106 1083 1145 ³).
1127 1107 1174 1135 Ita
1196 1106 1227 1134 in
1251 1105 1417 1135 honorario
1444 1111 1619 1145 temporum
1642 1113 1841 1146 optumorum
1863 1107 1952 1136 titulo
1976 1110 2050 1143 aput

159 1152 352 1190 Aegyptium
372 1152 410 1180 ad
431 1152 461 1181 S.
484 1153 517 1181 C.
538 1154 575 1182 de
595 1155 746 1184 Bacchan.
775 1157 812 1185 T.
834 1157 907 1185 VII.
934 1157 1011 1185 Liui
1032 1157 1130 1186 Drak.
1151 1167 1180 1195 p.
1201 1166 1282 1193 207.:
1308 1156 1578 1186 MESSALLAE.
1616 1158 1825 1186 HONORIS.
1858 1157 1926 1186 ET.
1953 1155 2050 1184 UIR-

161 1199 303 1227 TUTIS.
325 1199 492 1234 CAUSA.,
523 1201 553 1230 h.
575 1213 601 1231 e.
628 1202 757 1232 honoris
779 1204 844 1232 eius
865 1204 978 1233 uirtuti
998 1197 1136 1233 habendi
1154 1215 1266 1233 caussa.
1304 1204 1347 1232 Et
1374 1204 1407 1232 in
1428 1205 1700 1243 praestantissuma
1719 1205 1945 1243 inscriptione,
1973 1212 2050 1242 quae

158 1246 259 1275 adhuc
279 1247 396 1274 Romae
416 1248 472 1275 sul)
494 1248 652 1287 Capitolio
674 1251 885 1289 conspicitur,
906 1259 980 1291 aput
1005 1253 1176 1280 Gruterum
1198 1251 1380 1280 CCCCLV.
1404 1261 1444 1280 1.:
1472 1252 1509 1281 C.
1526 1252 1742 1282 POBLICIO.
1762 1253 1800 1281 L.
1820 1253 1856 1281 F.
1875 1251 2049 1281 BIRULO.

158 1294 259 1322 AED.
275 1294 338 1322 PL.
359 1295 567 1325 HONORIS.
589 1297 903 1336 UIRTUTISQUF..
925 1300 1100 1329 CAUSSA.
1129 1299 1339 1327 SENATUS.
1361 1298 1609 1329 CONSULTO.
1630 1299 1894 1337 POPULIQUE.
1915 1298 2051 1328 IUSSU.

159 1341 312 1370 LOCUS.
333 1342 619 1373 MONUMENTI.
650 1346 753 1382 QUO.
782 1347 884 1376 IPSE.
914 1347 1235 1383 POSTEREIQUE.
1255 1346 1365 1375 EIUS.
1392 1346 1726 1376 INFERRENTUR.
1747 1348 1943 1377 PUBLICE.
1971 1347 2050 1374 DA-

160 1389 254 1417 TUS.
274 1389 376 1418 EST..
414 1391 539 1419 Deinde
560 1395 751 1422 consuetudo
772 1395 985 1432 loquentium,
1006 1405 1082 1433 quae
1102 1395 1282 1433 plurumum
1301 1393 1402 1429 ualet,
1422 1394 1519 1422 multa
1539 1405 1629 1433 saepe
1648 1395 1866 1433 transformat;
1893 1400 2050 1434 postremo

160 1442 280 1466 constat
300 1447 338 1465 ex
358 1437 454 1466 Liuio
475 1439 629 1475 XXVII,
647 1442 703 1475 25„
724 1442 800 1470 duos
822 1443 916 1471 fuisse
936 1444 1008 1471 illos
1029 1453 1140 1471 reuera
1159 1442 1281 1470 habitos
1302 1442 1384 1470 deos.
1423 1441 1561 1470 Uidebat
1580 1442 1796 1481 sentiebatque
1817 1454 1886 1472 cum
1906 1443 2050 1472 omnibus

159 1485 277 1513 Lucius
299 1485 421 1522 quidam
442 1486 556 1523 Ulpius
577 1492 653 1525 aput
674 1488 764 1518 Crnt.
786 1491 820 1519 C.
840 1491 884 1527 4.‚
915 1497 962 1520 set
982 1491 1133 1529 originem
1155 1491 1240 1518 illam
1267 1490 1412 1527 ignorans
1441 1488 1524 1526 [cum
1551 1490 1695 1518 omnibus
1723 1492 1849 1520 omnino
1870 1490 2049 1529 Romanis],

161 1543 216 1562 suo
246 1532 363 1560 iudicio
384 1533 543 1561 nominum
571 1535 712 1564 ordinem
740 1536 888 1574 inuenit,
915 1544 951 1567 ut
976 1544 1097 1567 rectum
1124 1539 1260 1566 faceret:
1287 1536 1488 1565 UIRTUTI.
1515 1537 1584 1565 ET.
1611 1537 1796 1568 HONORI.
1822 1539 1860 1567 L.
1881 1538 2049 1567 ULPlUS.

160 1579 438 1610 MARCELLUS.
466 1581 565 1609 LEG.
592 1582 695 1611 AUG.
724 1584 788 1613 PR.
817 1586 881 1614 PR.
910 1585 1105 1614 PANNON.
1132 1585 1216 1613 INF.
1244 1584 1284 1612 U.
1312 1584 1352 1612 S..
1391 1583 1539 1622 Idemque
1568 1585 1646 1613 ordo
1672 1585 1840 1614 Plutarcho
1867 1586 1986 1625 placuit
2012 1585 2049 1614 de

160 1628 247 1656 For't-
267 1627 357 1655 Rom·
379 1627 418 1655 T·
439 1627 515 1655 VH·
533 1628 639 1658 Reisk.
657 1641 687 1669 p.
709 1632 772 1660 264.
794 1632 826 1660 in
847 1633 930 1661 aedis
951 1634 1172 1663 Marcellianae
1193 1632 1287 1661 titulo
1309 1632 1586 1669 conmemorando,
1613 1643 1704 1671 quam
1724 1633 1836 1661 deinde
1856 1645 1886 1673 p.
1906 1644 1971 1669 277.
1990 1644 2049 1672 pro

160 1686 195 1704 re
215 1674 352 1710 scilicet,
373 1684 461 1712 quam
483 1675 605 1712 agebat,
626 1677 718 1706 unius
739 1678 877 1709 Uirtutis
899 1682 1025 1710 nomine
1046 1682 1193 1720 appellat.
1226 1680 1282 1707 Set
1300 1679 1333 1707 in
1353 1679 1481 1717 antiquo
1502 1680 1630 1709 denario
1651 1687 1725 1720 aput
1745 1683 1870 1711 Morell.
1891 1683 1924 1710 in
1944 1682 2049 1710 tabula

158 1721 335 1758 Fufiorum,
353 1726 384 1749 et
402 1721 534 1750 Eckhel.
556 1722 594 1751 T.
616 1724 656 1753 V.
677 1725 717 1754 D.
740 1726 779 1754 N.
800 1737 829 1765 p.
850 1738 913 1757 220.
934 1729 998 1757 256.
1020 1734 1180 1757 extumum
1201 1732 1248 1755 est
1268 1727 1438 1755 laureatum
1458 1727 1598 1756 Honoris
1619 1734 1719 1767 caput,
1740 1730 1891 1767 galeatum
1911 1730 2049 1759 Uirtutis

159 1769 301 1804 interius,
321 1774 356 1796 ut
375 1769 463 1806 prior
484 1769 649 1808 inscriptio
670 1772 710 1800 sit
729 1773 814 1810 HO.‚
834 1776 968 1804 secunda
993 1777 1122 1805 UJRT..
1144 1776 1186 1803 Et
1206 1774 1239 1802 in
1261 1774 1431 1810 Galbianis,
1453 1786 1529 1813 quos
1550 1776 1722 1805 Eckhelius
1741 1777 1864 1813 adiecit,
1885 1777 2048 1806 HONOS.

159 1818 228 1846 ET.
248 1816 432 1845 UIRTUS..
473 1816 583 1855 Typus
605 1818 659 1846 illc
688 1820 724 1847 ab
746 1821 975 1861 Haucrcampio
998 1823 1058 1852 Th.
1079 1823 1204 1852 Morcll.
1232 1831 1265 1859 p.
1287 1822 1348 1850 185.
1379 1822 1418 1850 ad
1437 1823 1556 1851 exitum
1576 1824 1654 1852 belli
1681 1825 1803 1854 socialis
1825 1825 1949 1854 uidetur
1968 1824 2047 1854 mihi

161 1865 280 1903 egregie
300 1865 425 1893 relatus.
462 1864 574 1893 Honos
595 1866 678 1895 enim
697 1867 823 1898 habitus
844 1874 890 1899 est
910 1875 995 1899 certe
1014 1870 1146 1907 uirtuti-7
1165 1869 1293 1898 ciuitate
1313 1869 1407 1898 sociis
1428 1874 1460 1899 et
1478 1870 1603 1900 Latinis
1623 1871 1701 1901 data.

162 2014 195 2039 de
214 2012 336 2044 Cimbris,
356 2013 576 2050 Teutonibusque
596 2016 751 2049 conlocarit,
771 2017 804 2042 de
824 2018 918 2052 quibus
935 2019 1070 2045 Nardinus
1087 2019 1134 2045 IV.
1154 2019 1232 2046 Rom.
1252 2019 1318 2047 Uet.
1334 2028 1363 2046 2-
1378 2021 1467 2047 addita
1485 2020 1672 2055 inscriptione3
1698 2028 1752 2046 11011
1771 2029 1802 2046 ea
1822 2022 1932 2047 sortasse
1951 2025 2046 2053 tamen,

162 2067 240 2092 quam
258 2067 291 2082 ex
309 2057 450 2083 Mazuchio
470 2059 600 2086 Gruterus
619 2062 700 2087 habet
720 2062 902 2088 CDXXXVI.
921 2064 964 2096 3.‚
991 2072 1068 2097 quam
1086 2064 1113 2089 in
1132 2065 1174 2089 uia
1194 2064 1322 2089 Flaminia
1340 2070 1471 2098 repertam
1495 2065 1576 2090 tradit
1595 2065 1705 2090 Ursinus
1730 2067 1763 2091 ad
1781 2066 1902 2091 Marlian.
1923 2065 2046 2099 Topogr.

161 2103 194 2129 U.
214 2103 248 2127 R.
266 2102 312 2127 IV.
331 2102 371 2134 8.,
398 2103 470 2128 cuius
490 2109 605 2131 extrema
623 2107 707 2132 uerba
725 2107 860 2133 Manutius
886 2108 930 2133 hic
950 2109 1052 2136 adfert,
1075 2109 1168 2133 aedem
1187 2109 1255 2133 hanc
1272 2113 1346 2133 recte
1365 2109 1525 2142 distinguens
1545 2109 1576 2134 ab
1597 2109 1695 2140 altera,
1713 2118 1789 2142 quam
1808 2110 1912 2135 Honori
1933 2115 1959 2135 et
1977 2110 2046 2135 Uir—

158 2149 210 2173 tuti
228 2147 370 2172 Marcellus
387 2147 469 2172 multo
487 2153 547 2173 ante
565 2150 682 2183 fecerat,
711 2152 888 2186 adstipulante
907 2153 1037 2178 Mai-liano
1057 2152 1074 2177 l.
1094 2161 1117 2176 c.
1138 2157 1164 2176 et
1188 2152 1279 2177 Iureto
1304 2154 1338 2179 ad
1356 2153 1506 2187 Symmaeh.
1523 2153 1546 2178 I.
1567 2153 1616 2178 15..
1652 2153 1725 2177 Haut
1750 2163 1842 2187 parum
1862 2155 1929 2179 hanc
1948 2154 1979 2179 ab
1999 2154 2045 2179 illa

159 2196 287 2217 remotam
306 2191 401 2221 fuisse,
420 2191 517 2217 theatri
538 2193 658 2219 uicinitas
679 2196 778 2229 arguit,
797 2196 868 2229 quod
887 2196 1074 2221 celeberrumo
1093 2196 1154 2221 loco
1174 2205 1207 2222 ex
1224 2201 1357 2230 tempore,
1377 2202 1407 2222 ut
1424 2202 1480 2222 tum
1497 2197 1586 2229 fiebat,
1605 2197 1770 2223 aedificatum
1789 2198 1815 2223 in
1831 2199 1940 2232 planitie
1961 2199 2045 2233 Capi-

160 2236 228 2262 tolio
246 2235 366 2261 subiecta
385 2240 424 2260 est
441 2236 596 2269 uerisimile,
622 2238 743 2265 Tiberim
762 2249 854 2265 uersus
873 2245 900 2265 et
919 2240 1045 2274 Campum
1063 2240 1203 2270 Martium
1230 2251 1288 2267 cum
1308 2243 1393 2268 altera
1410 2242 1456 2267 illa
1475 2242 1556 2267 aedes
1574 2243 1654 2267 suerit
1672 2247 1744 2268 extra
1762 2247 1865 2277 portam
1885 2243 2046 2277 Cwenamf‘

243 2295 262 2328 ³)
282 2295 359 2320 Errat
379 2295 553 2328 Gai-atomus,
573 2297 616 2329 qui
635 2298 693 2323 lusu
713 2299 866 2330 Ciceronis,
891 2300 1019 2332 (licentis,
1042 2309 1101 2325 cum
1121 2299 1149 2325 in
1169 2301 1268 2335 templo
1286 2302 1407 2328 Honoris
1429 2301 1548 2328 Uirtutis
1568 2301 1652 2326 honos
1670 2301 1780 2327 habitus
1798 2307 1867 2327 esset
1884 2301 1996 2334 uirtuti,
2014 2302 2042 2327 in

165 2347 280 2364 errorem
297 2339 385 2364 induci
413 2349 440 2364 se
464 2350 553 2373 passus
573 2346 622 2366 est.
657 2342 733 2367 Nihil
759 2344 869 2368 alienius
893 2344 941 2369 ista
962 2345 1189 2378 interpretatione.
1225 2346 1336 2372 Duobus
1354 2348 1518 2379 numinibus,
1544 2351 1571 2371 et
1588 2346 1693 2371 Honori
1719 2351 1745 2370 et
1764 2346 1870 2377 Uirtuti,
1890 2351 2042 2372 consecrata

163 2383 209 2409 illa
228 2384 308 2408 aedes
326 2383 443 2408 Mariana
462 2384 518 2415 snit,
536 2389 565 2409 ut
583 2390 658 2410 recte
677 2387 824 2420 expositum
843 2388 874 2412 ab
884 2388 1030 2414 Thorlacio
1049 2389 1067 2415 l.
1086 2390 1114 2415 l..
1150 2390 1246 2423 Neque
1266 2390 1292 2416 in
1311 2391 1408 2423 uerbis,
1426 2390 1584 2418 Illessallae.
1603 2390 1723 2416 honoris.
1743 2394 1776 2416 et.
1795 2389 1915 2417 uirtutis.
1934 2399 2042 2416 caussa.

164 2425 193 2453 ἓν
211 2426 256 2454 διαὶ
273 2426 347 2454 δυοῖν
366 2433 418 2457 est3
437 2428 582 2461 significant
602 2439 641 2461 ea,
660 2431 799 2457 Messallae
818 2432 927 2457 honoris
945 2442 1034 2460 caussa
1057 2440 1085 2459 et
1101 2440 1213 2470 propter
1231 2435 1366 2461 uirtutem.
1389 2436 1544 2469 Eodemque
1563 2443 1640 2460 sensu
1657 2434 1683 2460 in
1702 2434 1786 2460 altera
1805 2435 1851 2460 illa
1869 2435 2042 2469 inscriptione

161 2471 243 2497 uerba
259 2471 368 2498 honoris
385 2473 497 2499 uirtutis
514 2483 611 2500 caussa
629 2476 701 2502 dicta
718 2481 788 2501 suut.

1562 2529 1595 2554 12
1609 2524 1623 2538 *
