2185 2720
720 123 746 153 c
764 124 795 153 A
813 124 857 153 P.
895 120 1055 152 XXVIII.
1083 119 1111 160 §-
1138 124 1183 153 es.
1205 137 1242 143 -
1262 121 1392 151 XXIX.
1419 121 1446 162 ς.
1466 128 1512 156 59.
2002 131 2055 159 131

255 202 286 244 §.
309 201 362 244 69.
407 200 543 242 Quibus
573 200 666 233 nihil
689 205 806 244 potest
836 210 908 231 esse
937 195 1138 237 iucundius)
1180 197 1294 237 Mihi,
1332 197 1423 240 quod
1447 198 1537 230 codd.
1558 198 1716 230 nonnulli
1737 198 1826 230 inter
1849 199 1930 230 haec
1951 200 2055 232 uerba

169 254 308 293 addunt,
333 260 472 297 propter
497 252 653 292 uarium,
684 263 786 294 quem
809 256 965 294 occupat,
991 249 1104 281 locum
1129 248 1283 281 omittere
1304 249 1415 281 debui.

255 307 372 349 Quam
391 318 455 350 pro
479 306 629 339 Plancio
643 303 760 349 facio)
803 303 946 337 Uidetur
972 301 1168 344 legendum,
1206 315 1309 346 quam
1331 304 1429 347 'quod
1444 315 1512 348 pro
1535 305 1682 336 Plancio
1695 304 1810 348 facio.
1846 304 2053 338 LAMBINLG.

169 360 307 393 Habent
332 360 364 391 id
386 360 499 403 ipsum
520 359 566 398 Β,
590 358 639 398 Ε,
664 363 697 389 et
716 358 783 397 Lc,
805 361 1072 399 receperuntque
1093 353 1213 386 merito
1238 355 1423 397 Graeuius,
1452 355 1710 398 Lallemandus,
1744 364 1776 389 et
1800 357 1961 389 suadente
1985 358 2056 389 Ga-

169 413 301 445 ratonio
323 412 485 445 Orellius.
528 409 600 443 Cfr.
623 409 755 451 Proleg.
780 410 890 451 1411.
917 410 955 441 C.
978 409 1005 440 Ι.
1030 408 1060 449 §.
1086 407 1134 439 16.
1157 418 1191 449 p.
1215 408 1312 441 LV..

255 465 477 499 AIeminer-im
497 480 539 489 —
565 462 740 505 recorder)
781 461 1045 496 Adtendendum
1074 458 1116 490 ad
1146 458 1327 492 discrimen
1356 461 1481 494 horum
1507 463 1692 494 uerborum
1716 470 1779 503 est,
1817 463 1859 494 de
1882 475 1948 505 quo
1970 463 2056 494 bene

173 519 332 562 exposuit
352 516 551 550 Ludouicus
573 515 796 555 Doederlein,
831 514 933 547 huius
958 512 1026 546 loci
1046 523 1116 543 non
1136 511 1322 555 inmemor,
1359 515 1395 547 111
1417 515 1524 555 libro,
1550 516 1642 548 cuius
1666 516 1801 548 titulus:
1840 517 2055 548 Lateinische

171 572 371 614 Synonyme
392 569 464 601 und
486 568 747 612 Etymologieen
772 580 807 611 p.
834 568 892 600 166
915 578 1007 609 sqq..

258 623 440 666 Opimium
469 623 699 666 dampnatum
727 634 798 654 esse
824 618 1069 660 commemoras)
1114 616 1183 650 Csr.
1212 629 1275 661 pro
1302 621 1409 653 Sestio
1441 622 1479 653 C.
1508 622 1658 654 LXVII.
1692 623 1722 665 §-
1756 623 1826 655 140.
1854 622 1891 653 in
1916 623 1958 654 L.
1990 622 2054 654 Pis.

172 677 210 708 C.
232 676 408 708 XXXIX.
434 676 464 717 §.
488 676 540 718 95.
567 674 609 706 de
632 675 692 707 Or.
716 675 761 715 II,
785 675 842 713 25,
869 673 938 705 106.
966 672 1003 703 111
1026 671 1124 703 Catil.
1147 672 1198 711 Η,
1222 682 1258 711 2,
1283 673 1333 705 4..

255 729 476 761 Seruatorem
499 729 615 772 ipsum
636 729 688 761 rei
708 725 882 772 publicae)
926 724 1148 756 Periclitantis
1172 724 1213 756 ob
1236 725 1326 768 leges
1350 726 1506 758 Gracchi.
1533 727 1748 760 MANPTIUS.
1793 729 1950 760 Ceterum
1972 740 2056 772 pro-

169 793 297 814 nomen
329 782 444 825 ipsum
472 780 603 813 addidit
626 782 776 820 Cassius,
812 779 900 823 quod
922 779 964 811 L.
989 777 1165 820 Opimius,
1203 790 1304 820 quem
1325 779 1462 811 Plancio
1493 780 1652 823 opponit,
1688 793 1757 812 non
1779 793 1841 824 per
1863 781 1986 822 alium,
2019 785 2055 813 ut

169 834 327 867 Plancius
349 833 465 865 fecerit
489 833 661 865 Ciceronis
685 834 825 865 salutem
847 842 1065 869 conseruanS,
1089 837 1138 862 set
1162 830 1234 873 ipse
1255 843 1328 863 rem
1349 833 1520 875 publicam
1548 835 1805 866 conseruauerit.

256 887 360 928 Quod
386 898 493 930 neque
522 885 685 930 Opimius
714 904 757 911 -—
790 897 898 930 neque
924 884 966 925 Q.
994 884 1145 926 Metelli)
1190 885 1378 928 Utrobique
1407 885 1461 916 dat
1496 898 1604 929 neque
1631 887 1733 921 Bau..
1777 887 1904 925 Probo,
1949 894 1981 919 et
2008 888 2056 919 esL

170 940 284 984 priore
306 940 398 978 loco,
431 939 542 970 uocali
566 945 741 982 sequente,
772 944 1021 982 opportunum3
1056 937 1162 968 altero
1185 943 1296 969 autem
1319 939 1453 977 malim,
1488 951 1595 982 neque
1616 940 1753 972 Metelli
1775 940 1944 973 Calidius.
1978 941 2056 972 GA-

169 1002 372 1026 RATONIUS.
418 992 584 1024 Garatoni
614 992 841 1023 coniecturam
872 1001 1076 1034 quamquam
1108 988 1283 1022 confirmat
1309 990 1533 1030 Erfurtensis,
1570 998 1681 1024 tamen
1712 1004 1750 1025 eo
1778 993 1884 1035 magis
1905 993 2055 1037 recipere

170 1045 339 1084 dubitaui,
377 1056 444 1087 quo
469 1044 600 1076 facilius
621 1044 740 1076 librari
768 1056 880 1077 errore
903 1055 947 1076 ex
971 1055 1032 1075 nec
1059 1056 1091 1087 q.
1118 1042 1192 1074 fieri
1216 1056 1322 1087 neque
1350 1045 1470 1087 potuit.
1514 1045 1630 1087 Atque
1652 1046 1742 1077 hunc
1767 1046 1881 1089 ipsum
1904 1057 2055 1078 errorem

170 1097 304 1131 admisit
324 1097 483 1130 librarius
512 1097 582 1130 cod.
605 1098 680 1130 Erf.
710 1099 748 1131 C.
771 1098 910 1130 XXIX.
941 1108 1004 1140 pro
1024 1102 1162 1139 petente
1187 1095 1228 1136 Q.
1251 1097 1398 1128 scribens
1416 1103 1633 1141 petenteque.
1676 1100 1798 1141 Neque
1824 1106 1937 1131 tamen
1958 1100 2054 1140 Bau„

171 1152 231 1194 qui
261 1163 338 1183 cum
358 1149 431 1182 Erf.
461 1163 570 1195 neque
599 1151 732 1191 scribit,
764 1162 848 1182 num
882 1149 1067 1182 seruauerit
1095 1149 1154 1190 Q.,
1190 1155 1278 1180 certo
1307 1150 1439 1181 scimus.
1485 1151 1575 1182 Eum
1605 1150 1632 1181 si
1663 1151 1704 1192 Q.
1738 1152 1894 1184 omittere
1921 1154 2053 1195 scirem,

174 1204 364 1236 Garatonio
388 1203 528 1235 omnino
551 1203 775 1244 adsentirem,
807 1215 884 1235 cum
908 1202 1051 1246 expulso
1079 1213 1119 1233 eo
1141 1201 1250 1233 maior
1271 1203 1504 1235 membrorum
1527 1203 1710 1246 aequalitas
1733 1205 1867 1238 existat.
1912 1207 2054 1240 Interim

174 1257 280 1290 satius
305 1256 408 1296 duxi,
431 1263 566 1288 tantum
589 1270 699 1303 neque
720 1270 765 1290 eX
787 1257 814 1289 B
838 1263 870 1289 et
891 1257 920 1289 E
943 1256 1134 1288 restituere.

258 1312 329 1343 Suo
351 1309 499 1351 nomine)
545 1310 616 1351 Qui
640 1311 712 1354 ipse
737 1322 812 1342 rem
833 1309 1004 1354 publicam
1028 1315 1265 1342 conseruasset.

257 1364 384 1408 Neque
405 1363 448 1404 Q.
471 1364 610 1396 Metelli
631 1363 802 1407 Calidius)
845 1364 926 1396 Non
956 1363 1031 1395 ideo
1059 1362 1217 1395 liberatus
1243 1361 1409 1403 Calidius,
1445 1363 1523 1406 quia
1548 1376 1606 1396 sua
1629 1364 1703 1407 lege
1725 1365 1905 1398 Metellum
1927 1366 1967 1398 ab
1991 1378 2055 1398 ex·-

170 1417 231 1450 ilio
254 1423 453 1448 reuocasset.
497 1417 575 1448 Hoc
596 1416 802 1459 significabat
825 1416 974 1456 Cassius,
1012 1427 1215 1458 quamquam
1236 1415 1351 1446 Planci
1373 1427 1493 1458 magna
1518 1417 1636 1449 merita
1666 1417 1702 1449 in
1731 1418 1927 1451 Ciceronem
1959 1426 2055 1451 exta-

170 1476 263 1510 rent,
292 1481 363 1501 non
384 1469 459 1501 ideo
482 1475 594 1501 tamen
618 1481 696 1501 eum
718 1469 849 1501 absolui
870 1470 1006 1509 debere,
1036 1481 1112 1500 cum
1133 1481 1194 1500 nec
1217 1469 1392 1512 Opimius,
1424 1470 1474 1501 rei
1497 1470 1651 1513 publicae
1673 1477 1839 1511 seruator,
1873 1483 1935 1503 nec
1956 1473 2055 1504 resti-

172 1529 267 1556 tutor
288 1522 420 1555 Metelli
448 1522 596 1554 Calidius
627 1521 770 1554 absoluti
797 1522 923 1554 iudicio
954 1522 1032 1553 sint.
1065 1522 1278 1553 Maxumus.
1322 1522 1432 1553 Immo
1458 1523 1522 1555 hoc
1547 1524 1678 1556 Cassius
1702 1523 1798 1556 dicit:
1832 1524 1928 1557 Licet
1951 1526 2055 1557 Plau-

173 1577 244 1609 cius
267 1575 398 1618 egregie
419 1574 460 1606 de
481 1575 587 1606 salute
608 1581 665 1606 tua
686 1573 827 1606 meritus
847 1574 903 1614 sit,
934 1581 1048 1606 tamen
1069 1586 1138 1606 non
1163 1581 1211 1606 est
1231 1575 1486 1618 postulandum,
1516 1582 1553 1607 ut
1577 1583 1754 1619 propterea
1776 1577 1924 1609 criminis
1946 1579 2055 1610 alicu-

172 1630 233 1662 ius·
249 1628 421 1660 conuictus
449 1628 587 1671 inpunis
610 1639 654 1659 ex
680 1626 807 1659 iudicio
838 1626 990 1658 discedat.
1037 1626 1091 1659 Sic
1113 1627 1212 1659 etiam
1236 1629 1278 1660 L.
1303 1628 1462 1671 Opimius
1485 1636 1516 1661 et
1539 1630 1582 1672 Q.
1607 1629 1753 1662 Calidius
1774 1636 1915 1673 propter
1937 1643 1995 1662 sua
2018 1634 2054 1663 in

171 1693 245 1715 rem
270 1680 439 1724 publicam
460 1681 582 1714 merita
603 1692 673 1713 non
694 1679 731 1712 id
753 1686 830 1713 sunt
852 1679 1034 1722 consecuti,
1071 1686 1108 1712 ut
1134 1692 1296 1724 poenam,
1336 1692 1402 1724 qua
1430 1694 1464 1714 se
1486 1683 1610 1714 scelere
1634 1682 1780 1726 quodam
1801 1683 1918 1726 dignos
1943 1685 2054 1717 reddi-

172 1735 305 1775 derant,
331 1733 527 1778 effugerent.

941 1824 969 1858 C
995 1822 1027 1859 A
1051 1824 1099 1859 P.
1145 1823 1286 1858 XXIX.

260 1897 397 1941 Populo
417 1896 465 1929 R.
487 1895 712 1940 supplicasse)
756 1896 804 1929 Ut
826 1896 870 1938 Q.
895 1896 1025 1929 Calidio
1047 1903 1238 1940 praeturam
1263 1895 1421 1927 deferret.

261 1950 347 1983 Cum
375 1950 513 1994 quidem
539 1962 607 1982 non
630 1948 805 1981 dubitaret
836 1954 869 1981 et
891 1949 1012 1982 consul
1032 1955 1065 1982 et
1086 1951 1184 1982 homo
1205 1949 1449 1982 nobilissumus
1466 1954 1656 1993 patronum
1679 1950 1781 1982 illum
1803 1961 1874 1983 esse
1896 1963 1997 1983 suum
2019 1957 2053 1983 et

165 2001 335 2048 familiae
365 2014 448 2035 suae
479 2002 721 2035 nobilissumae
750 2002 876 2044 dicere)
920 2001 1114 2045 Elegantius
1144 2002 1270 2034 abesset
1298 2014 1369 2034 esse
1397 2008 1428 2034 et
1451 2002 1705 2036 nobilissumae.
1747 2003 1823 2035 Hoc
1847 2003 1980 2046 quidem
2003 2010 2053 2036 est

175 2054 377 2096 absurdum,
411 2055 440 2087 si
462 2068 533 2088 esse
554 2067 675 2087 uerum
698 2061 756 2087 est.
801 2056 892 2087 Nam
915 2055 1072 2087 Metellus
1098 2055 1232 2098 quidem
1259 2055 1332 2098 ipse
1359 2066 1428 2086 non
1453 2055 1576 2087 dixerit
1603 2068 1698 2088 suam
1720 2056 1884 2088 familiam
1910 2056 2053 2089 nobilis-

176 2121 321 2142 sumam.
366 2108 506 2151 Scripsit
527 2109 662 2141 Cicero:
699 2121 768 2141 non
789 2108 965 2141 dubitaret
995 2114 1029 2141 et
1051 2109 1170 2140 consul
1192 2114 1226 2141 et
1247 2109 1345 2141 homo
1367 2107 1611 2142 nobilis-sumus
1625 2115 1816 2154 patronum
1838 2115 1872 2142 et
1893 2122 1995 2142 suum
2020 2116 2053 2142 et

167 2160 336 2206 familiae
357 2173 440 2194 suae
465 2162 588 2194 dicere.
619 2162 846 2194 ERNESTIUS.
892 2161 1070 2205 Optumast
1092 2160 1194 2193 celeb.
1216 2161 1350 2193 Ernesti
1373 2160 1572 2193 coniectura.
1614 2162 1696 2194 Bau.
1729 2164 1797 2205 [cuj
1819 2162 1940 2194 accedit
1961 2162 2052 2204 Erit]

175 2215 265 2246 male
289 2213 413 2245 omittit
433 2226 527 2246 suae.
570 2214 732 2246 Ernestus
755 2220 843 2246 recte
868 2214 967 2246 abicit
989 2214 1251 2254 nobilissumae3
1281 2213 1404 2246 melius
1429 2213 1529 2245 etiam
1550 2227 1621 2247 esse
1642 2215 1679 2247 in
1701 2221 1735 2248 et
1756 2222 1934 2247 conmutat.
1979 2216 2054 2247 Ne-

177 2278 243 2309 que
264 2274 376 2299 tamen
398 2265 530 2297 delendi
551 2266 794 2300 nobilissumae
816 2273 957 2299 caussast
977 2267 1053 2306 illa,
1077 2279 1178 2309 quam
1199 2267 1320 2305 adfert,
1346 2266 1478 2305 idonea,
1505 2266 1597 2309 quod
1618 2267 1664 2299 ita
1684 2268 1779 2310 loqui
1801 2268 1960 2300 Metellus
1981 2268 2054 2311 ipse

176 2330 246 2351 non
271 2319 436 2351 debuerit.
480 2319 571 2351 Nam
592 2319 622 2351 si
643 2331 686 2352 ex
708 2332 743 2352 se
763 2320 882 2352 Cicero
904 2318 941 2350 id
964 2320 1106 2351 uerbum
1129 2319 1296 2363 adposuit,
1331 2330 1401 2350 non
1424 2325 1492 2351 erat
1520 2319 1551 2351 ei
1573 2320 1778 2360 uerendum,
1816 2331 1860 2352 ne
1880 2320 1954 2363 quis
1976 2320 2054 2352 Me-

177 2372 258 2404 tello
279 2373 449 2405 tribueret.
494 2371 554 2403 Set
574 2371 659 2404 iusta
681 2378 840 2412 caussast,
864 2370 955 2414 quod
976 2373 1073 2406 homo
1095 2373 1338 2405 nobilissumus
1359 2372 1549 2411 antecessit3
1582 2383 1626 2404 ex
1650 2384 1716 2415 quo
1739 2384 1809 2404 non
1830 2380 1963 2417 poterat
1982 2384 2052 2404 non

178 2424 347 2467 intellegi,
381 2424 474 2467 quali
496 2431 579 2457 esset
600 2425 660 2457 ille
679 2423 819 2457 familia.
865 2425 1080 2468 Quamquam
1101 2426 1318 2460 Metellorum
1341 2436 1466 2458 nomen
1487 2437 1555 2458 non
1579 2432 1648 2458 tam
1670 2425 1835 2466 familiae,
1868 2437 1968 2469 quam
1988 2437 2053 2458 no-
