2185 2720
122 154 174 180 114
775 144 1346 176 COMMENTARIUS.

209 221 328 254 Multa
351 220 387 252 in
411 230 447 251 re
464 219 607 263 publica
628 218 799 262 molienti)
845 220 933 252 Cum
956 220 1144 260 Lambino,
1170 218 1374 259 Garatonio,
1399 224 1433 250 et
1456 219 1588 251 Orellio
1611 221 1781 263 uolgatam
1802 221 2006 265 scripturam

125 277 162 307 in
193 286 264 306 rem
288 286 326 317 11·
357 272 489 303 mntaui
519 283 563 304 ex
590 270 801 303 Erfurtensis
830 272 912 304 libri
940 279 975 305 et
994 272 1187 305 Florentini
1217 271 1321 313 primi
1347 272 1546 304 auctoritate
1575 272 1611 303 in
1641 272 1679 304 in
1701 275 1907 317 republica.
1950 277 2006 308 Sic

127 328 198 359 Cic.
221 327 257 358 iu
283 326 347 357 Pis.
376 325 424 362 11,
457 324 499 363 5.,
532 335 633 367 quem
663 324 777 355 locum
805 325 1010 357 Garatonius
1039 325 1183 366 adtulit,
1218 324 1330 357 multa
1361 325 1398 356 in
1428 336 1465 357 re
1486 324 1631 369 publica
1660 326 1873 367 molientem,
1909 334 1944 360 et
1970 328 2008 360 iu

126 381 205 413 Uat.
228 379 298 416 IX,
324 388 375 409 21.
395 377 487 408 nihil
508 377 545 409 in
569 389 606 409 re
621 377 766 420 publica
786 378 993 411 molientem.
1909 404 1913 406 -

209 432 296 463 Cum
316 429 377 461 ille
399 441 478 461 eum
499 430 703 468 salutasset,
725 435 764 461 ut
778 428 850 472 fit,
876 430 1098 475 dixissetque)
1140 429 1256 463 Uerba
1276 435 1316 462 nt
1330 428 1404 472 fit,
1436 440 1521 472 quae
1542 440 1613 461 non
1635 428 1808 462 intellexit
1830 431 2010 467 Weiskius

126 490 202 528 post
230 482 443 525 dixissetque
470 481 722 524 transponenda
752 481 920 522 iudicans,
961 490 1051 514 arcte
1080 494 1157 513 cum
1187 482 1296 513 uerbo
1323 482 1512 514 salutasset
1540 481 1711 523 iungenda
1732 489 1812 514 sunt
1839 490 1873 515 et
1896 486 2010 528 expli-

127 535 248 573 canda,
284 540 444 566 consueto
466 546 569 566 more.
613 534 681 566 Hic
703 533 795 565 enim
817 546 932 566 sensus
956 542 1023 567 est:
1060 536 1148 567 Cum
1177 535 1236 566 ille
1266 545 1343 565 eum
1374 540 1534 566 consueto
1556 544 1653 566 more
1681 534 1856 567 salutasset
1878 536 2011 570 dicens:

127 595 190 620 etc.
237 586 310 618 Cfr.
332 597 397 628 pro
420 587 496 618 Mil.
519 587 576 626 X,
608 586 659 618 28.
674 587 877 630 paulisper,
898 589 983 620 dum
1005 600 1040 620 se
1062 599 1166 626 u-xor,
1193 593 1242 619 ut
1257 585 1340 630 fit,
1366 593 1554 630 conparat,
1583 592 1801 619 conmoratus
1823 594 1886 622 est.
1935 587 1938 590 ’

214 639 281 672 Ille
303 639 355 671 M<
377 638 512 671 Antoni
533 639 750 671 uoluntatem
771 656 814 661 -—
833 651 936 683 saepe
951 641 1164 684 perstrinxit
1186 638 1327 682 inpune)
1379 638 1615 677 Uolantatem,
1640 637 1669 669 si
1690 644 1802 670 uerast
1823 639 1935 681 lectio,
1958 641 2014 673 in-

129 693 327 734 tellegemus
352 690 393 721 de
415 702 516 722 sensu
538 691 574 722 iu
597 702 634 722 re
659 689 796 734 publica
822 691 943 732 [scribe
967 705 1039 725 rem
1055 692 1247 736 publicam]
1272 697 1307 722 et
1327 690 1497 733 partibus,
1523 696 1563 721 ut
1583 689 1776 733 προαίρεσις
1799 699 1880 734 aput
1903 694 2015 725 Grae-

128 756 185 777 cos
209 743 343 783 dicitur,
366 743 458 784 quod
480 749 660 775 contextus
683 742 811 774 suadet.
856 746 947 776 Nam
969 744 1034 776 hoc
1057 744 1148 783 dicit,
1171 749 1210 775 ut
1233 742 1392 774 defendat
1415 743 1608 774 libertatem
1629 742 1744 773 Planci
1766 743 1802 774 in
1825 746 2015 787 reprehen-

129 796 250 829 dendis
272 795 433 835 consiliis,
461 795 603 827 decretis
626 795 894 837 magistratuum,
921 803 1065 828 senatus.
1092 798 1318 829 ERNESTIUS.
1362 795 1561 828 Uerissuma
1583 795 1682 826 lectio
1705 796 1882 838 uolgatast,
1904 803 2016 829 recte-

131 860 196 891 que
219 847 298 879 satis
321 848 361 879 ab
385 848 543 879 Ernestio
566 848 752 890 explicata,
782 853 821 878 ut
841 854 934 890 patet
955 859 1001 880 ex
1023 848 1075 879 his
1098 849 1200 880 locis:
1235 849 1304 880 Cic.
1326 848 1477 891 Philipp.
1499 848 1602 887 XIII,
1635 849 1671 887 6,
1707 849 1755 880 13.
1793 848 1848 883 Ac
1869 861 1912 881 ne
1931 850 2017 882 illut

132 902 271 945 quidem
291 901 429 932 silentio
447 900 742 943 praetereundum
757 906 865 943 puto,
888 902 979 944 quod
1001 901 1199 933 clarissumi
1221 902 1295 934 uiri
1316 901 1444 944 legati,
1468 912 1614 945 qnormn
1634 901 1768 932 habetis
1788 899 2017 943 cognitam

131 955 404 987 uoluntatem
424 953 469 984 in
492 965 577 984 rem
594 952 832 995 publicam,
866 965 1040 996 eamque
1064 959 1330 996 perpetuam
1353 959 1486 995 atque
1517 958 1803 992 constantem,
1834 957 1898 983 etc.
1921 958 1956 984 et
1979 952 2017 984 in

133 1008 206 1038 Cat.
230 1007 295 1044 III,
319 1016 358 1047 9,
384 1015 435 1036 22.
465 1005 534 1037 Dis
557 1016 620 1048 ego
642 1004 886 1036 inmortalibus
906 1005 1053 1037 dacibus
1075 1007 1164 1038 hanc
1187 1011 1332 1037 mentem
1355 1006 1490 1037 uolua
1501 1010 1718 1048 tatemque
1737 1006 1932 1049 suscepi,
1960 1012 2017 1039 at-

133 1071 198 1103 que
217 1059 264 1090 ad
285 1059 369 1090 haec
391 1063 492 1089 tanta
514 1058 646 1089 indicia
665 1057 824 1100 perueni.
867 1057 1009 1088 Prorsus
1033 1057 1142 1087 aliena
1163 1063 1277 1088 autem
1301 1057 1412 1088 Orelli
1444 1056 1684 1095 coniecturast,
1723 1056 1924 1089 Ciceronem
1953 1070 2018 1091 uo-

131 1112 341 1144 lubilitatem
363 1110 535 1152 scripsisse
561 1109 741 1152 opinantis.
785 1110 907 1150 Neque
923 1109 1015 1140 enim
1036 1109 1241 1141 uolubilitas
1261 1120 1332 1140 non
1352 1108 1468 1140 addita
1491 1119 1576 1139 uoce
1597 1109 1741 1152 linguae
1762 1109 1818 1141 hic
1838 1109 1932 1152 poni,
1955 1120 2020 1141 ne-

133 1175 198 1206 que
233 1162 383 1193 adtribui
420 1163 540 1193 Crasso
578 1167 612 1192 et
644 1161 798 1194 Antonio
836 1161 967 1203 potuit,
1014 1161 1055 1191 de
1094 1161 1215 1202 quibus
1250 1161 1351 1203 longe
1388 1162 1488 1193 aliter
1524 1161 1651 1192 iudicat
1686 1161 1804 1192 Cicero
1839 1161 1877 1192 in
1907 1162 2016 1193 Bruto

133 1218 171 1248 C.
196 1215 376 1247 XXXVII
395 1226 485 1256 sqq.,
517 1225 649 1256 neque,
682 1220 866 1255 utrumque
888 1220 927 1244 ut
949 1213 1024 1245 fieri
1047 1213 1198 1256 potuisse
1220 1213 1417 1255 concedam,
1451 1214 1523 1245 ullo
1545 1218 1643 1256 pacto
1664 1213 1919 1246 accommodata
1938 1213 2020 1246 huic

132 1270 207 1300 1000
230 1266 453 1298 uolubilitatis
476 1266 611 1307 linguae
633 1266 805 1297 mentiost.

217 1319 325 1352 „Nunc
351 1330 459 1361 usque
489 1330 527 1349 eo
549 1324 600 1350 est
622 1331 785 1361 oppressa
807 1324 926 1350 nostra
947 1319 1159 1361 adrogantia
1190 1320 1331 1361 ciuitas)
1375 1319 1510 1351 Caute
1538 1318 1699 1350 factum
1732 1324 1799 1350 est
1823 1318 1884 1350 ita
1912 1329 2019 1362 pro-

133 1369 380 1404 nuntiando
410 1375 558 1400 nostra
587 1370 858 1412 adrogantia3
895 1371 1096 1412 quoniam
1127 1371 1338 1403 sinestra
1367 1370 1628 1413 adrogantia
1649 1370 1720 1400 uel
1745 1371 2018 1412 quorundam

135 1422 348 1466 superbia
376 1422 564 1453 dixisset
591 1434 675 1453 nou
707 1421 944 1464 adfigendo
974 1423 1168 1454 sermoni
1203 1434 1316 1454 suam
1347 1423 1595 1454 societatem
1625 1422 1791 1464 aliquid
1821 1422 2018 1455 offensae

132 1475 252 1519 apud
272 1473 478 1516 quosdam
500 1475 807 1517 praepotentis
836 1475 1098 1506 contrahere
1126 1475 1354 1518 potuisset⁴
1400 1475 1560 1506 SCHOLIA
1582 1474 1842 1506 AMBROSIANA*
1885 1475 2020 1507 Permi-

135 1533 264 1567 rumst,
300 1527 403 1557 etiam
432 1533 510 1569 post
538 1527 602 1557 hoe
627 1527 822 1569 interpretis
845 1527 1066 1559 Ambrosiam
1088 1528 1256 1558 monitum
1282 1527 1506 1558 Garatonium
1529 1526 1737 1557 deteriorum
1760 1527 1914 1560 codicum
1937 1529 2023 1561 scri-

136 1586 275 1624 pturam
304 1584 423 1610 uestra
453 1577 627 1620 praeferre
649 1579 815 1621 potuisse,
849 1578 1072 1610 scribentem:
1110 1579 1228 1617 „Cum
1249 1578 1333 1609 dicit
1357 1585 1498 1617 uestra,
1532 1579 1744 1610 nobilitatem
1766 1579 1952 1622 intellegit,
1984 1580 2022 1612 in

138 1643 205 1675 qna
231 1630 426 1662 Laterensis
454 1631 706 1662 numerabatur.
752 1632 869 1672 Itaque
902 1631 1013 1673 ipsum
1037 1630 1239 1661 Baliaricum
1276 1636 1397 1662 nostra
1425 1632 1638 1674 adrogantia
1667 1632 1886 1664 exhibentem
1920 1632 2020 1664 facile

137 1682 336 1725 contempsi.
383 1683 431 1715 At
453 1694 542 1713 nunc
567 1683 602 1713 in
625 1683 853 1715 Ambrosiano
876 1682 1068 1725 antiquiore
1090 1682 1182 1713 idem
1204 1688 1379 1724 repertum
1402 1682 1520 1719 uide03
1554 1683 1767 1714 scholiastem
1788 1690 1963 1726 praeterea
1985 1685 2021 1716 id

136 1736 306 1767 inculcare
328 1745 366 1765 ac
390 1734 590 1767 defendere:
623 1737 787 1779 quoniam
803 1753 846 1759 —
861 1737 1046 1779 potuisset.
1088 1735 1281 1766 Uerebatur
1300 1734 1335 1764 id
1358 1734 1483 1765 scilieet
1504 1735 1554 1766 M.
1579 1735 1716 1774 Cicero,
1750 1736 1808 1777 qui
1830 1735 1892 1766 hac
1914 1735 2021 1768 liber-

139 1795 208 1821 tate
231 1786 354 1818 cotidie
377 1787 452 1818 iure
475 1788 632 1819 utebatur
656 1799 728 1819 suo.
775 1788 860 1829 Quis
883 1799 987 1830 porro
1011 1798 1088 1817 eum
1112 1792 1208 1829 putet
1231 1787 1464 1828 adrogantiae,
1500 1797 1602 1828 quam
1623 1787 1910 1829 reprehendebat,
1939 1799 2021 1831 par-

138 1842 279 1883 ticipem
308 1839 383 1870 fieri
409 1839 582 1870 uoluisse?
628 1839 752 1871 Melius
779 1845 899 1871 nostra
919 1839 1138 1881 explicasset,
1173 1845 1372 1870 nostrorum
1393 1841 1626 1882 temporumf‘
1669 1839 1758 1870 Cum
1779 1839 1933 1870 minume
1958 1841 2023 1872 hoc

141 1895 215 1925 loco
239 1892 283 1929 de¹
303 1891 459 1922 libertate
481 1890 662 1931 loquendi,
700 1902 765 1932 qua
789 1891 952 1932 ignobiles
975 1892 1011 1922 in
1036 1891 1160 1922 nobilis
1186 1891 1237 1921 uti
1259 1891 1521 1932 prohibeantur,
1558 1901 1669 1921 sermo
1691 1890 1750 1928 sit,
1784 1896 1835 1922 set
1858 1890 1900 1922 de
1919 1891 2024 1924 adro-

139 1945 253 1988 gantia
274 1942 449 1980 senatoris,
477 1942 583 1983 qualis
606 1943 798 1974 Laterensis
822 1943 901 1981 fuit,
926 1943 962 1974 in
984 1943 1191 1985 publicanos,
1216 1942 1251 1973 id
1273 1942 1365 1983 quod
1387 1948 1461 1973 tum
1480 1953 1523 1973 ex
1545 1942 1658 1973 uerbis
1682 1942 1711 1982 ς.
1736 1942 1787 1973 55.
1811 1953 1839 1973 e.
1866 1944 1926 1982 15„
1948 1950 2023 1975 tum

141 2009 186 2029 ex
208 1998 238 2038 ς.
263 1995 314 2027 54.
336 1999 446 2036 patet,
479 1993 624 2034 ide-oque
654 1994 849 2036 adrogantia
879 1994 1106 2036 intellegenda
1133 1995 1178 2025 sit
1200 1994 1329 2025 ordinis
1352 1995 1517 2033 senatori,
1550 1993 1736 2031 necessario
1760 1994 1879 2025 Cicero
1905 2001 2024 2028 nostra

141 2047 355 2091 adrogantia
378 2045 489 2076 dicere
511 2045 638 2076 debuit.
683 2046 844 2086 Accedit,
877 2046 970 2088 quod
999 2052 1121 2079 nostra
1149 2046 1177 2077 si
1205 2045 1361 2084 dixisset,
1392 2045 1428 2076 id
1458 2045 1585 2076 iudices
1612 2044 1656 2075 ad
1677 2056 1713 2076 se
1737 2046 1909 2088 pertinere
1931 2047 2024 2078 arbi·

143 2100 228 2132 trari
251 2097 456 2129 debuissent,

236 2152 285 2184 Ut
315 2163 402 2194 quae
421 2149 503 2193 fuit
526 2150 608 2181 olim
629 2167 671 2174 —
693 2151 739 2182 sit
770 2162 926 2182 concessa
952 2149 1107 2191 libertas)
1149 2149 1275 2181 Facta
1303 2149 1439 2180 simul
1468 2148 1685 2193 συγκρίσει
1706 2150 1745 2193 ¹).
1791 2152 1898 2183 Nam
1923 2162 2021 2193 gra-

145 2205 241 2235 uius
273 2199 535 2234 deridebere
566 2202 643 2233 hoc
670 2216 693 2235 a
722 2214 940 2246 praecone
970 2202 1106 2242 dicto,
1145 2213 1266 2243 quam
1293 2202 1340 2232 ab
1369 2201 1517 2243 equite
1549 2214 1727 2234 romano
1750 2204 1792 2246 ²).
1838 2203 2020 2236 Grauius

222 2326 250 2363 1)
289 2325 429 2363 Spatium
450 2324 539 2352 unius
558 2325 649 2353 uerbi
668 2326 795 2364 expleui
814 2326 966 2355 uocabulo
987 2338 1105 2365 graeco.
1143 2327 1182 2356 A.
1202 2326 1322 2355 Mncs.

219 2371 252 2408 2)
292 2371 399 2399 Codex
425 2374 509 2401 Nam
530 2375 666 2410 grauius
691 2374 865 2403 deridehere
891 2374 947 2402 hoc
969 2385 1125 2413 praecone
1151 2374 1268 2401 dictum
1295 2383 1389 2411 quam
1415 2373 1453 2401 ab
1480 2374 1580 2411 equita
1606 2381 1740 2401 romano.
1780 2372 1840 2401 Pro
1861 2382 1897 2401 eo
1917 2368 2021 2412 posuit

147 2418 264 2448 Maius:
283 2417 327 2445 N.
343 2428 394 2455 gr.
416 2420 444 2447 cl.
465 2421 493 2447 si
512 2419 568 2447 hoe
588 2430 608 2447 a
624 2430 776 2456 praecone
796 2421 914 2449 dictam
931 2423 991 2457 sit,
1018 2432 1111 2461 qnam
1130 2422 1159 2449 si
1178 2421 1215 2448 ab
1236 2423 1336 2459 equite
1356 2431 1491 2449 romano.
