2185 2720
717 107 742 136 c
762 107 790 135 A
810 108 850 136 P.
889 106 1016 135 xxv1.
1049 104 1077 145 ς.
1110 110 1156 138 64.
1176 122 1212 128 -
1231 108 1374 137 xxvn.
1399 106 1427 147 §.
1456 113 1500 141 os.
1992 123 2045 148 173

172 182 260 214 dicta
280 194 340 215 sua
361 182 547 225 corrigere,
583 188 634 214 set
655 181 826 214 Ciceronis
853 182 978 213 dictum
1009 193 1132 224 augere
1155 188 1189 213 et
1211 182 1410 215 confirmare
1432 184 1580 216 uoluisse
1603 186 1798 219 statuendus
1821 195 1869 220 est
1892 190 2043 223 addendo

170 235 309 267 nomine
338 235 550 278 prouinciae,
587 235 646 268 ubi
673 234 787 267 fuerit.
832 235 895 267 Est
918 240 1031 266 autem
1057 234 1117 266 illa
1138 234 1322 277 particulae
1344 236 1450 268 etiam
1477 237 1528 270 uis
1550 238 1751 270 adfirmandi
1773 240 1851 271 satis
1874 240 2042 283 frequens.

172 287 228 320 Sic
250 288 369 320 Cicero
391 288 499 321 Acad.
522 288 585 327 IV,
608 298 659 320 02.
683 288 828 332 Sapiens
846 286 1129 332 probabilitatem
1151 299 1305 331 sequens,
1327 288 1530 333 ubicumque
1551 291 1634 324 llaec
1656 292 1807 325 occurrit
1829 299 1891 325 aut
1913 294 2043 337 deficit,

171 347 234 373 aut
255 342 390 374 etiam
413 347 477 374 aut
497 352 575 373 non
597 340 789 384 respondet.

928 429 957 463 C
984 427 1016 464 A
1039 430 1081 464 P.
1132 429 1291 465 XXVII.

252 502 359 536 Hanc
380 503 563 546 Syracusis
585 507 799 547 quaestorem
810 500 943 545 fuisse)
986 502 1066 533 Duo
1087 513 1221 545 semper
1245 502 1281 533 in
1302 501 1415 533 Sicilia
1437 509 1629 545 quaestores
1652 511 1764 546 erant,
1795 506 1969 549 Syracusis
1991 510 2042 540 al-

169 560 238 596 ter,
260 555 346 586 alter
366 556 535 598 Lilybaei.
581 555 700 587 Cicero
723 561 837 586 autem
860 560 1018 596 quaestor
1038 554 1196 598 Lilybaei
1218 554 1339 586 fuerat.

252 608 304 641 Et
334 621 388 641 me
413 621 522 641 unam
550 621 591 641 ex
622 610 666 640 iis
686 608 784 653 feci,
822 608 883 651 qni
905 607 1082 652 adaquas
1105 608 1290 653 uenissent)
1334 610 1455 651 Aquae
1484 615 1563 641 sunt
1590 609 1811 651 Puteolanae,
1849 624 1929 655 quas
1959 614 2042 647 olim

170 660 269 692 ualde
289 659 518 703 frequentatas
541 672 612 692 esse
636 667 777 692 constat.

255 714 285 755 ς.
309 713 360 745 66.
404 714 464 746 Set
485 727 526 746 ea
548 727 621 753 res,
647 714 798 754 iudices,
827 714 914 747 haut
933 713 1003 746 scio
1031 725 1076 745 an
1099 713 1184 757 plus
1218 714 1306 747 milii
1322 713 1520 758 profuerit,
1550 727 1653 758 qaam
1675 716 1707 748 si
1727 717 1815 750 milii
1837 724 1911 750 tam
1932 727 2043 753 essent

169 778 283 799 omnes
303 767 494 810 gratulati)
537 767 582 798 In
610 772 803 798 extremo
832 765 924 797 fine
952 766 1082 797 huius
1105 766 1259 809 capitis
1283 767 1511 809 aliquanto
1535 767 1769 801 obscurius
1793 770 1928 804 dixit:
1962 773 2045 806 Sed

167 831 215 852 ea
244 830 332 858 res,
362 819 551 859 indices,
587 821 696 852 liant
725 819 815 851 scio
842 830 893 850 an
917 818 1076 862 Pluris
1103 819 1210 851 milii
1227 819 1400 862 fuerit,
1437 832 1560 864 quam
1581 820 1619 852 si
1648 822 1756 853 milii
1784 828 1871 855 tum
1901 833 2043 858 essent

170 884 312 904 omnes
330 873 578 914 gratulati.
620 872 711 904 Hoc
731 871 808 911 ait,
830 871 968 913 magis
991 871 1179 903 laetatus
1201 885 1290 904 sum
1312 873 1541 916 ignorasse
1562 873 1739 913 multos,
1763 885 1813 906 ex
1837 887 1918 918 qua
1938 889 2043 920 pro-

167 924 314 956 uincia
335 924 545 964 uenirem,
569 937 693 968 qaam
713 924 749 956 si
769 922 969 956 uenienti
992 924 1097 955 mihi
1119 926 1465 967 gratularentur.
1510 926 1819 969 Perstringere
1842 930 1951 962 enim
1973 943 2043 963 uo-

162 977 253 1010 vluit
274 976 488 1009 inuidiam
511 977 780 1020 praesidum,
813 975 884 1018 qui
906 976 1112 1018 spoliatis
1135 978 1387 1021 prouinciis
1410 984 1711 1019 reuertantur,
1742 991 1787 1011 ac
1807 990 2043 1026 propterea

170 1042 240 1062 eos
269 1029 392 1061 amici
418 1029 486 1061 sui
515 1040 604 1061 cum
633 1029 928 1072 gratulatione
959 1030 1217 1073 suscipiant,
1256 1031 1368 1074 quod
1402 1031 1563 1063 diuites
1593 1032 1835 1065 euenerint.
1880 1036 2042 1070 senoni

165 1084 426 1116 AMBROSIANA.
473 1082 659 1125 Singularis
683 1088 733 1114 est
754 1081 976 1115 Ambrosiani
1003 1083 1123 1116 lectio:
1156 1085 1242 1116 liant
1268 1085 1337 1116 scio
1362 1097 1408 1116 an
1425 1085 1544 1128 pluris
1565 1086 1653 1117 milii
1665 1084 1802 1128 fuerit,
1837 1099 1940 1129 quom
1965 1092 2043 1133 qui-

167 1136 245 1167 dem
267 1148 287 1167 a
304 1136 395 1178 uolg.
418 1135 562 1167 lectione
583 1136 666 1167 Bau.
691 1147 762 1166 11011
787 1134 945 1167 discedat.
989 1136 1207 1169 scholiastes:
1244 1137 1323 1170 Hoc
1344 1137 1413 1175 ait,
1441 1139 1555 1182 magis
1578 1139 1728 1170 laetatus
1754 1151 1830 1171 snm
1851 1159 1894 1164 —
1913 1150 2042 1185 gratn-

167 1190 336 1221 larentur.
379 1188 593 1220 Laetandum
615 1188 647 1220 ei
668 1187 821 1232 profecto
846 1200 917 1219 non
939 1194 1020 1220 erat.
1063 1189 1188 1222 Melius
1216 1189 1372 1229 omnino,
1390 1191 1474 1233 plus
1491 1190 1682 1234 profuerit.
1724 1191 1814 1222 Nam
1831 1194 1949 1236 pluris
1972 1209 2042 1231 esse

166 1242 208 1273 ad
231 1239 509 1272 aestumationem
529 1241 643 1284 potius
664 1241 830 1284 pertinet,
869 1247 903 1272 et
923 1247 1005 1285 aput
1028 1253 1063 1274 se
1084 1243 1161 1285 plus
1190 1242 1335 1274 ualuisse
1364 1242 1537 1284 siguificat.
1583 1243 1626 1284 Q.
1660 1243 1778 1274 Cicero
1807 1243 1849 1275 de
1877 1247 2042 1289 petitione

166 1306 256 1326 cons.
287 1304 314 1324 c.
345 1293 375 1325 5.
405 1307 482 1326 cum
503 1295 634 1327 duobus
657 1295 850 1327 bominibus
873 1295 924 1327 ita
945 1295 1178 1328 nobilissumis
1194 1295 1352 1340 petebat,
1388 1301 1428 1327 ut
1451 1301 1563 1327 tamen
1590 1296 1627 1327 in
1650 1296 1695 1327 iis
1718 1297 1832 1329 omnia
1852 1300 1968 1342 pluris
1989 1314 2042 1334 es-

164 1352 258 1386 sent,
281 1358 385 1390 qnam
405 1348 484 1391 ipsa
504 1348 679 1381 nobilitas.
703 1349 963 1380 GARATONIUS.
1004 1349 1233 1382 Uehementer
1254 1359 1274 1379 a
1294 1348 1360 1379 loci
1378 1348 1544 1380 sententia
1568 1348 1739 1380 aberrauit
1760 1349 1926 1393 interpres
1951 1354 2042 1386 Am-

163 1401 350 1433 brosianus.
394 1400 449 1434 Ac
472 1400 624 1443 primum
653 1401 808 1443 quidem,
843 1401 916 1432 siue
937 1402 1056 1445 pluris
1085 1403 1171 1434 milii
1191 1400 1311 1445 faerit
1338 1400 1410 1432 siue
1435 1402 1516 1445 plus
1551 1402 1638 1434 milii
1660 1401 1840 1445 proficerit
1868 1405 2039 1446 scribitur,

165 1454 261 1486 nullo
290 1452 394 1485 modo
422 1453 659 1495 interpretatio
683 1454 772 1495 eius,
809 1454 924 1497 magis
946 1455 1096 1487 laetatus
1118 1467 1210 1493 sam,
1247 1454 1360 1485 uerbis
1384 1453 1555 1485 Ciceronis
1585 1455 1754 1487 conuenit.
1797 1456 1932 1488 Deinde
1956 1470 2040 1491 uero

164 1506 431 1546 manifestumst,
452 1506 517 1538 hoc
541 1507 740 1538 Ciceronem
762 1506 891 1539 dicere:
916 1508 974 1539 Set
996 1506 1087 1550 quod
1109 1507 1242 1549 ignaros
1266 1507 1410 1549 cognoui
1432 1506 1586 1539 homines
1607 1507 1779 1540 Romanos
1803 1520 1932 1550 eorum,
1955 1522 2040 1553 quae

167 1565 324 1603 quaestor
353 1570 506 1601 egeram,
540 1559 613 1591 sine
644 1560 746 1592 dubio
767 1561 810 1592 ad
832 1560 1101 1602 consequendam
1122 1559 1266 1602 gloriam
1289 1566 1322 1591 et
1343 1559 1484 1602 gratiam
1506 1560 1627 1603 populi
1648 1561 1693 1592 R.
1715 1562 1833 1594 utilius
1855 1563 1941 1594 mihi
1962 1563 2040 1604 fuit,

165 1624 266 1656 quain
289 1612 317 1644 si
339 1624 454 1644 omnes
476 1619 550 1644 tum
571 1613 657 1646 mihi
679 1613 837 1656 gratulati
859 1619 977 1645 essent.
1021 1614 1113 1646 Nam
1135 1624 1179 1644 ex
1201 1624 1239 1644 ea
1260 1624 1298 1644 re
1320 1612 1492 1652 intellexi,
1516 1613 1683 1656 populum
1703 1614 1746 1645 R.
1769 1626 1839 1646 non
1857 1615 2040 1648 adtendere

165 1666 209 1699 ad
232 1678 287 1706 ea,
318 1677 403 1708 quae
425 1671 522 1697 extra
543 1666 664 1697 urbem
686 1673 862 1709 gerantur,
893 1667 1038 1709 ideoque
1059 1665 1139 1707 feci,
1171 1672 1210 1697 ut
1229 1665 1267 1696 in
1288 1671 1463 1708 posterum
1487 1665 1610 1697 cotidie
1631 1674 1842 1709 praesentem
1864 1680 1919 1700 me
1941 1669 2041 1701 uide-

164 1726 218 1752 ret
240 1730 382 1762 meaque
402 1718 588 1761 praesentis
612 1719 740 1750 uirtute
760 1719 944 1751 frueretur.
986 1720 1092 1751 Recte
1113 1725 1226 1750 autem
1249 1719 1470 1758 Garatonius,
1510 1730 1611 1762 quem
1639 1726 1771 1752 secutus
1795 1721 1946 1753 Orellius
1979 1729 2039 1763 est,

167 1771 389 1807 Ambrosiaui
410 1771 628 1814 scripturam,
652 1773 772 1816 pluris
794 1774 881 1806 mihi
900 1773 1034 1817 fuerit,
1072 1778 1262 1803 ceterorum
1284 1772 1437 1803 codicum
1459 1772 1611 1811 lectioni,
1639 1774 1724 1816 plus
1746 1774 1833 1806 mihi
1848 1774 2040 1818 profuerit,

164 1824 367 1870 postposuit.
408 1825 499 1857 Nam
518 1825 634 1868 pluris
655 1838 743 1866 esse,
765 1833 805 1858 ut
826 1828 947 1870 magni
969 1838 1056 1865 esse,
1078 1825 1204 1867 ubique
1224 1825 1387 1868 significat
1409 1830 1466 1856 aut
1487 1825 1629 1857 maioris
1643 1824 1746 1869 fieri,
1771 1832 1829 1857 aut
1845 1827 1930 1870 plus
1953 1833 2039 1871 aput

165 1879 316 1922 aliquem
340 1878 470 1910 ualere.
514 1876 585 1909 Cfr.
610 1878 679 1909 Cic.
701 1879 744 1910 ad
766 1879 848 1911 Diu.
871 1880 958 1919 VII,
985 1891 1033 1911 10.
1063 1884 1096 1910 et
1122 1890 1169 1911 11.
1192 1879 1296 1919 XIII,
1321 1890 1371 1922 72.
1393 1890 1457 1921 pro
1482 1878 1526 1921 Q.
1548 1879 1673 1911 Roscio
1698 1880 1736 1912 C.
1758 1880 1839 1912 XII.
1863 1880 1893 1922 ἕ.
1915 1881 1965 1912 55.
1997 1880 2039 1911 (10

164 1942 264 1975 prou.
288 1941 378 1961 cons.
403 1930 441 1961 C.
464 1930 510 1962 V.
535 1930 565 1971 ἕ.
593 1941 640 1962 12.
665 1937 698 1963 et
718 1932 852 1975 Proleg.
874 1933 918 1964 L.
939 1933 965 1964 Ι.
991 1932 1028 1964 C.
1052 1931 1112 1963 III.
1135 1933 1165 1972 §.
1190 1932 1239 1964 6..

253 1983 378 2016 Omnes
400 1982 592 2027 gratulati)
636 1984 691 2016 Sic
713 1996 757 2016 ex
779 1985 831 2025 A,
858 1986 905 2025 B,
936 1991 968 2016 et
988 1985 1018 2016 E
1040 1984 1198 2028 rescripsi
1219 1996 1282 2028 pro
1307 1985 1443 2028 uolgata
1464 1985 1629 2029 scriptura
1652 1999 1764 2020 omnes
1789 1987 2038 2031 congratulati.

165 2035 256 2070 Uide
278 2036 410 2079 Proleg.
433 2038 476 2068 L.
489 2039 515 2067 Ι.
540 2037 578 2068 C.
599 2037 659 2069 III.
684 2039 714 2080 §.
731 2049 778 2072 2..
822 2039 986 2070 Notumst
1006 2043 1129 2077 autem,
1151 2038 1355 2080 saepissume
1378 2050 1397 2069 a
1411 2038 1558 2070 librariis
1579 2039 1692 2071 uerbis
1716 2039 1915 2082 quibusdam
1937 2051 2038 2082 prae-

164 2088 349 2132 positiones
371 2088 537 2132 praefixas
559 2100 640 2121 esse.
684 2091 724 2122 Id
748 2098 865 2124 nostro
892 2092 967 2123 loco
989 2090 1116 2122 factum
1139 2102 1226 2130 esse,
1263 2091 1389 2123 indicio
1419 2093 1520 2124 etiam
1550 2092 1629 2124 illut
1659 2099 1723 2132 est,
1762 2091 1854 2135 quod
1880 2092 1916 2123 in
1939 2091 2035 2123 codd.

163 2142 294 2184 aliquot
315 2152 385 2172 non
407 2142 504 2174 malis
526 2154 650 2174 nomen
673 2157 785 2178 omnes
807 2145 918 2184 deest3
942 2145 1039 2177 cessit
1062 2144 1163 2184 enim,
1187 2149 1224 2175 ut
1246 2155 1344 2187 saepe
1368 2143 1506 2186 factum,
1532 2145 1665 2177 additae
1686 2157 1705 2176 a
1726 2145 1866 2177 librario
1890 2144 2037 2186 quodam

163 2194 419 2238 praepositioni.
464 2219 484 2235 ,‚
495 2196 576 2226 Bau.
605 2207 668 2238 pro
699 2199 937 2241 congratulati
962 2197 1062 2229 habet
1081 2198 1268 2240 gratulati.
1314 2198 1364 2228 Ita
1386 2209 1449 2240 pro
1473 2199 1566 2230 Sext.
1591 2198 1621 2231 8.
1652 2199 1738 2231 mihi
1760 2198 1905 2242 denique
1927 2197 2037 2229 homi-

165 2260 224 2280 nes
240 2248 431 2292 praecipue
449 2249 735 2292 gratulabantur.
776 2251 914 2294 Anceps
944 2257 1057 2282 tamen
1080 2250 1136 2282 hic
1157 2250 1308 2290 lectiost,
1344 2250 1422 2292 quia
1447 2250 1488 2282 de
1508 2251 1625 2283 multis
1648 2251 1775 2294 agitur3
1817 2262 1884 2293 quo
1907 2249 1963 2290 fit,
1996 2257 2034 2282 ut

164 2301 235 2332 sola
257 2301 546 2344 praestantissumi
567 2301 689 2334 codicis
711 2303 908 2335 auctoritate
930 2305 1069 2336 nitatur.
1113 2303 1163 2337 At
1186 2310 1276 2335 certe
1299 2315 1362 2346 pro
1385 2304 1491 2336 Marc.
1511 2306 1549 2338 C.
1563 2305 1626 2337 VI.
1651 2303 1838 2335 Graeuium
1859 2303 1895 2335 in
1918 2304 2034 2336 eadem

165 2353 328 2386 uarietate
346 2355 571 2398 gratulabere
592 2354 840 2398 praeferentem
861 2356 1040 2397 inmerito,
1064 2356 1122 2399 qui
1144 2362 1234 2388 errat
1253 2357 1341 2399 ipse,
1364 2356 1584 2399 reprehendit
1605 2357 1839 2388 Heumannus.
1882 2356 1920 2388 Id
1944 2357 2033 2388 enim

165 2416 235 2437 non
263 2407 348 2438 ratio
377 2408 449 2440 sola
479 2413 609 2448 tuetur,
649 2420 770 2440 uerum
800 2408 901 2440 etiam
932 2409 1096 2442 editiones
1121 2409 1201 2441 inde
1223 2421 1242 2441 a
1261 2410 1415 2441 Romana
1444 2409 1598 2453 principe
1620 2410 1799 2453 conplures
1821 2415 1854 2441 et
1876 2409 2033 2441 Lambini
