2185 2720
146 142 246 172 LXX
816 140 1346 171 PROLEGOMENA.

147 216 270 253 habita,
297 221 329 246 et
354 215 519 256 Pompeius
546 215 734 255 Crassusque
761 225 801 245 ex
828 217 1007 255 interregno
1034 215 1226 245 consulatum
1252 214 1425 243 iniuissent.
1463 212 1531 242 Illis
1559 213 1640 243 enim
1660 214 1793 245 comitiis
1813 214 1900 244 nullo
1920 213 2012 242 modo

147 265 290 293 Plancius
318 264 422 304 potuit
451 262 567 299 creari,
594 263 647 301 qui
672 263 845 300 debuisset,
870 265 896 293 si
917 269 998 293 esset
1016 269 1082 293 tum
1102 268 1237 298 creatus,
1263 262 1322 290 iam
1349 271 1428 290 anno
1448 261 1512 300 (398.
1539 262 1716 292 candidatus
1742 273 1809 292 esse
1836 261 2013 297 aedilitatis,

148 313 231 351 quod
250 313 318 342 ficri
337 317 502 351 propterea
521 321 584 339 non
604 311 724 349 potuit,
760 312 843 351 quod
870 313 926 340 illo
953 322 1032 340 anno
1053 311 1243 340 tribunatum
1263 309 1306 347 pl.
1327 309 1458 347 gerebat.
1496 309 1645 346 Accedit,
1677 310 1760 348 quod
1777 311 1833 338 illa
1852 309 1977 338 comitia
1995 318 2014 336 a

147 360 314 399 Pompeio,
334 359 387 397 qni
407 369 475 388 cum
494 357 624 387 haberet
643 358 717 387 adeo
737 359 883 397 sanguine
902 369 1062 398 respersus
1082 358 1232 394 traditur,
1251 357 1326 385 haec
1347 361 1457 392 autem,
1477 356 1588 395 quibus
1608 356 1743 396 primum
1761 356 1906 386 Plancius
1927 355 2013 384 aedi-

147 408 186 436 lis
210 413 255 436 est
275 406 466 444 designatus,
485 416 503 435 a
521 407 566 435 M.
586 406 711 435 Licinio
734 408 842 436 Crasso
865 406 970 435 habita
990 412 1117 436 constat.

221 470 386 508 Dirempta
410 469 506 507 igitur
533 474 605 497 sunt
631 469 757 497 comitia
782 469 850 505 illa,
879 480 954 508 quae
974 471 1017 499 M.
1038 469 1180 498 Licinius
1202 468 1326 497 Crassus
1354 477 1400 495 an.
1421 466 1628 505 699.11abuit,
1654 473 1690 498 ut
1715 468 1823 497 aedilis
1849 467 1884 496 in
1903 476 2015 496 annum

148 522 326 556 sequentem
345 521 473 545 crearet.
512 516 623 554 Neque
641 526 717 545 uero
738 516 858 554 quando
879 522 910 545 et
935 527 951 545 a
977 528 1037 555 quo
1057 516 1163 545 habita
1183 515 1245 544 sint
1265 525 1314 551 ea,
1341 514 1451 553 quibus
1472 515 1546 544 facti
1566 521 1652 553 sunt,
1680 517 1733 555 qui
1753 527 1800 545 au.
1821 524 1885 553 700.
1904 513 2015 543 aedili-

146 570 240 593 tatem
261 569 420 602 gererent,
446 565 502 593 Cn.
523 563 667 592 Plancius
688 569 719 591 et
737 564 776 592 A.
796 564 932 600 Plotius,
953 565 1112 603 quisquam
1132 567 1272 592 ueterum
1292 563 1478 601 scriptorum
1499 563 1613 592 diserte
1632 564 1768 593 tradidit.
1806 563 1926 592 Uerum
1946 571 2016 590 cum

149 612 319 640 orationem
339 612 535 640 Plancianam
553 611 646 649 paulo
667 615 738 638 ante
759 611 946 640 certissumis
967 612 1153 650 argiunentis
1179 610 1371 650 probarimus
1391 611 1429 639 L.
1449 611 1591 640 Domitio
1612 616 1644 639 et
1662 611 1766 650 Appio
1788 610 1917 640 Claudio
1938 619 2016 638 coss.

148 671 194 688 an.
217 668 278 695 [700.
300 664 352 687 aut
379 664 512 688 exeunte
535 650 639 686 mense
660 657 773 685 Sextili
801 663 853 686 aut
885 658 1012 687 incunte
1038 670 1141 688 mense
1162 658 1337 698 Septembri
1365 657 1498 687 habitam
1526 669 1610 687 esse:
1643 659 1815 688 necessario
1842 656 2016 692 conficitur,

148 709 261 736 debere
281 706 406 736 comitia
425 706 479 734 illa
499 705 657 740 aedilicia,
685 705 795 742 quibus
818 706 941 734 creandi
963 712 1065 743 erant,
1093 706 1145 745 qui
1166 716 1212 734 an.
1234 715 1295 743 700.
1315 705 1501 734 aedilitatem
1522 711 1679 744 gererent,
1705 717 1768 734 non
1791 705 1890 735 solum
1909 715 1926 732 a
1944 704 2016 731 Do-

147 755 236 783 mitio
256 755 309 783 uel
328 753 434 792 Appio
453 753 577 789 habita,
596 763 705 781 uerum
727 753 817 781 etiam
837 764 934 792 usque
954 754 986 782 in
1006 765 1141 783 mensem
1161 754 1310 782 Sextilem
1330 754 1376 781 an.
1398 762 1460 789 700.
1480 754 1597 782 reiecta
1617 764 1690 783 esse.
1728 753 1854 783 Etenim
1872 757 1939 780 tum
1958 760 2016 789 per

148 812 179 830 sc
199 802 438 836 manifestumst,
471 805 536 829 tum
557 810 596 828 ex
617 800 769 838 plurumis
796 800 887 829 huius
910 803 1059 830 orationis
1088 802 1165 830 locis
1191 800 1400 838 intellegitur,
1434 800 1489 829 Cn.
1510 801 1670 830 Plancium
1695 811 1758 830 non
1786 811 1854 830 cum
1874 799 2015 838 gessisset

147 849 353 884 aedilitatem,
388 853 434 876 set
460 853 622 886 antequam
649 848 761 884 iniret,
786 849 916 877 aedilem
944 849 1132 887 designatum
1159 848 1196 876 de
1223 847 1379 876 sodaliciis
1400 857 1534 876 caussam
1555 849 1679 877 dixisse.
1717 849 1781 877 Iam
1801 853 1836 878 ut
1854 856 2015 882 sumamus,

148 895 231 934 quod
250 901 444 932 summumst,
463 895 528 924 LX
549 895 613 923 dies
634 905 702 924 eum
723 895 879 934 priuatum
898 897 993 925 fuisse
1014 895 1082 935 (cfr.
1104 896 1168 925 Cic.
1189 894 1227 923 ad
1247 894 1282 931 Q.
1304 895 1429 923 fratrem
1449 895 1489 931 ΙΙ,
1509 895 1565 934 9.),
1585 906 1650 924 non
1669 902 1800 935 possunt
1819 895 1942 925 comitia
1960 894 2015 923 illa

147 949 218 972 ante
238 953 373 971 mensem
394 943 544 971 Sextilem
564 942 668 971 habita
688 953 762 979 esse,
783 943 934 982 siquidem
955 944 1156 972 Laterensem
1175 942 1383 971 uerosimilest
1402 943 1513 978 statim,
1530 948 1691 981 postquam
1709 944 1806 973 factus
1826 947 1906 972 esset
1920 942 2015 971 Plan-

148 992 229 1026 cius,
258 991 296 1018 de
323 990 478 1018 sodaliciis
508 1000 577 1018 eum
601 991 781 1028 postulasse.
821 992 927 1029 Itaque
947 993 1091 1020 Plancius
1120 991 1323 1029 omninoque,
1351 990 1404 1028 qui
1430 990 1514 1018 illius
1542 990 1614 1019 anni
1641 990 1755 1020 aediles
1775 991 1898 1020 curules
1918 996 2015 1026 erant,

147 1048 204 1076 per
230 1037 286 1066 tris
312 1042 430 1066 tautum
458 1037 587 1072 mensis,
615 1037 800 1074 Octobrem,
827 1039 1055 1075 Noueml-rem,
1087 1044 1117 1068 et
1142 1038 1363 1072 Decembrem,
1390 1037 1577 1066 aedilitatem
1606 1038 1733 1075 gessisse
1758 1038 1904 1067 censendi
1931 1043 2012 1066 sunt.

149 1086 258 1123 Neque
284 1085 399 1113 factum
425 1085 458 1113 id
485 1094 550 1113 esse
576 1085 756 1122 mirabitur,
790 1086 842 1124 qui
868 1086 1145 1115 turbulentissuma
1170 1091 1309 1124 tempora
1344 1085 1398 1113 illa
1423 1085 1517 1113 fuisse
1546 1085 1730 1114 meminerit.
1769 1086 1817 1115 Ita
1843 1096 1922 1115 anno
1949 1096 2013 1124 701.

147 1134 180 1161 P.
202 1132 346 1161 Clodium
366 1132 549 1171 petitionem
569 1138 731 1170 praeturae
750 1134 913 1172 reliquisse
933 1134 1063 1169 sennim,
1082 1144 1150 1162 cum
1170 1134 1212 1162 ita
1231 1138 1327 1162 tracta
1347 1132 1472 1162 comitia
1492 1131 1630 1169 uideret,
1655 1137 1692 1162 ut
1710 1143 1774 1162 non
1792 1134 1906 1163 multos
1925 1143 2014 1162 meu-

148 1181 187 1208 sis
207 1186 380 1219 praeturam
400 1189 506 1218 gerere
526 1185 637 1217 posset.
677 1181 741 1210 Cfr.
764 1182 827 1211 Cic.
847 1193 905 1221 pro
925 1182 994 1211 Mil.
1016 1182 1049 1210 C.
1070 1181 1129 1209 IX.
1149 1179 1176 1220 §.
1197 1181 1252 1210 24..

222 1244 429 1273 confirmatur
457 1242 588 1280 denique
616 1244 768 1272 sententia
795 1249 900 1272 nostra
928 1254 982 1280 eo,
1010 1244 1091 1282 quod
1118 1244 1151 1273 C.
1171 1243 1289 1282 Alfius,
1315 1243 1367 1283 qui
1392 1242 1543 1272 iudicimn
1563 1243 1670 1272 Planci
1696 1245 1852 1281 exercuit,
1883 1255 1929 1274 an.
1951 1253 2013 1279 700·

149 1298 270 1331 praetor
290 1292 360 1321 fuit.
398 1292 446 1319 De
467 1302 502 1319 eo
524 1290 612 1326 uide,
640 1301 714 1329 quae
736 1291 769 1319 C.
791 1291 830 1319 Π.
851 1291 911 1320 iam
931 1296 1134 1330 exponentmz

974 1518 1001 1550 C
1020 1518 1050 1550 A
1066 1518 1105 1551 P.
1147 1518 1192 1551 ΙΙ.

315 1616 381 1645 DE
423 1615 786 1654 QUAESITORE,
827 1614 919 1653 QUI
952 1614 1214 1645 IUDICIUM
1253 1614 1450 1644 PLANCI
1487 1613 1849 1646 EXERCL’ERIT.

222 1741 295 1770 Non
315 1741 464 1777 mirumst,
485 1742 570 1769 uiros
592 1741 697 1770 doctos
723 1741 806 1769 inter
826 1749 857 1768 se
878 1739 1072 1774 dissensisse,
1093 1738 1146 1777 qui
1172 1738 1270 1767 iudici
1289 1738 1449 1767 Planciani
1470 1737 1625 1777 quaesitor
1643 1739 1761 1769 fuisset.
1801 1739 1911 1769 Cicero
1931 1739 2013 1768 enim

148 1790 214 1827 ipse
240 1789 287 1816 bis
314 1788 348 1816 in
376 1788 517 1817 oratione
536 1787 700 1817 Planciana
728 1787 911 1826 quaesitoris
930 1786 1121 1815 mentionem
1147 1786 1278 1822 faciens,
1306 1786 1340 1814 C.
1360 1785 1469 1814 XVII.
1489 1785 1517 1825 ᾗ.
1537 1787 1582 1815 43.
1611 1787 1640 1815 C.
1660 1788 1782 1824 Affium
1802 1792 1833 1817 et
1853 1788 1886 1817 C.
1907 1787 2012 1816 XLII.

147 1834 174 1874 ᾗ.
197 1837 258 1864 104.
287 1837 316 1864 C.
335 1837 501 1868 Flauium,
527 1834 782 1873 quemadmodum
811 1834 934 1873 quidem
961 1834 1082 1863 codices
1109 1834 1266 1869 scribunt,
1298 1843 1367 1862 eum
1387 1833 1531 1872 appellat.
1568 1834 1616 1862 Ea
1633 1843 1682 1862 res
1701 1834 1903 1864 uehementer
1922 1844 2014 1863 exer-

149 1885 213 1912 cuit
232 1884 436 1922 interpretes,
467 1892 599 1920 quorum
626 1881 681 1910 alii
706 1882 796 1910 aliter
823 1882 1034 1911 difficultatem
1054 1882 1201 1921 expedire
1228 1886 1300 1910 sunt
1320 1882 1430 1910 conati.
1469 1881 1559 1909 Solus
1585 1887 1685 1910 autem
1706 1882 1911 1919 Garatonius,
1937 1891 2015 1922 quac

148 1931 209 1961 fuit
235 1931 299 1959 uiri
324 1930 410 1958 illius
437 1929 598 1967 sagacitaS,
627 1929 835 1958 difficultatem
861 1929 945 1958 illam
973 1930 1115 1966 sustulit,
1142 1929 1169 1969 ᾗ.
1194 1930 1253 1959 104.
1282 1940 1339 1968 pro
1371 1930 1488 1967 Teque,
1515 1929 1546 1957 C.
1565 1929 1663 1958 Flaui
1686 1929 1881 1958 scribendum
1905 1930 2014 1968 Teque,

150 1979 178 2007 C.
198 1979 298 2007 Flaue
327 1976 507 2012 ostendens,
534 1976 777 2014 quaesitorisque
803 1987 916 2005 nomen
947 1978 975 2006 C.
998 1978 1135 2006 Flauum
1160 1978 1279 2014 Alfium
1306 1977 1402 2006 fuisse
1431 1975 1552 2004 doeens.
1592 1976 1698 2014 Itaque
1723 1976 1783 2005 hoe
1812 1988 1906 2006 unum
1936 1978 2014 2007 mihi

147 2025 335 2059 faciundum,
356 2029 391 2052 ut
407 2023 556 2051 Garatoni
570 2024 665 2052 uerba
681 2023 741 2052 huc
757 2023 915 2062 adponam,
937 2025 1047 2062 quibus
1063 2024 1270 2062 intellegatur,
1286 2034 1359 2053 uere
1379 2024 1415 2052 ab
1437 2033 1472 2051 eo
1489 2025 1520 2053 C.
1533 2024 1670 2052 Flauum.
1678 2025 1798 2061 Affiztm
1813 2025 1910 2053 iudici
1926 2025 2013 2054 illius

150 2073 354 2112 quaesitorem
371 2081 435 2099 esse
455 2071 603 2099 habitum.
643 2071 798 2108 Quoniam
818 2076 918 2100 autem
939 2072 1126 2100 Garatonius
1148 2072 1181 2100 in
1201 2077 1283 2108 nota,
1305 2082 1393 2110 quam
1412 2070 1450 2099 ad
1469 2080 1493 2098 e.
1517 2080 1559 2107 17.
1579 2070 1711 2110 scripsit,
1730 2072 1767 2100 ad
1786 2072 1925 2111 priorum
1946 2072 2012 2101 edi-

149 2126 253 2148 torum
273 2118 486 2147 adnotationes
508 2118 664 2156 respexit,
692 2129 740 2147 eas
761 2128 883 2157 quoque
907 2119 1090 2157 repetendas
1109 2119 1294 2157 putauimus.
1332 2118 1486 2146 Adnotata
1512 2117 1608 2155 igitur
1627 2119 1665 2147 ad
1693 2129 1718 2148 c.
1741 2129 1798 2157 17.:
1818 2130 1911 2158 quam
1929 2119 2012 2147 hunc

150 2169 179 2196 C.
199 2167 321 2203 Alfium
342 2171 398 2194 etc.
420 2176 437 2193 a
455 2165 614 2204 prioribus
635 2165 806 2195 editoribus
827 2166 902 2195 haec
924 2171 1008 2194 simt:

224 2230 253 2257 C.
274 2227 408 2266 Alsium]
438 2227 600 2255 Uictorius
627 2227 657 2256 C.
683 2228 857 2265 Alphium5
890 2229 963 2256 Ant.
991 2228 1182 2266 Augustinus
1211 2238 1249 2256 ex
1269 2228 1338 2256 loco
1364 2227 1514 2256 inferiore
1533 2237 1559 2256 c.
1578 2228 1624 2256 42.
1645 2229 1676 2257 C.
1697 2229 1846 2257 Flauium
1853 2237 1866 2262 ;
1889 2233 1936 2256 set
1957 2237 2011 2256 cur

148 2277 237 2305 illum
255 2276 358 2304 locum
378 2285 440 2303 non
463 2274 591 2312 corrigit
613 2284 650 2302 ex
671 2273 748 2310 hoc,
775 2276 801 2303 si
828 2275 921 2304 habet
949 2277 1180 2311 auctoritatem,
1209 2286 1284 2314 quae
1312 2276 1496 2304 confirmet?
1525 2278 1559 2305 P.
1585 2274 1776 2304 URSJXUS.
1797 2274 1827 2303 C.
1847 2274 2010 2312 Flauium]

148 2324 194 2352 Ita
215 2323 368 2361 quaesitor
387 2323 438 2351 hic
460 2333 476 2351 a
495 2323 665 2350 Laterense
687 2320 786 2349 editus
807 2329 937 2351 uocatur
957 2323 1037 2351 infra
1059 2333 1082 2351 c.
1103 2323 1164 2357 42,
1190 2332 1246 2350 nec
1267 2323 1482 2357 uerisimilest,
1512 2324 1541 2351 ζ’.
1561 2322 1728 2360 Alphinm,
1753 2326 1787 2348 ut
1806 2320 1920 2349 liabent
1939 2321 2010 2349 uol—

149 2370 225 2408 gati,
247 2370 298 2408 qui
318 2369 376 2398 hoc
397 2380 475 2399 anno
496 2374 621 2409 praetor
641 2368 716 2403 suit,
738 2369 855 2398 editum
876 2371 1082 2408 quaesitorem
1102 2370 1206 2398 fuisse.
1233 2370 1588 2398 LALLEJIAXDCS.

222 2431 271 2459 Ad
292 2441 323 2459 ea
347 2432 531 2461 Garamum
555 2443 580 2469 s».
607 2434 655 2459 [101
688 2443 730 2470 sq.
753 2432 797 2460 eil.
820 2432 916 2471 Neap.
937 2432 1011 2460 haec
1033 2432 1158 2460 adiecit:
