2185 2720
882 120 1017 150 CAP.
1055 119 1115 149 IX.
1153 119 1180 160 §.
1210 126 1359 155 22—24.
2025 133 2062 160 93

171 205 259 226 mae
286 193 411 225 uelut
439 191 484 223 in
517 192 618 224 aere
648 200 980 235 quaererentur.
1025 194 1250 226 Feriarum
1279 196 1512 228 latinarum
1536 195 1766 229 sacrificio
1792 198 1959 231 solebat
1983 202 2059 233 hoc

170 244 416 284 obseruari,
455 251 501 276 ut
530 245 721 277 hostiam
744 246 948 278 ciuitates
971 246 1219 279 adiacentes
1243 249 1552 290 portiunculas
1576 250 1717 282 carnis
1740 251 1986 294 acciperent
2007 266 2058 287 ex

166 298 338 330 Albano
367 304 510 329 monte
541 298 777 330 secundum
802 306 998 331 ueterem
1029 300 1400 341 superstitionem
1416 302 1454 345 ¹).
1501 304 1660 335 Uerum
1684 309 1768 334 tam
1793 303 1994 345 exiguum
2017 307 2059 338 in

168 351 262 382 illis
291 351 553 382 ciuitatibus
587 361 809 382 numerum
838 351 1338 393 hominumsignificat,
1372 358 1418 384 ut
1453 354 1602 386 desint
1631 355 1759 387 etiam
1790 356 1863 398 qui
1891 368 2059 390 carnem

166 403 355 446 petitum
379 403 426 434 de
448 402 658 434 sollemni
682 415 799 434 more
822 405 1066 436 mittantur.
1094 404 1256 436 Scnorm
1280 406 1542 437 Ammosmxi.
1586 407 1644 438 Ad
1667 407 1748 438 haec
1771 409 1907 440 Scholia
1928 411 2061 441 notauit

168 455 393 487 Garatonius:
434 455 668 495 „scholiastes
690 456 731 486 de
754 455 847 487 feriis
871 455 984 487 latinis
1009 456 1193 495 disserens,
1233 457 1316 488 alios
1340 457 1380 488 ab
1404 458 1485 501 ipsis
1508 459 1640 490 Latinis
1662 461 1799 502 populis
1822 461 1992 493 institutas
2016 463 2062 494 ait

167 508 392 547 existumare,
433 508 517 539 alios
548 519 566 538 a
590 508 780 550 Tarquinio
812 507 939 539 Prisco.
985 509 1044 539 Set
1072 507 1217 539 eximius
1250 508 1291 539 de
1320 509 1458 542 illarum
1489 511 1620 553 origine
1653 511 1745 543 locus
1769 520 1861 544 extat
1883 515 2059 557 scriptoris

166 561 406 604 probatissumi
431 561 554 603 Halyc⁸
582 560 686 591 Dion.
711 561 774 593 IV.
798 560 919 601 Antiq.
944 560 1013 602 49„
1042 560 1099 602 qui
1122 571 1192 590 non
1215 560 1379 600 Priscum,
1403 569 1455 594 set
1477 564 1671 606 Superbum
1694 565 1920 607 Tarquinium
1943 574 2062 599 aucto-

165 625 240 645 rem
262 613 356 653 facit‚
381 624 599 654 caussamque
622 612 776 654 adiungit
800 619 974 654 optumam
1000 612 1159 643 foederis.
1204 612 1255 644 At
1278 613 1498 653 scholiastes,
1527 616 1699 655 Quidam,
1728 616 1855 657 inquit,
1883 620 1922 650 id
1944 619 2062 661 (sacri-

165 666 294 707 ficium)
317 667 446 698 initum
469 666 531 708 (sic
554 664 645 696 enim
669 665 759 706 lego,
791 676 858 695 non
885 664 1040 708 initium)
1066 677 1106 696 ex
1129 665 1299 707 imperato
1321 666 1441 698 Fauni
1463 669 1683 699 contendunt.
1726 669 1803 700 Hoc
1825 682 1879 700 me
1902 672 1983 702 alibi
2010 673 2063 703 le-

163 719 251 760 gisse
273 730 342 750 non
365 718 518 750 memini.
564 718 655 748 Tum
683 717 764 748 haec
786 717 833 747 ibi
857 724 1034 748 secuntur:
1059 716 1237 749 Nonnulli
1253 735 1292 741 —
1312 726 1570 761 quaererentur.
1615 720 1739 751 Melius
1764 722 1881 753 eadem
1903 724 2061 757 uberius-

167 783 232 813 que
255 778 337 814 aput
361 772 501 802 Festum
525 782 558 813 p.
584 771 657 802 515.
682 769 734 800 cd.
758 768 904 801 Amstel.
931 769 1209 810 Oscillantes
1236 770 1289 801 ait
1314 770 1524 812 Cornificius
1547 772 1589 804 ab
1613 785 1668 811 ec,
1700 774 1792 816 quod
1813 787 1848 806 os
1871 777 1983 809 celare
2005 791 2060 810 so-

165 824 224 855 liti
252 824 409 867 personis
429 829 577 866 propter
604 823 868 859 uerecundiam,
909 822 969 864 qui
991 834 1028 853 eo
1050 832 1177 864 genere
1201 821 1300 852 lusus
1330 823 1528 857 utebantur.
1573 825 1687 857 Causa
1709 832 1826 857 autem
1848 829 1921 860 eius
1948 830 2060 862 iacta-

165 876 270 907 tionis
287 877 456 919 proditur
478 876 634 907 Latinus
657 886 730 912 rex,
757 874 848 917 quod
864 875 1012 916 proelio,
1037 874 1128 917 quod
1151 874 1182 905 ei
1195 872 1277 916 suit
1300 875 1469 907 aduersus
1492 878 1708 909 Blezentium
1730 877 1905 910 Caeritum
1932 893 2060 924 regem,

165 940 338 971 nusquam
362 928 586 971 aclparuerit,
623 927 872 968 iudicatusque
901 927 947 957 sit
969 927 1132 970 Iuppiter
1147 925 1273 969 factus
1295 927 1469 960 Latiaris.
1512 929 1638 972 Itaque
1654 941 1722 972 per
1747 942 1806 961 sex
1828 944 1882 962 eos
1905 934 1978 964 dles
1996 933 2061 976 fe-

165 981 275 1012 riatos
299 980 422 1012 liberos
448 991 634 1022 seruosque
657 979 833 1022 requirere
856 991 951 1017 eum,
975 992 1042 1011 non
1066 979 1178 1010 solum
1199 979 1235 1010 in
1260 981 1375 1018 terris,
1399 981 1459 1012 sed
1480 982 1596 1020 etiam,
1620 983 1703 1025 quia
1726 984 1906 1016 uideretur
1929 987 2060 1018 coelum

163 1044 264 1075 posse
285 1033 397 1071 adiri,
419 1044 486 1075 per
510 1031 773 1069 oscillationem,
797 1032 895 1063 uelut
921 1032 1109 1075 imaginem
1134 1031 1321 1074 quamdam
1344 1033 1440 1064 uitae
1461 1034 1644 1073 humanae,
1668 1036 1704 1066 in
1728 1048 1796 1078 qua
1818 1037 1991 1069 altissima
2015 1039 2063 1070 acl

164 1083 340 1126 infimum,
368 1085 545 1115 interdum
568 1083 694 1126 infima
716 1085 763 1115 ad
776 1096 948 1116 sunzmum
970 1085 1176 1129 efferuntur.
1218 1084 1336 1127 Atque
1352 1085 1427 1116 ideo
1449 1087 1651 1118 memoriam
1673 1099 1805 1130 quoque
1825 1089 2063 1132 redintegrari

164 1135 268 1167 initio
291 1142 451 1179 acceptae
474 1137 570 1171 uitae
590 1147 654 1179 pel·
676 1142 789 1167 motus
814 1149 983 1168 cunarum
1006 1138 1177 1180 lactisque
1199 1136 1421 1175 alimentum,
1460 1139 1542 1181 quia
1558 1150 1626 1182 per
1649 1151 1703 1170 eos
1729 1140 1803 1171 dies
1819 1138 2002 1182 feriarum
2028 1149 2061 1174 et

166 1189 296 1220 oscillis
320 1194 543 1226 moueantur,
580 1193 613 1219 et
635 1188 767 1219 lac-tata
783 1190 927 1232 potione
950 1196 1109 1222 utantur.
1151 1189 1243 1220 Hinc
1276 1195 1359 1231 aput
1381 1190 1603 1221 Scholiastam
1627 1191 1751 1232 corrigi
1773 1197 1902 1232 potest,
1935 1193 2061 1237 Itaque

167 1253 226 1273 sex
252 1240 338 1284 ipsis
361 1239 491 1272 diebus.
534 1240 654 1271 Festus
678 1251 760 1270 uero
784 1240 820 1271 in
843 1248 960 1272 uetere
983 1241 1112 1274 Aldina
1136 1241 1188 1272 ed.
1213 1253 1265 1272 an.
1289 1242 1482 1273 MDXVII.
1506 1242 1630 1273 rectius
1656 1242 1737 1272 haec
1759 1243 1878 1275 habet:
1910 1246 2002 1287 quod
2024 1259 2060 1278 os

166 1294 280 1325 celare
303 1294 374 1325 siut
396 1292 493 1323 soliti
513 1309 554 1315 —-
578 1293 638 1324 secl
661 1294 767 1325 etiam
790 1306 858 1337 qua
882 1294 1062 1326 uideretur
1086 1295 1219 1326 caelum
1242 1306 1341 1338 posse
1364 1295 1512 1326 adiri—
1533 1296 1570 1326 iu
1596 1307 1666 1338 qua
1688 1295 1862 1327 altissima
1885 1297 2060 1330 interdum

165 1347 214 1378 ad
236 1345 418 1389 infimum,
460 1343 586 1387 infima
612 1346 660 1377 ad
682 1358 853 1378 summum
876 1346 1113 1390 efferuntur.“
1156 1347 1251 1378 Haec
1276 1346 1499 1386 Garatonius,
1539 1353 1656 1377 contra
1687 1358 1788 1388 quem
1811 1348 1855 1379 A.
1882 1348 1992 1380 Maius
2023 1350 2060 1381 iu

163 1404 247 1430 nota
267 1397 310 1429 ad
335 1397 449 1429 Schol.
472 1397 596 1429 Ambr.
620 1404 753 1437 monet,
786 1399 852 1429 alio
877 1399 951 1429 loco
976 1400 1043 1438 VI,
1069 1401 1119 1442 95.
1144 1400 1184 1430 ab
1208 1400 1281 1442 ipso
1306 1399 1366 1430 illo
1390 1399 1559 1441 Dionysio
1585 1410 1655 1430 non
1679 1399 1906 1440 Tarquinium
1931 1402 2061 1444 Super-

163 1451 265 1490 bum,
289 1457 340 1482 set
362 1449 514 1481 Priscum
538 1449 702 1480 feriarum
723 1450 906 1481 latinarum
930 1457 1102 1482 auctorem
1125 1450 1229 1483 fuisse
1255 1452 1332 1483 dici.
1377 1451 1488 1483 Addit
1512 1450 1650 1482 deinde:
1684 1451 1813 1491 „Nihil
1836 1452 1974 1484 interim
1997 1466 2059 1485 ue-

165 1508 233 1542 tat,
258 1502 340 1544 quin
364 1502 570 1533 arbitremur
593 1501 693 1533 ferias
716 1502 863 1533 aPrisco
887 1502 969 1533 olim
993 1503 1179 1543 institutas,
1206 1504 1427 1535 sollemniore
1449 1502 1571 1533 deinde
1594 1502 1664 1534 ritu
1686 1515 1704 1534 a
1720 1504 1871 1547 Superbo
1896 1506 2060 1538 celebrari

165 1557 344 1597 coeptas.“
389 1556 480 1586 Nolo
504 1556 571 1586 huc
594 1554 746 1594 adferre,
779 1566 864 1597 quae
889 1554 1045 1598 depromi
1066 1563 1209 1599 possunt
1233 1568 1277 1589 ex
1299 1556 1415 1588 Pitisci
1439 1556 1527 1587 Lex.
1551 1554 1634 1587 Ant.
1658 1555 1701 1587 R.
1726 1556 1769 1587 T.
1792 1557 1818 1588 Ι.
1841 1567 1875 1599 p.
1901 1559 1972 1599 774.
1996 1560 2058 1591 sub

165 1607 335 1651 u-feriae
357 1608 508 1646 latinae,
541 1613 574 1638 et
597 1607 639 1638 T.
663 1608 706 1638 H.
732 1619 766 1650 p.
791 1607 863 1638 556.
888 1608 949 1639 sub
974 1620 1006 1640 u.
1032 1610 1164 1642 oscilla.

250 1661 501 1703 Adiungamus
523 1678 566 1683 —
581 1665 723 1703 patrem
740 1659 982 1704 publicanum)
1028 1661 1264 1693 Transitus
1292 1660 1348 1692 fit
1370 1660 1419 1692 ad
1445 1659 1840 1702 quaestiunculam,
1879 1674 1956 1704 qua
1979 1664 2060 1695 hu-

164 1712 331 1745 militas
354 1712 526 1755 generis
551 1712 830 1744 obiciebatur
851 1713 1048 1753 Plancio,
1083 1720 1127 1745 ut
1152 1713 1274 1755 (codex
1297 1714 1392 1757 utut)
1423 1719 1663 1755 eapropter
1687 1713 1900 1756 elargitus
1923 1727 2059 1757 pecu-

165 1766 281 1798 niam
311 1765 563 1803 uideretur,
606 1765 806 1806 quoniam
838 1766 1051 1808 consequi
1080 1764 1578 1809 aedilitatemssan'iiliae
1607 1776 1706 1796 suae
1729 1765 1948 1808 dignitate
1978 1779 2061 1800 non

166 1824 329 1861 posset.
376 1816 712 1848 Publicanorum
742 1817 890 1859 itaque
919 1818 1097 1849 Tullius
1133 1817 1337 1849 ordinem
1366 1817 1615 1849 necessario
1645 1816 1827 1857 adserit,
1863 1819 1936 1860 qui
1958 1826 2061 1852 tunc

166 1883 217 1902 ex
255 1869 452 1912 equestri
486 1869 640 1900 ordine
678 1869 941 1902 accedebant
979 1870 1028 1902 ad
1066 1869 1356 1912 uectigalium
1393 1869 1722 1902 redemtionem.
1776 1870 1938 1904 SenoLIA
1977 1874 2061 1906 AM-

166 1931 363 1955 BROSIANA.

260 1975 325 2007 Uel
348 1976 530 2018 quoderat
550 1979 652 2019 pater
675 1974 1002 2018 is—supplz'eabat)
1027 1974 1276 2007 Cumulauit
1299 1974 1478 2017 gratiam
1502 1972 1782 2015 suffragantis
1806 1973 1855 2006 de
1878 1983 2059 2018 paterno

167 2028 294 2060 etiam
325 2027 497 2068 fauore,
536 2028 602 2058 cui
632 2027 964 2069 publicanorum
987 2028 1175 2060 societas
1205 2026 1417 2065 adfuerit,
1446 2034 1492 2058 ut
1514 2026 1644 2058 filius
1669 2026 1758 2058 eius
1781 2027 1828 2058 ad
1851 2028 2059 2071 optinen-

167 2080 260 2112 dam
283 2080 559 2111 aedilitatem
582 2079 731 2122 potius
754 2079 1049 2112 adiuuaretur.
1096 2081 1259 2111 SCHOLIA
1282 2080 1544 2111 AMBROSIANA.

253 2138 284 2179 §.
309 2137 360 2169 24.
404 2138 459 2170 Ab
482 2137 597 2179 soc-iis)
631 2136 734 2178 Quod
758 2148 924 2179 perquam
946 2150 1080 2177 rarum,
1112 2137 1226 2179 inquit
1246 2137 1436 2176 Manutius,
1468 2143 1508 2168 ut
1529 2137 1569 2168 ab
1593 2135 1690 2167 sociis
1715 2136 1888 2179 publicani
1911 2137 2058 2180 diligan-

165 2197 239 2223 tur:
275 2190 335 2221 ubi
356 2189 448 2220 enim
470 2189 649 2231 uectigalia
672 2189 874 2231 exiguntur,
897 2190 946 2221 ibi
967 2189 1040 2222 fere
1064 2189 1297 2221 contentiones
1323 2189 1467 2232 odiaque
1493 2195 1688 2221 nascuntur.
1732 2190 1879 2230 LIirum,
1911 2191 1970 2232 qui
1992 2191 2058 2223 hoc

243 2347 276 2382 1)
315 2346 415 2375 Maius
437 2346 502 2374 Cic.
525 2345 562 2373 ad
578 2345 644 2373 Att.
665 2344 696 2381 I,
724 2346 750 2374 3.
772 2350 935 2383 conparat:
963 2349 1073 2376 auiam
1093 2353 1181 2375 tuam
1199 2349 1275 2376 scito
1296 2347 1446 2375 desiderio
1467 2347 1516 2375 tui
1534 2351 1688 2374 mortuam
1709 2355 1787 2379 esse;
1815 2352 1844 2374 et
1863 2348 1959 2376 simul
1975 2349 2059 2386 quod

169 2399 271 2421 uerita
291 2395 348 2429 sit,
369 2404 406 2422 ne
427 2394 548 2422 latinae
568 2394 601 2421 in
622 2392 721 2430 officio
741 2401 802 2420 non
823 2400 985 2422 manerent
1005 2401 1033 2423 et
1053 2397 1087 2423 in
1107 2400 1239 2423 montem
1260 2394 1410 2423 albanum
1429 2394 1548 2422 hostias
1567 2403 1629 2421 non
1649 2393 1847 2422 adducerent.
