2185 2720
855 119 992 149 CAP.
1031 117 1403 160 11.§.5—111.§.s.
2040 132 2076 159 55

259 196 300 229 Si
322 197 423 229 illam
445 197 696 229 accussationis
719 196 952 229 condicionem
974 194 1112 238 sequar)
1156 195 1185 225 Ι.
1203 205 1231 225 e.
1255 193 1284 225 si
1306 197 1524 229 accussatoris
1547 198 1717 232 rationem
1739 207 1892 240 secutus,
1919 207 1996 233 uter
2019 201 2073 233 di·

173 248 275 292 gnior
297 249 472 281 aedilitate
496 248 620 290 fuerit,
648 249 758 280 dicam
781 255 882 291 atque
904 249 1125 280 Laterensem
1148 257 1168 277 a
1189 246 1328 284 Plancio
1353 249 1516 291 dignitate
1539 262 1611 283 esse
1633 259 1831 296 superatum
1857 253 2070 285 contendam.

978 346 1007 380 C
1033 344 1066 380 A
1089 346 1140 381 P.
1199 346 1264 379 III.

260 428 407 461 Caecum
436 441 489 461 me
517 435 550 461 et
574 429 805 473 praecipitem
828 427 928 472 ferri
954 425 1122 471 confitear
1153 428 1189 460 in
1216 428 1352 470 caussa)
1399 428 1595 472 cupiditate
1617 430 1792 464 incensum
1818 432 1929 464 facere
1951 438 2068 464 contra

172 479 343 512 amicitiae
357 481 446 523 leges
469 487 501 512 et
516 481 707 512 ueritatem.
732 482 958 513 Enxnsrms.
982 479 1137 522 Proprie,
1160 486 1291 513 temere
1314 488 1346 513 et
1367 481 1558 513 inconsulte
1581 485 1711 516 uersari
1734 486 1768 517 in
1791 498 1904 518 caussa
1926 486 2066 528 agenda.

259 544 300 575 Si
321 549 353 575 te
376 550 439 575 aab
460 557 483 576 a
506 545 670 583 Plancio,
692 550 755 575 aut
778 543 819 575 ab
843 543 915 575 ullo
938 542 1113 584 dignitate
1129 546 1289 586 potuisse
1311 546 1473 589 superari
1496 546 1627 588 dixero)
1651 548 1772 580 Bauar.
1799 550 1830 581 si
1852 556 1884 581 te
1906 562 1927 581 a
1952 549 2065 581 Plan-

171 597 244 635 cio,
267 602 331 628 ant
352 596 394 628 ab
418 598 491 629 ullo
514 599 691 641 dignitate
713 596 875 640 superari
899 595 1030 626 dixero.
1075 595 1134 626 Set
1159 596 1345 629 ridiculum
1368 605 1454 630 esset
1477 598 1606 639 dicere,
1633 600 1850 632 candidatum
1873 601 2066 633 aedilicium

171 648 336 691 dignitate
361 660 380 680 a
402 650 538 681 nemine
564 649 731 693 superari.
774 649 905 681 Abesse
927 647 1032 689 igitur
1048 649 1208 690 potuisse
1234 661 1303 681 non
1327 650 1445 691 debet,
1483 653 1574 693 quod
1599 653 1641 684 ad
1665 653 1867 695 petitionem
1885 654 2066 685 aedilitatis

167 700 318 733 refertur
341 708 374 733 et
397 702 440 733 ad
463 714 530 742 eos,
555 703 614 744 qui
638 708 710 733 tum
732 701 938 744 petiuerint,
961 705 1020 732 aut
1041 706 1159 742 petere
1179 703 1382 745 potuissent.
1408 704 1670 737 GARATONIL·S.
1694 707 1785 739 Uide
1808 707 1910 738 etiam
1928 707 2062 749 Proleg.

165 753 245 786 Lib.
269 754 296 787 I.
320 754 359 786 C.
383 756 427 786 II.
452 756 482 797 ς.
497 767 526 787 2.
553 767 588 798 p.
607 755 728 787 XIV..

251 807 313 840 Ad
335 808 448 850 illam)
475 809 573 850 Quae
596 807 634 839 fit
656 807 692 838 in
714 805 836 850 populi
858 803 1021 844 comitiis,
1048 816 1125 838 cum
1149 807 1297 851 populus
1321 808 1551 852 conpetitores
1574 808 1738 852 dignitate
1761 822 1830 843 non
1854 812 2063 855 distinguens

166 865 226 892 aut
247 859 382 892 inuidet
404 867 462 892 aut
484 860 577 892 fauet
599 859 766 891 arbitratu
788 870 861 891 suo.
903 857 1120 889 MANUTIUS.

254 912 387 945 Caussa
410 913 502 957 ipsa)
533 914 561 944 B
585 924 655 944 non
675 912 777 943 habet
800 912 895 955 ipsa,
929 921 995 951 quo
1020 921 1134 942 carere
1156 912 1328 956 profecto,
1366 914 1394 946 si
1418 914 1534 954 lubet,
1571 927 1762 958 possumus.
1802 917 2061 949 GARATONIFS.

168 965 258 998 Cum
281 966 462 1008 perspicua
483 966 570 997 ratio
594 965 654 1004 sit,
692 976 758 1006 qua
780 963 893 995 omitti
915 962 955 993 ab
980 961 1121 994 librario
1152 976 1345 1008 pronomen
1368 967 1536 1010 potuerit,
1573 968 1714 1001 obscura
1737 976 1867 1009 autem,
1903 980 1962 1000 cur
1987 969 2062 1011 quis

165 1018 363 1050 addendum
384 1017 554 1057 iudicarit,
578 1018 664 1049 mihi
689 1017 828 1060 quidem
849 1014 1068 1047 retinendum
1090 1015 1239 1050 uidetur.
1284 1021 1359 1052 Nec
1381 1031 1464 1052 uero
1487 1020 1651 1053 inutilest.
1697 1022 1812 1063 Auget
1835 1021 1926 1053 enim
1950 1032 2060 1063 oppo-

163 1070 345 1111 sitionem,
370 1077 487 1113 quaest
509 1071 600 1102 iuter
619 1070 742 1110 uerba,
765 1071 814 1103 acl
836 1081 939 1113 qnam
963 1073 1001 1099 ta
1024 1080 1077 1101 me
1099 1082 1203 1103 uocas
1226 1077 1260 1103 et
1281 1073 1330 1104 acl
1351 1086 1455 1116 qaam
1478 1086 1532 1106 me
1553 1087 1676 1107 caussa
1698 1075 1850 1107 deducit.
1894 1074 1984 1107 Uide
2007 1079 2059 1105 et-

161 1124 231 1156 iam
253 1124 387 1166 Proleg.
412 1123 491 1155 Lib.
515 1124 541 1154 I.
566 1124 603 1155 C.
629 1124 671 1154 II.
697 1124 727 1164 ξ.
753 1134 782 1154 2.
806 1134 841 1165 p.
867 1122 988 1154 XIV..

244 1179 276 1218 ᾗ.
303 1188 332 1218 7.
378 1176 484 1217 Quid,
507 1182 589 1208 time
611 1174 814 1219 dignitatis)
857 1175 908 1205 Ita
932 1174 1024 1205 hunc
1046 1175 1161 1207 locum
1182 1176 1401 1210 scribendum
1425 1190 1512 1219 esse,
1537 1179 1637 1212 docui
1659 1181 1793 1223 Proleg.
1815 1180 1858 1212 L.
1881 1180 1909 1211 I.
1934 1179 1972 1211 C.
1995 1178 2056 1210 ΙΙΙ.

161 1229 193 1271 §.
221 1229 292 1267 15.,
319 1228 378 1258 ubi
403 1228 574 1259 editorum
599 1228 699 1260 etiam
725 1227 880 1259 omnium
902 1226 942 1257 ad
967 1227 1001 1257 h.
1026 1226 1049 1257 1.
1073 1227 1308 1261 adnotationes
1332 1231 1516 1274 descriptas
1540 1232 1629 1264 dedi.

243 1281 447 1324 Dignitatis
471 1281 634 1323 iudicem)
659 1280 894 1323 Significanter
917 1279 1058 1320 dicitur,
1087 1282 1145 1323 qui
1167 1289 1258 1315 recte
1282 1283 1324 1314 de
1349 1284 1512 1326 dignitate
1537 1285 1680 1326 iudicat,
1703 1285 1854 1317 iudicare
1876 1285 1978 1323 ualet,
2003 1281 2057 1314 cui

158 1333 346 1378 respondet
367 1333 404 1364 in
426 1344 520 1374 seqq.
545 1334 649 1366 iudex
673 1335 796 1366 inicus.
825 1333 1060 1364 HULDRICYS.
1106 1335 1240 1367 Eodem
1263 1347 1363 1367 sensu
1386 1335 1477 1368 infra
1499 1349 1526 1368 e.
1551 1337 1598 1378 4.,
1630 1345 1668 1370 ut
1690 1344 1780 1369 reete
1802 1344 1920 1370 monet
1945 1338 2056 1368 Gara-

157 1387 290 1427 tonius,
314 1386 455 1428 legitur,
482 1398 549 1418 non
573 1387 665 1418 enim
684 1387 833 1417 comitiis
857 1386 992 1417 iudicat
1016 1398 1147 1430 semper
1163 1390 1334 1433 popalus,
1357 1389 1554 1433 ibidemque
1578 1392 1740 1432 comitiis,
1760 1391 1972 1436 praesertim
1994 1401 2052 1421 ae·-

158 1442 311 1479 diliciis,
334 1440 492 1471 studium
514 1450 585 1470 esse
602 1439 748 1482 populi,
772 1451 839 1470 non
861 1438 1041 1470 iudicium.

243 1494 287 1526 In
312 1493 356 1524 iis
380 1489 660 1534 magistratibus)
689 1491 913 1522 Consulatum
937 1501 1098 1521 maxume
1124 1498 1158 1523 et
1178 1501 1375 1536 praeturam
1401 1496 1572 1539 intellege,

242 1546 314 1579 His
338 1542 526 1576 leuioribus
550 1542 713 1585 comitiis)
737 1543 926 1581 Aedificiis,
952 1554 1038 1585 quae
1060 1543 1192 1576 leuiora
1216 1547 1312 1588 dicit,
1337 1549 1415 1590 quia
1438 1548 1601 1580 aedilium
1624 1546 1791 1579 eiusmodi
1814 1552 1910 1578 erant
1933 1544 2052 1587 officia,

156 1606 196 1633 ut
216 1598 347 1643 populo
373 1607 443 1627 non
465 1602 602 1638 possent
625 1607 765 1638 magnae
787 1596 927 1627 utilitati
951 1607 1032 1627 esse.
1079 1596 1151 1629 Cfr.
1174 1599 1244 1640 IV,
1272 1613 1320 1633 10.
1348 1608 1381 1633 et
1404 1603 1455 1641 V,
1484 1602 1550 1634 15·-

240 1648 457 1693 Diligentia)
480 1649 519 1680 In
542 1649 741 1689 salutando,
764 1649 934 1691 rogando,
960 1656 992 1680 et
1014 1650 1250 1692 supplicando·
1297 1653 1470 1685 SYLUIUS.

240 1704 340 1738 ,Nam
362 1702 454 1745 qaod
474 1703 523 1734 acl
541 1703 711 1746 populum
726 1703 901 1747 pertinet,
934 1715 1066 1746 semper
1089 1705 1278 1747 dignitatis
1302 1707 1415 1738 inicus
1439 1708 1544 1739 iudex
1567 1712 1634 1746 est,
1662 1707 1724 1751 qni
1745 1712 1807 1739 (tut
1830 1706 1964 1738 inuidet
1987 1710 2050 1736 aut

147 1755 270 1803 fauet)
294 1755 357 1787 Est
381 1755 548 1785 sententia
570 1755 794 1795 uniuersalis,
818 1761 857 1786 ut
879 1767 994 1786 sensus
1016 1756 1072 1787 hic
1093 1757 1154 1789 sit:
1182 1759 1272 1789 Nan]
1297 1759 1389 1801 quod
1411 1759 1452 1790 ad
1476 1759 1646 1802 populum
1668 1760 1833 1803 pertinet,
1859 1759 1900 1789 de
1924 1769 1963 1788 eo
1989 1768 2050 1787 ua-

154 1811 223 1849 let,
254 1807 345 1850 quod
368 1807 508 1839 omnino
533 1806 675 1848 dicitur,
711 1819 847 1852 semper
869 1820 925 1840 eos
950 1809 1106 1842 homines
1128 1811 1264 1853 iniquos
1286 1811 1414 1844 iudices
1438 1824 1529 1853 esse,
1559 1812 1618 1855 qui
1640 1819 1698 1844 aut
1719 1812 1896 1844 inuideant
1917 1817 1976 1842 aut
1998 1809 2049 1842 fa-

154 1866 268 1894 ueant.
315 1860 529 1892 Wfflsmus.

240 1923 344 1964 Quod
364 1924 410 1955 sit
426 1925 615 1968 proprium
637 1925 755 1957 laudis
782 1924 875 1969 tuae)
899 1925 1094 1969 Proprium
1115 1938 1185 1959 non
1209 1929 1296 1960 bene
1318 1929 1498 1961 redundat.
1543 1929 1696 1969 Uereor,
1719 1940 1763 1959 ne
1787 1927 1968 1959 delendum
1991 1927 2044 1959 sit.

153 1977 245 2009 Nam
263 1975 291 2006 si
314 1975 467 2017 scripsit,
491 1979 583 2021 qaod
604 1978 650 2008 sit
667 1978 856 2021 proprium
879 1978 996 2009 laudis
1020 1985 1121 2019 tuae,
1148 1980 1265 2024 inepte
1287 1981 1461 2014 adduntur
1483 1981 1669 2023 sequentia.
1692 1982 1919 2012 ERNESTIFS.
1964 1982 2045 2012 Non

152 2027 326 2061 intellexit
352 2028 531 2060 Ernestius
559 2030 763 2061 sententiam
792 2029 870 2060 loci.
915 2031 997 2061 Non
1024 2032 1138 2073 potuit
1161 2035 1253 2065 enim
1278 2035 1397 2066 Cicero
1426 2034 1627 2077 simpliciter
1651 2033 1781 2073 dicere,
1815 2035 1907 2065 nihil
1941 2034 1977 2064 in
2013 2040 2045 2066 te

145 2088 246 2127 potes
270 2081 497 2121 constituere,
528 2084 612 2126 quin
635 2083 674 2114 icl
696 2083 759 2114 tibi
782 2083 828 2114 sit
851 2095 1016 2115 commane
1038 2097 1117 2116 cum
1138 2086 1313 2127 Plancio,
1340 2099 1417 2118 cum
1442 2093 1528 2119 esset
1551 2085 1690 2118 omnino
1714 2086 1750 2117 in
1772 2086 1957 2117 Laterense
1986 2097 2044 2116 or-

149 2140 366 2173 namentum,
395 2134 485 2176 qnod
508 2146 580 2166 non
602 2141 673 2167 erat
694 2135 731 2166 iu
753 2136 908 2175 Plancio,
939 2136 1156 2170 nobilitatem
1179 2139 1266 2170 dico.
1309 2140 1395 2171 Eam
1416 2146 1455 2170 ut
1478 2139 1714 2181 excipiendam
1736 2138 1955 2180 significaret,
1983 2151 2046 2170 ne·-

148 2187 291 2220 cessario
316 2186 484 2217 debebant
506 2188 627 2227 uerba,
654 2189 746 2231 quod
767 2190 814 2220 sit
833 2190 1021 2233 proprium
1043 2190 1067 2222 l.
1090 2196 1189 2230 tuae,
1213 2192 1311 2231 addi,
1337 2204 1439 2234 quae,
1464 2198 1502 2223 ut
1524 2198 1614 2222 recte
1636 2190 1809 2222 intellexit
1828 2192 1983 2236 Syluius,
2008 2194 2043 2225 in

147 2242 239 2274 hunc
260 2246 340 2273 sunt
362 2252 499 2271 sensum
526 2240 630 2271 dicta:
659 2241 750 2282 quod
773 2247 811 2272 tu
835 2242 896 2272 tibi
918 2242 991 2284 ipse
1015 2248 1073 2273 tua
1094 2242 1265 2275 industria
1286 2250 1320 2276 et
1343 2245 1470 2276 uirtute
1493 2244 1678 2287 paraueris.

233 2304 264 2346 §.
288 2304 319 2336 8.
342 2304 481 2344 Patres)
505 2303 704 2336 Uerissume
727 2304 956 2344 Niebuhrius,
982 2305 1036 2336 uii-
1055 2318 1227 2345 summus,
1250 2307 1285 2338 in
1310 2307 1484 2338 inmortali
1509 2318 1612 2348 opere
1637 2307 1799 2338 historiae
1820 2303 1981 2336 Rom.T.
1997 2302 2043 2333 ῙῘ.

146 2369 181 2400 p.
215 2367 263 2388 10.
295 2355 348 2387 ed.
383 2356 474 2388 1812.
507 2368 577 2387 non
600 2362 758 2388 senatum
786 2357 850 2388 hoe
873 2357 1001 2397 uerbo,
1042 2364 1093 2389 set
1122 2360 1240 2391 curias
1270 2359 1453 2401 significari
1486 2359 1584 2398 dicit,
1625 2359 1787 2401 quicquid⁴
1813 2355 2041 2391 Wachsmuth

146 2421 181 2453 p.
205 2409 278 2451 357.
302 2409 518 2451 obloquatur.
563 2408 635 2440 cfr.
659 2409 760 2440 etiam
783 2409 960 2440 schulzius
982 2409 1019 2440 in
1041 2410 1148 2450 libro,
1177 2412 1272 2443 cuius
1296 2412 1434 2443 titulus:
1476 2413 1558 2444 Yon
1591 2412 1656 2443 den
1679 2409 2042 2445 Volksversannnlun—

1793 2471 1825 2495 21
