2185 2720
926 129 951 158 c
970 129 1000 158 A
1019 130 1060 159 P.
1099 127 1192 158 XVI.
1213 126 1240 167 §.
1262 131 1307 159 38.
2006 128 2058 153 123

168 203 352 236 admodum
375 209 485 235 essent
508 202 655 234 incertae
677 213 714 234 ac
736 202 944 247 permixtae,
981 203 1075 236 cuius
1097 203 1149 235 rei
1170 203 1343 234 luculenta
1372 200 1530 244 exempla
1555 199 1618 232 tibi
1639 197 1910 231 subministrabit
1932 196 2055 230 Oliue-

167 257 238 289 rius
259 257 302 288 ad
325 257 448 288 Mai-m.
473 256 602 287 Pisaur.
625 266 659 298 Ρ.
684 266 753 297 99..
802 256 1005 288 Onntmrs.

251 310 367 342 Lubet
397 309 535 349 etenim)
589 307 641 338 Ita
669 307 836 346 probante
867 309 1054 342 Garatonio
1081 321 1145 352 pro
1175 308 1310 351 uolgata
1344 305 1513 348 scriptura
1543 305 1627 337 libet
1657 306 1748 338 enim
1778 316 1822 336 ex
1843 304 1928 335 Bau.
1950 300 2054 340 edidi,

165 373 370 404 quamquam
394 361 599 402 obloquente
623 360 774 399 Orellio,
811 361 869 402 qui
892 363 1041 395 monuit:
1083 363 1239 402 „etenim
1263 362 1346 393 haut
1368 357 1466 390 facile
1489 359 1554 390 hoc
1578 358 1652 390 loco
1676 357 1880 400 receperim,
1919 353 1981 386 etsi
2002 353 2053 384 bis

164 420 260 446 terue
274 420 357 456 aput
374 413 571 444 Ciceronem
588 413 817 454 postponitur.
862 414 977 446 Prima
998 415 1090 446 enim
1108 414 1238 456 syllaba
1261 425 1303 444 ex
1327 410 1541 454 ὃιττογραφίᾳ
1566 416 1817 452 postremarum
1839 408 1933 440 uocis
1953 417 2056 450 prae-

164 466 312 497 cedentis
344 465 536 496 litterarum
566 465 700 497 lubE'I'
718 466 898 498 manifesto
929 475 978 499 est
1008 469 1124 499 orta.“
1168 466 1299 497 Mirum
1328 463 1481 508 profecto
1512 462 1687 494 iudicium.
1733 463 1822 494 Cum
1851 462 1888 493 in
1912 466 2053 503 optumo

162 518 251 550 libro
275 517 400 549 etenim
422 516 604 555 scribatur,
638 517 673 548 in
698 518 923 551 deterioribus
947 522 1059 558 enim,
1092 517 1291 560 faciliusque
1315 515 1427 548 omitti
1450 515 1569 546 librari
1591 515 1803 558 neglegentia
1829 512 2054 557 praecedente

161 571 266 602 uerbo
289 569 383 601 lubet
412 569 559 611 primam
581 570 768 612 particulae
794 573 920 605 etenim
942 573 1108 616 syllabam
1129 570 1281 614 potuisse
1305 580 1407 611 quam
1430 568 1579 600 additam
1602 568 1643 599 ab
1669 567 1809 598 librario
1836 578 1906 598 esse
1927 569 2053 608 pateat,

160 624 232 656 sine
255 621 465 653 dubitatione
488 622 644 654 Bauarici
666 623 834 665 scriptura
857 625 1052 667 recipienda
1075 630 1157 656 erat.
1201 622 1309 664 quue
1332 633 1371 652 eo
1397 621 1520 664 magis,
1552 633 1630 652 cum
1652 620 1689 652 in
1711 619 1852 662 reliquis
1875 618 1976 650 etiam
1998 617 2053 648 lo—

159 676 222 715 cis,
264 674 300 705 in
323 674 445 716 quibus
468 676 594 708 etenim
622 675 789 718 particula
811 687 831 708 a
854 677 1018 708 Cicerone
1039 675 1228 719 postposita
1257 674 1444 716 reperitur,
1489 675 1616 706 multos
1639 673 1769 705 codices
1792 673 1884 705 enim
1905 670 2053 703 scribere

157 728 346 761 uideamus.
393 727 476 759 Loci
497 727 535 759 hi
556 734 652 759 sunt:
677 728 730 759 De
752 728 805 759 Re
826 739 861 770 Ρ.
885 728 911 767 Ι,
935 738 966 759 2.
998 729 1097 768 Quae
1122 729 1249 760 etenim
1272 728 1418 758 istorum
1438 727 1550 759 oratio
1574 732 1647 758 tam
1669 726 1853 770 exquisita.
1874 736 1938 768 pro
1963 724 2051 755 Cae-

158 781 204 813 lio
227 781 292 819 ΙΙΙ,
318 780 348 812 6.
379 781 469 812 Sunt
491 781 617 813 etenim
639 781 708 811 ista
729 781 919 812 maledicta
938 782 1150 824 pericolgata
1173 781 1209 812 in
1233 780 1353 812 omnis.
1380 778 1421 810 de
1445 780 1576 810 Senect.
1601 779 1672 819 IX,
1697 790 1747 821 29.
1779 778 1977 810 lubidinosa
1999 780 2051 808 et-

159 835 250 868 enim
279 838 312 865 et
342 833 575 876 intemperans
603 833 850 865 adulescentia.
896 832 998 864 Adde
1030 833 1174 875 interpr.
1208 833 1286 864 Uat.
1317 832 1353 862 in
1383 832 1431 863 M.
1461 832 1557 863 Tulli
1589 843 1639 863 or.
1671 831 1787 865 Uatin.
1818 831 1857 862 C.
1888 829 1986 861 XIII.
2020 828 2051 860 5.

158 899 192 931 p.
227 886 298 918 184.
329 884 382 916 ed.
412 886 512 917 Mai-z
549 886 660 928 ipsius
697 886 822 916 etenim
857 885 996 917 Uatinii
1025 886 1119 928 lege,
1163 897 1268 928 quam
1298 885 1428 917 tulerat
1462 886 1499 917 in
1532 885 1713 917 tribunatu
1742 889 1824 922 etc.;
1859 881 1948 914 Iuris
1984 880 2049 911 ciu-

158 938 331 973 Anteiust.
354 937 518 979 reliquiae
541 936 594 968 ed.
618 936 664 968 A.
685 936 768 968 Mai.
790 948 825 979 Ρ.
850 948 880 979 9.
919 938 1016 969 Hinc
1039 938 1164 969 etenim
1187 937 1308 980 iurgia
1330 938 1442 969 multa
1466 943 1670 970 nascuntur.
1699 936 1782 967 ibid.
1804 947 1838 978 p.
1863 935 1915 967 65.
1942 933 2051 978 parui

159 991 285 1024 etenim
305 987 425 1032 refert.
455 1000 488 1031 p.
513 989 564 1020 66.
590 1000 658 1032 per
673 988 798 1032 filiam
819 991 963 1029 etenim,
997 1003 1085 1035 quae
1108 990 1322 1023 naturaliter
1344 1001 1449 1033 agros
1473 990 1640 1029 retinuit,
1674 989 1784 1033 spec-ie
1807 989 1917 1027 dotis,
1948 986 2049 1020 cuius

161 1055 270 1088 capax
284 1041 384 1086 fuit,
407 1040 560 1084 defends.

239 1094 337 1135 Quid
361 1106 438 1125 cum
468 1092 650 1136 Ufentina)
695 1095 773 1126 Hoc
797 1105 857 1136 ego
881 1106 958 1126 cum
983 1094 1116 1126 Orellio
1140 1106 1203 1137 pro
1227 1094 1363 1137 uolgata
1386 1094 1554 1138 scriptura
1583 1094 1768 1127 Ueientina
1798 1090 2050 1125 restituendum

155 1147 293 1192 putaui,
322 1151 499 1177 conmotus
522 1157 591 1177 non
614 1147 726 1178 solum
749 1146 904 1178 codicum
928 1139 1168 1190 optumornm,
1198 1148 1224 1178 B
1249 1154 1282 1178 et
1304 1148 1349 1186 E,
1384 1148 1600 1187 auctoritate,
1637 1147 1696 1189 qui
1718 1147 1753 1178 id
1777 1147 1891 1189 ipsum
1913 1144 2050 1183 habent,

155 1206 206 1233 set
228 1199 330 1231 etiam
351 1199 595 1241 plurrimorum
617 1199 786 1231 librorum
808 1199 957 1231 familiae
980 1200 1099 1231 tertiae
1127 1199 1314 1241 scriptura,
1359 1211 1443 1242 quae
1465 1211 1637 1242 proxume
1659 1199 1701 1230 ad
1730 1199 1912 1230 lectionem
1941 1196 2052 1240 Ufen-

158 1254 234 1286 tina
263 1251 408 1282 accedat.
452 1251 543 1281 Nam
572 1252 750 1292 zcientina,
790 1265 875 1295 quae
903 1254 1072 1296 scriptura
1101 1252 1137 1283 in
1166 1252 1297 1293 aliquot
1324 1252 1421 1284 bonis
1453 1252 1624 1284 codicibus
1655 1259 1719 1292 est,
1757 1257 1874 1295 aperte
1904 1256 1979 1282 orta
2007 1259 2051 1280 ex

157 1305 318 1350 ufentina
342 1309 406 1341 est,
430 1302 592 1346 litteras
607 1304 726 1335 librari
748 1306 960 1348 neglegentia
983 1307 1019 1338 iu
1042 1306 1056 1338 i
1078 1311 1215 1337 mutata.
1258 1305 1393 1336 Deinde
1417 1317 1458 1337 ex
1482 1306 1641 1338 nientina
1665 1311 1758 1336 ortae
1780 1310 1859 1336 suut
1882 1304 1946 1335 hae
1967 1301 2052 1334 scri-

154 1364 286 1402 pturae,
310 1357 475 1395 blentina,
499 1357 665 1395 mentina,
689 1362 722 1387 et
743 1359 930 1390 meritiria.
952 1359 1125 1400 „Lapides
1150 1357 1288 1399 quidem
1310 1357 1443 1400 antiqui
1465 1357 1645 1400 (Garatoni
1668 1357 1709 1388 ad
1733 1358 1808 1389 h.1.
1830 1357 1937 1388 uerba
1958 1355 2050 1397 sunt)

155 1410 280 1454 passim
304 1409 467 1447 offerunt,
493 1407 707 1451 Oufentina,
738 1416 789 1441 set
812 1410 846 1441 in
870 1411 952 1442 Mss.
984 1411 1153 1455 Ufentina
1176 1411 1277 1442 scribi
1300 1412 1427 1450 solere,
1458 1411 1526 1442 iam
1551 1409 1667 1442 docuit
1690 1410 1796 1441 Drak.
1821 1409 1863 1440 ad
1885 1409 1964 1441 Liu.
1985 1409 2050 1453 IX,

157 1466 261 1495 20..“
283 1480 326 1486 —
370 1463 531 1494 Ceterum
561 1461 669 1493 tribus
707 1462 910 1495 Ueienlinae
943 1475 1130 1505 numquam
1161 1464 1302 1494 omuino
1333 1464 1372 1495 ab
1403 1462 1550 1504 antiquis
1583 1462 1805 1505 scriptoribus
1840 1461 2051 1493 mentionem

158 1515 232 1547 fieri
254 1515 406 1553 memini,
431 1514 496 1544 nisi
520 1513 611 1555 quod
636 1515 703 1546 On.
720 1515 905 1547 Panuinius
930 1516 971 1546 de
994 1517 1068 1548 Ciu.
1094 1517 1195 1547 Rom.
1222 1517 1259 1548 C.
1283 1518 1326 1548 L.
1353 1516 1387 1547 in
1411 1515 1580 1558 lapidibus
1602 1514 1786 1546 memorari
1811 1526 1884 1546 eam
1907 1515 1964 1548 ait.

240 1569 337 1609 Quid
359 1580 436 1599 cnm
455 1567 694 1611 Crustumina)
731 1568 799 1599 On.
823 1569 1006 1600 Panuinius
1033 1569 1074 1600 de
1098 1570 1174 1601 Ciu.
1199 1570 1301 1600 Rom.
1327 1569 1364 1600 C.
1382 1570 1424 1600 L.
1449 1580 1482 1610 p.
1508 1569 1580 1610 267.
1608 1568 1712 1598 Thes.
1737 1568 1863 1600 Graeu.
1887 1569 1930 1599 T.
1953 1569 1981 1599 I.
2009 1567 2051 1598 de

157 1619 247 1652 tribu
272 1620 332 1650 hac
355 1621 496 1662 loquens
517 1627 654 1652 monet:
693 1621 832 1660 „Huius
857 1622 964 1653 tribus
983 1622 1072 1653 XIV
1089 1621 1325 1664 inscriptiones
1347 1620 1430 1660 uidi,
1455 1621 1489 1652 in
1507 1621 1628 1662 quibus
1651 1620 1757 1652 semel
1779 1626 1911 1652 tantum
1926 1619 2050 1660 CRU.,

155 1684 289 1715 semper
312 1684 394 1704 nero
418 1673 475 1703 uel
497 1672 556 1704 CL
567 1673 609 1705 U.
640 1674 696 1704 uel
719 1673 779 1705 CL
789 1674 892 1706 UST.
923 1680 1100 1705 exaratum
1124 1679 1238 1705 erat.“
1284 1675 1356 1716 Ego
1381 1685 1441 1704 cur
1465 1673 1705 1711 nihilominus,
1741 1684 1947 1715 quamquam
1968 1673 2050 1715 plu-

153 1725 245 1756 rumi
274 1726 354 1756 libri
380 1726 435 1756 hic
464 1736 600 1767 quoque
624 1725 850 1759 'Clustumina
872 1727 1044 1767 scribunt,
1081 1728 1256 1769 uolgatum
1284 1726 1503 1766 retinuerim,
1544 1726 1581 1757 in
1612 1726 1700 1757 libro
1731 1725 1773 1757 de
1805 1724 2048 1768 orthographia

156 1778 212 1809 lat.
236 1779 392 1820 exposui.

239 1831 429 1870 silaei-iani)
468 1830 566 1861 Hanc
588 1831 777 1863 necessario
803 1832 1047 1863 restituendam
1070 1832 1273 1874 scripturam
1295 1829 1399 1862 fuisse
1427 1832 1483 1862 uel
1516 1831 1543 1863 is
1570 1830 1760 1874 intelleget,
1804 1830 1862 1872 qui
1893 1829 2048 1862 codicum

154 1882 356 1925 scripturas,
390 1894 470 1925 quas
495 1883 573 1914 uide
596 1883 630 1914 in
655 1890 819 1926 apparatu
844 1885 977 1923 critico,
1010 1884 1268 1916 examinauerit.
1313 1884 1435 1925 Neque
1459 1895 1542 1914 uero
1568 1885 1736 1922 illeliam,
1766 1884 1856 1926 quod
1879 1883 2049 1916 Graeuius

154 1935 279 1977 aliique
301 1936 527 1978 scripserunt,
556 1942 607 1967 set
630 1938 805 1969 Illaec-iam
828 1949 944 1968 ueram
968 1937 1171 1980 scripturam
1193 1947 1279 1973 esse,
1315 1947 1358 1967 ex
1381 1936 1528 1978 antiquis
1552 1936 1846 1976 inscriptionibus,
1873 1943 1913 1968 ut
1935 1935 2050 1968 moni-

154 1993 229 2019 tum
250 1987 317 2018 iam
337 1999 356 2018 a
378 1989 613 2028 Garatoniost‚
646 1990 786 2020 indubie
812 1990 927 2021 docuit
952 1990 1126 2022 Manutius
1149 1989 1191 2019 ad
1214 1989 1311 2021 VIII.
1335 1988 1377 2018 ad
1401 1988 1482 2019 Diu.
1508 1988 1556 2027 8.,
1586 2000 1697 2030 neque
1719 1989 1818 2020 aliter
1840 1989 1914 2032 ipse
1937 1990 2049 2021 Grae-

155 2039 229 2071 uius
254 2039 361 2070 edidit
386 2041 502 2073 multis
528 2053 570 2073 ex
593 2042 690 2073 libris
715 2043 777 2074 IV.
800 2043 841 2073 ad
866 2044 940 2075 Au.
964 2044 1011 2082 5.‚
1046 2042 1182 2074 fauente
1206 2041 1306 2072 etiam
1332 2041 1438 2072 Drak.
1462 2040 1498 2071 in
1522 2040 1643 2080 Liuio,
1679 2041 1833 2083 quamuis
1857 2048 1934 2073 ante
1955 2042 2047 2074 hunc

153 2091 342 2123 'sori-euius
364 2093 405 2124 ad
425 2094 501 2126 Ual.
524 2094 620 2125 Max.
644 2095 692 2133 ΙΙ,
718 2105 755 2136 9,
781 2096 810 2126 6.
842 2107 960 2126 ueram
983 2095 1187 2137 scripturam
1213 2093 1427 2125 contenderit
1450 2104 1536 2131 esse,
1561 2095 1713 2134 Moecia,
1743 2094 1855 2126 nescio
1879 2107 1962 2137 quos
1986 2106 2047 2126 au-

153 2151 261 2176 ctores
289 2151 433 2176 secutus.
478 2147 664 2178 Nobiscum
695 2148 862 2178 consentit
895 2148 994 2179 etiam
1023 2147 1237 2188 Dausqueius
1268 2147 1303 2178 in
1337 2146 1522 2187 Orthogr.,
1556 2152 1658 2188 atque
1687 2147 1845 2178 similiter
1875 2148 2046 2186 Maecius,

154 2198 357 2236 Maecilius,
393 2199 608 2231 Maecianus.
653 2198 724 2231 Cfr.
755 2200 856 2230 etiam
887 2200 955 2231 On.
988 2201 1171 2231 Panuinius
1202 2200 1243 2230 de
1276 2200 1351 2231 Ciu.
1382 2199 1484 2230 Rom.
1516 2199 1539 2229 l.
1563 2199 1585 2230 l.
1617 2211 1650 2242 p.
1676 2200 1766 2232 282..
1813 2201 1975 2231 Ceterum
2004 2199 2046 2230 de

153 2249 337 2291 scriptura,
365 2262 465 2292 quam
488 2251 662 2284 Manutius
685 2253 814 2295 posuit,
847 2254 988 2285 tertiam
1009 2264 1072 2296 pro
1096 2253 1271 2285 Maeciam
1292 2251 1372 2282 uide
1397 2262 1481 2292 quae
1505 2251 1637 2294 Proleg.
1660 2253 1702 2284 L.
1726 2253 1785 2283 III.
1815 2253 1852 2284 C.
1873 2253 1934 2283 ΙΙΙ.
1959 2253 1989 2294 §.
2013 2252 2044 2284 3.

152 2312 186 2344 p.
208 2303 384 2334 LXXVII
407 2315 456 2345 sq.
481 2303 565 2334 dixi.

237 2354 335 2386 Nam
357 2356 532 2388 aneciam
554 2368 621 2388 non
646 2369 733 2399 qnae
755 2358 944 2396 iudicaret,
970 2365 1022 2392 set
1043 2371 1130 2403 quae
1153 2359 1357 2396 reiteretur,
1390 2369 1461 2389 esse
1487 2358 1645 2399 uoluisti)
1690 2358 1795 2390 Recte
1825 2358 2042 2397 Garatonius‚

151 2405 245 2436 cuius
268 2407 310 2436 ad
332 2408 421 2438 hunc
444 2409 557 2439 locum
581 2415 696 2440 notam
719 2409 754 2440 in
778 2410 910 2451 Proleg.
937 2422 971 2452 p.
996 2412 1202 2444 LXXVIII.
1226 2410 1418 2452 posuimus,
1452 2417 1634 2453 propterea
1663 2412 1852 2454 sperauisse
1873 2413 2042 2444 Lateren-

1565 2465 1627 2495 28*
