2185 2720
710 171 941 201 RERUM
977 171 1055 200 ET
1096 170 1482 200 UERBORUM.
1973 185 2024 211 251

169 248 373 288 Interpolatio
407 254 474 278 orta
507 258 546 277 ex
581 258 678 287 praua
709 247 964 286 interpunctione
990 245 1064 275 LX.

244 296 296 325 164
322 306 365 334 sq.
397 306 457 329 170.
479 295 732 334 interpolationis
760 294 968 335 suspicionem
988 302 1065 332 quae

243 344 329 372 codd.
351 344 520 382 scripturae
540 353 666 371 mouere
686 343 817 371 debeant
845 351 982 380 quaeque
1002 350 1065 369 non

243 392 375 420 debeant
402 390 522 418 XXIX
548 400 610 428 sqq.
638 390 703 419 cius
723 389 929 420 remouendae
951 388 1067 427 duplex

242 439 445 478 potissumum
465 437 544 466 ratio
561 438 692 467 XXIX.

170 487 384 526 Intcrpunctio
420 495 516 524 praua
548 495 653 515 caussa
685 484 962 524 interpolatiouum
991 483 1065 513 LX.

246 534 299 562 164
317 544 361 572 sq.
384 542 445 569 170.

168 582 278 610 Inuidi
299 581 492 610 substantiae
515 581 576 610 155.

167 630 239 666 Ipse
264 638 437 666 pronomen
464 633 554 666 auget
581 627 739 656 interdum
765 627 993 666 oppositionem
1021 627 1066 656 65.

242 675 406 704 transitum
433 676 508 705 facit
527 675 571 705 68.
591 675 795 714 praeponitur
814 675 970 704 interdum
990 685 1067 714 pro-

243 723 364 751 nomini
383 724 540 762 personali
562 725 614 759 157
634 733 678 762 sq.

170 771 237 799 lter
250 777 358 808 petere
376 773 430 809 237
447 782 491 810 sq.

170 818 269 846 Iudex
288 828 401 847 nomen
420 830 484 847 non
503 824 607 858 potest
626 818 802 847 conlectiue
832 816 976 856 usurpari
1006 816 1067 845 134.

169 866 293 895 Iudices
312 867 530 895 discernuntur
558 877 575 895 a
593 871 701 895 senatu
720 871 751 894 et
770 866 887 904 populo
915 865 1006 893 Rom.
1033 863 1070 892 66

244 924 288 953 sq.
315 918 359 953 98.
387 914 525 942 iudicum
550 914 670 942 notatio
697 913 796 952 qualis
823 912 920 942 fucrit
945 911 1068 940 LXIII.

243 962 382 991 iudicum
408 962 598 990 alternorum
622 961 753 990 reiectio
783 970 823 989 ex
847 960 915 998 lege
940 958 1069 987 Uatinia

246 1018 308 1038 120.
328 1010 447 1038 iudices
467 1014 498 1038 et
518 1010 663 1037 uidelicet
684 1013 860 1047 permutata
887 1008 948 1037 185.
976 1007 1069 1036 iudex

243 1058 346 1085 inicus
365 1056 464 1094 qualis
483 1056 525 1085 sit
543 1057 588 1086 65.

170 1103 291 1132 Iudices
319 1104 439 1132 editicii
467 1103 520 1142 qui
551 1103 671 1133 fuerint
696 1103 871 1132 LXXVII.
906 1103 977 1132 coll.
1008 1112 1068 1141 119.

244 1160 307 1189 127.
327 1151 409 1180 unde
429 1156 461 1180 et
474 1152 627 1190 quomodo
648 1152 741 1180 electi
760 1151 878 1181 suerint
893 1149 1067 1180 LXXVII.

244 1199 279 1228 in
298 1210 359 1238 quo
379 1199 500 1228 iudicio
519 1199 728 1229 iudicauerint
747 1199 823 1229 ibid.

170 1246 223 1276 Ius
243 1246 366 1285 suffragi
385 1247 651 1285 praefecturarum
669 1251 715 1287 89.

170 1294 350 1330 quentius,
374 1295 494 1334 primus
514 1296 552 1325 de
570 1297 663 1335 plebe
682 1295 790 1325 aedilis
811 1294 928 1324 curulis
951 1293 1012 1324 156.

172 1341 352 1372 quentatis
372 1343 511 1382 conlegia
529 1353 587 1383 per
605 1343 776 1383 municipia
799 1344 861 1373 105.

600 1393 638 1422 L.

172 1436 202 1464 L
222 1441 254 1466 et
272 1437 295 1466 Ι
307 1435 433 1467 litterae
452 1443 645 1478 permutatae
666 1449 710 1477 77.

173 1483 339 1514 Labicana
359 1491 390 1515 et
409 1487 578 1516 Lauicana
597 1487 777 1524 (uicinitas)
796 1496 841 1525 92.

170 1533 368 1562 Lacr-amula
387 1533 463 1572 quid
482 1534 635 1572 significet
656 1544 717 1574 192.

169 1579 284 1608 Lamia.
303 1580 355 1609 De
376 1581 441 1610 eius
460 1582 662 1621 praenomine
682 1587 714 1611 et
729 1582 855 1613 nomine
874 1582 984 1622 gentili
1005 1591 1068 1621 219.

169 1628 365 1665 Laterensis,
384 1635 557 1659 accussator
575 1631 695 1667 Planci,
713 1632 844 1660 fortasse
863 1630 961 1660 tribui
981 1631 1069 1659 Mae-

242 1675 309 1705 ciae
338 1682 403 1706 erat
431 1678 605 1717 adscriptus
635 1680 696 1708 124.
722 1679 851 1718 plenum
871 1679 937 1707 eius
956 1687 1069 1706 nomen

237 1733 261 1760 ‚e
271 1723 398 1752 Uelleio
418 1725 463 1754 84.
484 1725 606 1764 quando
628 1727 768 1765 coeperit
786 1727 978 1756 tribunatum
998 1725 1068 1764 ple-

242 1770 292 1799 bis
319 1777 426 1809 petere
453 1771 498 1808 76.
526 1773 588 1802 146.
625 1779 770 1812 quaestor
787 1774 850 1803 fuit
869 1773 1002 1812 Cyrenis
1023 1772 1067 1809 76.

243 1818 353 1846 acerbe
372 1819 529 1849 inridetur
547 1831 564 1850 a
587 1821 739 1851 Cicerone
761 1821 823 1851 166.
844 1828 875 1852 et
894 1820 1068 1860 reprehen-

244 1865 330 1895 ditur
350 1877 366 1895 a
386 1868 431 1896 M.
452 1867 560 1897 Caelio
579 1869 654 1897 ibid.

167 1914 257 1943 Laus
275 1915 451 1944 aedilitatis
473 1925 525 1954 199
545 1927 589 1955 sq.

167 1962 354 2001 Legationes
379 1965 492 1992 reicere
521 1973 582 1994 111.
613 1966 799 2003 Legationes
825 1969 1005 2004 corruptum
1032 1965 1067 1994 in

241 2010 375 2048 legiones
394 2011 473 2040 XX.

168 2058 284 2095 Legem
307 2060 434 2088 sciscere
465 2062 526 2090 118.
557 2060 656 2100 legem
681 2060 847 2090 sciscentes
874 2069 891 2088 a
917 2069 977 2098 quo
1003 2058 1066 2087 sint

244 2104 337 2133 electi
356 2105 431 2135 ibid.

168 2153 276 2190 Leges.
314 2152 415 2191 Leges
440 2154 574 2183 ambitus
592 2155 657 2184 204.
686 2155 738 2184 lex
765 2155 906 2183 censoria
927 2164 987 2192 117.
1014 2154 1067 2183 lex

244 2200 378 2230 Gabinia
407 2210 469 2232 111.
503 2202 584 2231 Iulia
610 2202 662 2242 (de
695 2214 769 2242 agro
797 2203 952 2242 Campano
982 2203 1067 2232 diui-

242 2248 365 2285 dundo)
383 2248 445 2278 146.
464 2249 598 2279 Licinia.
619 2250 692 2280 Uid.
710 2253 778 2281 Lex
797 2253 935 2281 Licinia.
958 2252 1066 2280 Serui-

240 2296 284 2325 lia
312 2306 374 2333 127.
403 2307 464 2336 129.
495 2300 556 2328 130.
585 2299 767 2338 Sempronia
793 2299 848 2336 (de
876 2300 1066 2338 publicanis)

243 2347 302 2375 108.
312 2345 382 2373 coll.
402 2354 463 2382 117.
480 2346 585 2376 Tullia
600 2347 636 2375 de
653 2347 771 2376 ambitu
786 2348 850 2377 204.
867 2348 992 2378 Uatinia
1004 2358 1065 2378 120.

167 2393 265 2430 Leges
283 2393 446 2421 incendere
465 2394 527 2423 235.

165 2440 286 2478 Legum
304 2441 482 2469 incendium
501 2443 567 2471 235.

168 2487 237 2515 Lex
258 2487 381 2515 Licinia
401 2488 439 2516 de
459 2489 614 2520 sodaliciis
634 2493 764 2521 LXXII
791 2504 853 2533 sqq.
885 2497 945 2525 118.
967 2495 1026 2524 lata
1048 2507 1062 2524 a

1196 246 1240 275 M.
1261 245 1388 273 Licinio
1417 246 1527 275 Crasso
1554 247 1594 276 II.
1623 258 1684 277 cos.
1714 248 1869 280 LXXIII.
1898 259 2023 282 auctore

1197 297 1306 321 senatu
1325 293 1466 321 LXXV.
1493 302 1553 322 120.
1589 296 1664 334 quid
1691 307 1726 325 ea
1751 297 1901 326 sancitum
1927 299 2023 327 fucrit

1200 340 1358 368 LXXVI.
1375 341 1494 378 qualem
1506 352 1635 380 poenam
1651 345 1848 374 constituerit
1864 346 1895 373 in
1909 347 2023 374 sodali-

1201 388 1320 416 ciorum
1334 398 1403 416 reos
1418 389 1568 417 LXXIX
1578 401 1621 429 sq.
1640 402 1699 430 qua
1711 402 1746 421 re
1761 404 1778 421 a
1794 393 1906 421 ceteris
1924 394 2022 421 anibi-

1199 441 1249 464 tus
1275 435 1394 474 legibus
1428 436 1611 476 discreparit
1638 440 1787 469 LXXIV
1820 451 1884 479 sqq.
1914 451 1948 469 ea
1976 441 2023 469 bis

1199 488 1344 523 poterant
1369 484 1521 521 postulari
1550 486 1602 523 qui
1622 486 1774 517 honorem
1794 488 2024 517 adfectauerant

1200 531 1342 560 LXXV.

1124 579 1219 610 Liber
1239 584 1270 607 et
1289 580 1407 608 solutus
1427 587 1517 616 saepe
1537 578 1638 618 iungit
1659 580 1770 610 Cicero
1793 583 1852 612 184.

1123 627 1281 657 Liberalis
1301 626 1500 663 mancipibus
1526 636 1587 663 172.

1122 675 1266 705 Licinius
1286 674 1412 702 Crassus
1433 674 1530 712 legem
1551 674 1626 704 tulit
1646 675 1683 703 de
1704 676 1860 707 sodaliciis
1887 679 1926 707 ll.
1948 689 2024 708 con-

1198 722 1247 750 sul
1266 721 1424 750 LXXIII.
1460 727 1491 751 et
1517 722 1616 761 pluris
1656 724 1730 753 alias
1758 725 1796 754 ad
1822 727 2026 755 coercendum

1200 768 1349 798 ambitum
1369 768 1442 798 ibid.
1463 770 1588 799 comitia
1607 770 1722 800 habere
1742 773 1863 811 coepit⁷
1902 774 1933 801 111
1954 775 2025 812 qui-

1200 818 1258 846 bus
1281 815 1425 845 Plancius
1445 817 1554 845 aedilis
1574 818 1674 847 factus
1695 824 1742 848 est
1761 821 1887 849 LXIX.
1911 822 1963 850 140
1982 833 2025 861 sq.

1127 867 1271 895 Lictores
1292 869 1436 904 quaestor
1455 865 1488 893 in
1508 866 1585 894 urbe
1604 876 1668 895 uon
1687 866 1820 897 habebat
1838 870 1901 898 242.

1128 914 1269 942 Litterae
1289 917 1320 940 et
1340 920 1538 941 monumenta
1563 923 1653 952 saepe
1679 925 1696 943 a
1719 916 1870 945 Cicerone
1894 918 2026 947 coniun-

1202 964 1316 997 guntur
1341 959 1405 987 234.
1444 961 1568 989 litterae
1590 963 1729 1000 produnt
1756 972 1955 994 monumenta
1988 977 2025 994 an

1203 1006 1305 1045 possit
1324 1012 1409 1035 recte
1430 1006 1492 1035 dici
1511 1009 1575 1037 234.

1128 1054 1230 1083 Locus
1257 1054 1434 1083 consularis
1469 1059 1500 1083 et
1531 1057 1550 1085 l.
1572 1060 1769 1095 praetorius,
1806 1060 1982 1090 locutiones
2011 1073 2028 1090 a

1204 1103 1293 1130 Rom.
1313 1111 1376 1130 non
1395 1107 1558 1141 usurpatae
1578 1114 1615 1133 eo
1635 1116 1725 1135 sensu
1747 1118 1806 1146 quo
1827 1111 1910 1138 locus
1938 1121 2027 1149 eque-

1205 1155 1267 1178 ster
1288 1149 1404 1178 dicitur
1423 1150 1494 1178 LV.

1125 1197 1280 1225 Lubrieus
1300 1197 1375 1235 quid
1395 1197 1548 1235 significet
1568 1199 1612 1228 65.

1126 1245 1213 1276 Lucii
1234 1246 1348 1282 parati
1368 1255 1412 1282 77.
1445 1246 1514 1274 lucli
1540 1246 1573 1274 in
1601 1247 1688 1276 codd.
1717 1256 1896 1289 corruptum
1922 1253 1955 1282 in
1975 1256 2026 1282 iu-

1201 1294 1284 1321 dices
1303 1302 1348 1329 77.
1376 1292 1409 1320 iu
1429 1293 1511 1321 locos
1528 1295 1592 1323 203.

1127 1340 1272 1370 Lutatius
1293 1339 1436 1376 Catulus,
1457 1340 1513 1377 Q.,
1538 1342 1696 1381 triplicem
1717 1344 1751 1373 in
1772 1348 1949 1377 consulatus
1969 1360 2026 1388 pc-

1200 1388 1313 1417 titione
1333 1387 1487 1426 repulsam
1507 1389 1582 1418 tulit
1602 1393 1646 1428 75.
1670 1393 1796 1423 taudem
1817 1404 1885 1424 cum
1906 1396 1940 1425 C.
1956 1398 2025 1426 Ma-

1201 1435 1250 1465 rio
1271 1436 1380 1464 consul
1399 1436 1498 1466 sactus
1518 1437 1593 1466 ibid.

1553 1486 1598 1514 M.

1126 1541 1255 1569 Maecia
1274 1524 1374 1570 trib'us
1404 1542 1464 1571 123.
1504 1542 1541 1570 de
1568 1543 1721 1583 scriptura
1747 1556 1776 1574 u.
1802 1547 1930 1575 Maecia
1950 1546 2024 1575 ibid.

1127 1588 1230 1617 Malla·
1262 1595 1292 1618 et
1313 1590 1436 1618 Manlii
1463 1590 1507 1626 73.
1530 1591 1575 1628 75.

1126 1635 1253 1664 Mallius
1272 1637 1453 1673 Maxumus,
1480 1639 1587 1667 consul
1608 1641 1652 1676 75.

1126 1682 1293 1720 Mancipes
1327 1687 1380 1724 qui
1407 1687 1470 1715 sint
1500 1697 1561 1725 172.
1604 1691 1762 1727 mancipes
1796 1694 1827 1718 et
1853 1692 2024 1728 municipes

1199 1731 1322 1759 confusi
1343 1734 1418 1762 ibic]-

1125 1778 1284 1807 Marianae
1304 1780 1525 1820 inscriptiones
1545 1782 1656 1812 XCIII
1679 1794 1744 1822 sqq.

1124 1826 1258 1863 Marius,
1285 1827 1338 1866 C.‚
1366 1829 1504 1859 deiectus
1530 1831 1689 1860 aedilitate
1715 1832 1819 1860 curuli
1846 1838 1878 1861 ct
1902 1833 2024 1872 plebeia

1201 1875 1255 1905 144
1275 1886 1318 1914 sq.
1345 1876 1393 1905 bis
1413 1877 1622 1916 triumphauit
1644 1879 1704 1908 163.
1728 1879 1879 1918 templum
1899 1881 2025 1910 Honori

1199 1927 1231 1951 et
1244 1922 1365 1953 Uirtuti
1381 1926 1575 1955 consecrauit
1592 1926 1669 1955 XCI
1684 1936 1727 1965 sq.
1756 1927 1794 1955 de
1811 1928 1877 1957 eius
1893 1929 1964 1967 fuga
1979 1939 2024 1968 97.

1197 1971 1343 2010 frequens
1358 1978 1390 2002 et
1404 1973 1578 2002 honorifica
1592 1974 1657 2002 eius
1677 1979 1751 2013 aput
1762 1975 1827 2005 Cic.
1846 1977 1963 2006 mentio
1978 1988 2023 2016 97.

1123 2018 1318 2048 Mausoleum
1336 2020 1471 2059 Augusti
1491 2022 1595 2051 XCV.

1123 2067 1234 2097 Melita
1254 2074 1400 2106 quantum
1421 2069 1514 2098 distet
1534 2070 1571 2098 ab
1592 2069 1681 2099 ltalia
1702 2071 1767 2110 239.

1125 2115 1310 2144 Meminisse
1331 2121 1362 2145 et
1381 2118 1540 2146 recordari
1563 2120 1624 2148 181.

1125 2162 1331 2191 Mendacium
1351 2166 1385 2192 in
1405 2166 1568 2194 maledicto
1587 2168 1769 2203 inpunitum
1791 2169 1851 2197 105.

1124 2211 1272 2239 Metellus
1293 2211 1434 2240 Creticus
1454 2222 1499 2250 99.
1520 2212 1706 2243 Numidicus
1724 2216 1789 2244 225.
1808 2215 1865 2246 226
1884 2226 1928 2254 sq.

1124 2259 1252 2287 Mittere
1272 2261 1307 2287 in
1327 2270 1435 2296 operas
1458 2262 1518 2299 139.

1123 2305 1283 2334 Modestia
1303 2308 1500 2336 inimieorum
1522 2309 1583 2338 184.

1123 2355 1236 2383 Moliri
1255 2357 1289 2383 in
1309 2366 1342 2383 re
1356 2365 1389 2392 p.
1409 2354 1454 2393 (in
1473 2365 1537 2384 rem
1558 2355 1602 2395 p.)
1624 2357 1686 2385 114.

1124 2403 1287 2431 Montosns
1307 2407 1338 2432 et
1357 2409 1535 2431 montuosus
1554 2413 1592 2442 9ο
1610 2415 1653 2443 sq.

1123 2449 1364 2478 .7I02m111enmm
1384 2451 1446 2479 234.
1475 2459 1673 2481 monumenta
1699 2454 1735 2482 cle
1754 2456 1834 2483 uiris
1852 2464 1909 2493 pro
1932 2455 2020 2483 libris

1199 2508 1233 2525 nn
1264 2498 1323 2526 dici
1351 2500 1450 2537 possit
1476 2501 1538 2529 234.
1575 2509 1771 2532 monumenta
1798 2507 1828 2532 et
1854 2504 1978 2531 litterae
2004 2513 2020 2530 a

1550 2560 1563 2580 4
1576 2563 1583 2580 1
1595 2551 1608 2563 *
