2185 2720
683 151 785 180 PRO
812 150 885 180 CN.
921 148 1167 180 PLANCIO.
1195 148 1300 178 CAP.
1326 148 1384 179 ΙΠ,
1404 148 1463 178 IV.
1997 159 2015 185 5

131 227 251 260 teritus
273 238 344 259 non
367 231 427 258 est.
471 226 562 258 Nam
585 225 614 258 si
635 225 683 258 ita
706 233 809 268 esset,
840 226 930 269 quod
954 231 1067 269 patres
1090 230 1173 267 aput
1194 223 1340 256 maiores
1363 230 1497 256 nostros
1520 229 1637 256 tenere
1659 235 1729 255 non
1750 230 1953 267 potuerunt,
1978 233 2018 259 ut

129 280 392 323 reprehensores
419 285 530 310 essent
552 280 781 320 comitiorum,
806 279 841 311 id
857 280 1022 312 haberent
1044 278 1190 318 iudices3
1213 278 1271 309 uel
1295 278 1384 320 quod
1409 277 1518 308 multo
1540 277 1641 309 etiam
1657 277 1770 310 minus
1793 284 1879 309 esset
1901 277 2018 310 feren-

130 331 230 365 dum:
261 339 335 364 tum
366 333 459 364 enim
485 333 722 375 magistratum
750 345 819 365 non
843 333 980 376 gerebat
1000 331 1047 371 is,
1080 331 1139 374 qui
1161 337 1314 374 ceperat,
1345 331 1374 362 si
1395 336 1508 373 patres
1531 337 1684 363 auctores
1706 343 1777 362 non
1800 337 1896 363 erant
1918 331 2015 372 facti3

128 397 220 417 nunc
248 386 441 428 postulatur
468 398 489 418 a
520 387 638 428 uobis,
674 393 714 419 ut
750 385 822 418 eius
852 385 974 427 exilio,
1012 384 1072 429 qui
1107 391 1239 417 creatus
1272 385 1332 426 sit,
1373 382 1540 418 iudicium
1569 384 1691 427 populi
1717 383 1868 416 Romani
1896 395 2017 428 repre-

130 438 298 470 hendatis.

216 515 335 558 Itaque
362 528 570 560 quamquam
595 529 660 559 qua
681 516 778 550 nolui
801 517 901 549 ianua
923 527 999 548 sum
1021 516 1192 558 ingressus
1216 513 1250 546 in
1277 525 1443 554 caussam,
1467 525 1604 557 sperare
1625 514 1761 555 uideor,
1785 521 1918 547 tantum
1943 515 2020 547 afu-

132 574 244 600 turam
266 580 336 601 esse
359 569 550 602 orationem
573 582 685 602 meam
707 582 726 602 a
747 571 901 602 minuma
921 570 1113 613 suspicione
1132 568 1328 600 offensionis
1352 574 1438 607 tuae,
1462 574 1496 599 te
1516 573 1555 598 ut
1576 568 1691 610 potius
1718 569 1904 610 obiurgem,
1929 568 2021 611 quod

130 621 260 653 inicum
294 622 331 653 in
367 622 551 655 discrimen
584 623 729 655 adducas
767 622 967 666 dignitatem
1002 629 1114 664 tuam,
1157 633 1259 665 quam
1293 628 1333 654 ut
1365 632 1427 664 ego
1464 632 1538 652 eam
1573 620 1646 652 ulla
1682 621 1888 652 contumelia
1919 633 2021 654 coner

132 673 318 717 adtingere.

215 752 279 785 IV.
325 754 380 785 Tu
404 753 666 794 continentiam,
689 760 728 786 tu
750 753 971 793 industriam,
994 759 1030 784 tu
1053 751 1204 784 animum
1228 752 1264 784 in
1286 764 1360 785 rem
1382 751 1572 796 publicam,
1595 757 1634 783 tu
1655 745 1836 792 uirtutem,
1860 758 1898 784 tu
1919 752 2048 784 inno-9

133 805 290 845 centiam,
314 812 351 837 tu
375 806 488 846 fidem,
510 813 548 838 tu
571 807 703 839 labores
727 814 814 846 tuos,
841 806 930 849 quod
955 806 1073 838 aedilis
1095 818 1164 838 non
1187 805 1231 838 sis
1254 805 1372 845 factus,
1396 805 1519 837 fractos
1544 817 1615 837 esse
1637 811 1670 836 et
1691 805 1838 837 abiectos
1861 811 1894 837 et
1916 818 2022 849 repu-

133 858 240 890 diatos
262 861 384 902 putas?
409 860 499 892 Uide
522 861 676 900 tandem,
701 859 913 899 Laterensis,
937 866 1104 902 quantum
1127 870 1187 902 ego
1211 870 1230 890 a
1252 864 1285 890 te
1309 858 1515 890 dissentiam.
1561 860 1598 891 Si
1626 858 1758 890 medius
1782 858 1881 890 fidius
1906 857 2022 890 decem

131 912 197 944 soli
222 919 333 944 essent
354 912 391 943 in
414 913 551 944 ciuitate
573 913 641 943 uiri
664 912 761 952 boni,
792 913 976 956 sapientes,
1005 912 1103 952 iusti,
1129 924 1267 955 graues,
1299 912 1358 954 qui
1380 917 1414 943 te
1436 912 1617 955 indignum
1640 911 1812 942 aedilitate
1839 911 2025 944 iudicauis-

131 971 225 1005 sent,
248 965 384 1007 grauius
410 965 450 996 de
469 971 500 996 te
522 965 710 996 iudicatum
731 972 908 1008 putarem,
934 977 1034 1008 quam
1059 972 1109 997 est
1131 967 1211 1005 hoc,
1237 965 1329 1008 quod
1352 971 1390 997 tu
1412 966 1551 1005 metuis,
1578 977 1622 997 ne
1644 977 1663 996 a
1684 964 1813 1007 populo
1837 963 2023 996 iudicatum

136 1029 207 1049 esse
229 1018 398 1049 uideatur.
430 1018 512 1049 Non
536 1018 627 1049 enim
650 1018 796 1049 comitiis
820 1018 947 1050 iudicat
969 1030 1104 1060 semper
1125 1020 1284 1062 populus,
1307 1025 1357 1050 set
1378 1024 1539 1050 mouetur
1560 1019 1765 1061 plerumque
1788 1017 1911 1059 gratia3
1935 1018 2025 1049 cedit

131 1070 308 1113 precibusg
331 1069 411 1101 facit
435 1082 508 1109 eos,
533 1082 553 1101 a
576 1070 697 1112 quibus
719 1077 768 1102 est
790 1083 952 1102 maxume
974 1071 1140 1110 ambitus3
1165 1071 1312 1113 denique
1336 1070 1468 1102 etiamsi
1491 1071 1633 1110 iudicat,
1658 1082 1728 1102 non
1753 1069 1885 1101 delectu
1909 1070 2023 1113 aliquo

133 1128 193 1154 aut
223 1122 389 1166 sapientia
418 1122 556 1155 ducitur
581 1122 624 1154 ad
661 1123 900 1165 iudicandum,
937 1129 990 1155 set
1017 1123 1137 1167 inpetu
1163 1135 1424 1166 nonnumquam
1451 1129 1484 1155 et
1514 1123 1659 1166 quadam
1688 1122 1791 1154 etiam
1821 1123 2023 1156 teme-ritate,

213 1292 265 1322 uel
286 1280 386 1332 quod)
405 1294 462 1323 Mb
482 1294 519 1323 id
538 1293 590 1322 uel
608 1292 706 1331 qaod,
732 1291 819 1322 Uict.
840 1302 858 1321 a
876 1293 914 1321 id
929 1293 983 1322 uel
1005 1293 1094 1332 quod.
1111 1307 1151 1315 —-
1169 1293 1268 1323 multo
1290 1292 1383 1322 etiam
1402 1291 1523 1330 minus)
1543 1292 1587 1321 Pa
1606 1294 1702 1321 etiam
1721 1293 1818 1321 mallo
1838 1294 1952 1329 minus,
1972 1292 2029 1329 Pb,

137 1353 198 1388 Pe,
217 1352 265 1388 D,
285 1357 317 1380 et
338 1352 366 1380 O
388 1354 485 1381 multo
505 1355 610 1381 minus
630 1354 744 1387 etiam,
776 1362 811 1380 ου
831 1352 931 1380 multo
952 1353 1066 1380 minus,
1085 1365 1123 1373 ·-
1143 1351 1233 1388 esset)
1263 1351 1315 1379 Sic
1334 1351 1376 1387 B,
1404 1351 1448 1386 E,
1475 1351 1548 1385 Mb,
1578 1356 1609 1379 et
1636 1350 1720 1380 Uict.
1742 1361 1774 1387 a3
1801 1350 1899 1379 ceteri
1920 1357 1972 1380 est.
1991 1365 2029 1373 -

136 1399 312 1437 serendum)
334 1401 359 1429 C
379 1400 590 1438 referendum.
607 1413 647 1421 ——
666 1398 743 1436 tum)
764 1399 809 1427 Pb
831 1409 911 1432 cum,
931 1409 950 1430 ς
969 1405 1067 1428 tuum.
1086 1415 1126 1421 —-·
1144 1399 1288 1438 gerebat)
1308 1399 1356 1426 La
1371 1409 1440 1426 cum
1461 1398 1500 1435 gl.
1512 1397 1651 1435 ferebat,
1672 1399 1718 1427 Lc
1739 1403 1771 1426 et
1789 1399 2031 1436 23serebat.—-

137 1449 243 1485 eraut)
263 1449 309 1487 23
329 1453 436 1476 essent.
454 1461 494 1468 ——
511 1448 706 1486 postulatur)
727 1448 773 1485 χῖ)
793 1448 874 1474 enim
889 1447 1081 1484 postulatus.
1099 1462 1138 1470 —·
1157 1447 1241 1484 eius)
1265 1448 1320 1476 Ma
1339 1452 1371 1475 et
1389 1447 1432 1475 Pa
1453 1456 1511 1474 0111.
1529 1461 1568 1467 --
1588 1447 1702 1484 exilio)
1722 1447 1770 1475 La
1790 1456 1859 1474 cum
1878 1446 1916 1484 gl.
1936 1449 2030 1475 auxi-

139 1519 200 1555 lio,
218 1519 274 1547 Mb
295 1502 432 1562 qiaxilio,
451 1518 520 1555 Lb,
538 1519 589 1554 H,
609 1523 641 1546 et
659 1525 687 1556 ψ
706 1518 835 1553 auxilio,
854 1522 902 1546 set
920 1517 970 1545 Lb
990 1517 1024 1545 in
1043 1528 1137 1557 marg.
1158 1520 1248 1548 exilio
1268 1517 1370 1546 habet.
1387 1532 1428 1539 —-
1445 1516 1504 1554 sit)
1524 1517 1568 1546 Pa
1587 1528 1646 1547 om.
1665 1532 1703 1540 —·

214 1575 340 1613 Itaque)
361 1587 396 1605 ov
415 1578 478 1606 Ila.
491 1593 529 1599 -
548 1578 746 1615 quamquam)
766 1576 792 1604 E
813 1577 879 1604 iam
905 1565 973 1614 qud.
992 1591 1031 1598 —
1059 1577 1133 1614 qua)
1158 1577 1186 1605 E
1215 1588 1282 1613 om,
1308 1581 1355 1605 set
1374 1575 1469 1604 habet
1489 1576 1752 1615 superscriptum,
1777 1575 1820 1604 Pa
1840 1577 1874 1604 in
1895 1585 1966 1613 qua,
1993 1591 2032 1598 —

139 1622 247 1660 nolui)
267 1624 309 1659 B,
329 1624 373 1660 E,
393 1625 462 1661 Ma,
481 1625 529 1661 D,
549 1625 601 1659 H,
622 1635 642 1663 χ
663 1625 758 1662 (sic),
777 1623 909 1652 Lambb.
929 1634 994 1652 11110
1015 1630 1157 1662 excepto,
1180 1631 1212 1654 et
1231 1626 1350 1664 aliquot
1370 1623 1447 1653 Pan.
1469 1625 1571 1659 uolui,
1593 1635 1613 1656 ς
1636 1635 1695 1653 om.
1709 1639 1747 1646 --
1762 1625 1847 1660 sunl)
1869 1623 1919 1651 Sic
1939 1624 1975 1659 Β,
1994 1624 2032 1660 Ε,

140 1670 208 1705 ΒΗ),
228 1670 280 1706 Pa,
300 1671 356 1707 Pb,
376 1672 401 1699 F
415 1682 439 1707 1,
460 1677 492 1701 et
510 1682 545 1709 23
566 1672 663 1701 ceteri
682 1674 752 1702 sim.
770 1689 806 1694 -—
830 1682 897 1700 sum
918 1672 1090 1711 ingressus)
1109 1674 1163 1702 Ma
1183 1684 1242 1702 om.
1261 1689 1300 1695 —
1318 1673 1486 1711 ingressus)
1507 1672 1537 1699 D
1554 1683 1698 1710 gressus,
1718 1677 1765 1701 set
1784 1680 1919 1710 superse.
1937 1673 1981 1700 in.
1995 1687 2033 1694 —

139 1717 279 1756 sperare)
299 1719 352 1746 Ma
371 1726 520 1756 spectare.
538 1735 579 1742 ·--
604 1721 742 1758 tantum)
761 1719 818 1755 La,
837 1721 900 1755 Mc,
922 1730 974 1755 ου,
995 1725 1027 1749 et
1045 1728 1072 1759 ψ
1098 1727 1221 1757 tamen,
1252 1725 1299 1749 set
1325 1720 1358 1749 in
1379 1721 1426 1749 La
1454 1729 1572 1758 superS.
1593 1725 1725 1748 tantum.
1744 1735 1784 1741 —·
1808 1719 1978 1756 afuturam)
2004 1720 2032 1748 E

139 1764 337 1803 affuturam,
362 1766 413 1794 Lb
440 1767 646 1805 abfuturum,
674 1768 699 1796 C
719 1772 752 1796 et
777 1769 823 1806 χ5
843 1767 1029 1807 afficturzcm.
1049 1784 1088 1791 —
1107 1769 1298 1807 orationem)
1317 1769 1369 1797 Ma
1391 1769 1552 1796 rationem.
1571 1782 1609 1788 —
1630 1765 1801 1804 obiurgem)
1821 1767 1890 1802 Ma,
1910 1767 1971 1803 La,
1994 1767 2033 1804 O,

142 1812 189 1847 G,
208 1812 277 1849 BR,
297 1813 347 1849 H,
376 1824 428 1850 ov,
456 1819 487 1842 et
507 1822 533 1853 ψ
553 1816 742 1854 obiurgare,
771 1820 820 1843 set
839 1815 872 1843 in
892 1816 940 1843 La
960 1826 1076 1855 supers.
1096 1816 1273 1855 obiurgem‚
1293 1817 1357 1851 Lb,
1378 1815 1441 1850 Lc,
1457 1814 1498 1849 C,
1519 1819 1550 1842 et
1570 1823 1589 1852 χ
1604 1823 1614 1841 1
1638 1813 1808 1851 obiurgere,
1827 1813 1858 1841 D
1880 1814 2034 1852 obiurger,

141 1864 190 1888 set
208 1870 241 1888 er
260 1860 294 1888 in
312 1871 381 1889 ras..
400 1874 440 1882 —-
466 1862 566 1901 quod)
587 1864 633 1902 2‘3
660 1868 692 1892 et
710 1870 737 1902 ψ
764 1874 866 1902 quam.
884 1879 923 1886 ·—-
948 1864 1091 1903 iniquum
1117 1865 1164 1899 in)
1183 1866 1210 1893 E
1233 1866 1394 1893 inimicam
1414 1865 1464 1899 in,
1485 1872 1504 1900 χ
1517 1873 1529 1892 1
1551 1864 1585 1891 in
1607 1863 1768 1889 inimicum
1787 1863 1832 1897 in,
1851 1862 1894 1889 Pa
1914 1864 1948 1890 in
1968 1865 2033 1891 ini-

143 1918 240 1946 quum
258 1910 301 1938 in.
319 1924 358 1930 —
377 1919 432 1947 ego
453 1911 537 1948 eam)
556 1911 584 1939 E
606 1923 673 1940 eam
693 1922 759 1950 ego,
779 1922 797 1943 ς
818 1921 871 1950 ego
891 1921 937 1949 etz,
958 1922 993 1941 ου
1013 1923 1073 1941 om.
1090 1928 1128 1935 —
1148 1913 1213 1942 ulla
1232 1910 1433 1950 contumelia)
1454 1912 1497 1940 Pa
1516 1910 1733 1939 contumeliam
1752 1909 1862 1939 allam.
1881 1924 1921 1930 -—

221 1974 256 2003 C.
276 1975 333 2004 IV.
352 1974 380 2015 §.
400 1987 428 2016 9.
464 1978 499 2007 111
517 1989 584 2008 rem
604 1980 780 2018 publicam)
800 1981 844 2017 E,
864 1981 934 2017 Mc,
961 1985 994 2010 et
1011 1981 1042 2009 D
1064 1983 1098 2010 in
1117 1992 1151 2010 re
1164 1992 1211 2019 p..
1229 1996 1269 2003 -
1288 1980 1387 2019 quod)
1408 1986 1434 2017 ’ψ
1454 1989 1565 2018 quum,
1595 1977 1662 2006 sine
1682 1977 1776 2006 dubio
1799 1967 1865 2017 97η,
1886 1978 1968 2016 quod
1988 1978 2033 2008 ed.

145 2021 207 2051 Ox.
228 2024 444 2061 compendium
464 2037 559 2065 quum
578 2028 750 2067 particulae
769 2039 935 2068 perperam
954 2029 1097 2059 credidit.
1116 2045 1156 2051 ·--
1174 2028 1310 2068 tandem)
1331 2039 1366 2057 ου
1387 2034 1502 2057 tamen.
1520 2041 1561 2048 —
1587 2033 1735 2066 quantum
1761 2036 1816 2065 ego
1837 2036 1854 2055 a
1873 2029 1916 2060 te)
1937 2026 1988 2054 Sic
2007 2027 2033 2055 B

145 2075 177 2100 et
196 2070 241 2108 E;
260 2071 309 2099 La
328 2079 481 2110 quantum
500 2076 545 2104 ad
562 2082 611 2111 τε]
630 2076 729 2104 ceteri
749 2083 902 2115 quantum
920 2089 941 2106 α
961 2084 999 2108 te.

221 2128 345 2166 decem)
365 2131 408 2159 Pa
427 2133 456 2159 si
475 2132 584 2163 decem.
602 2149 642 2156 —-
660 2140 779 2173 graues)
802 2146 838 2165 ου
858 2146 918 2164 om.
936 2149 976 2157 —
994 2132 1230 2174 iudicauissent)
1250 2134 1314 2171 Mc,
1333 2132 1391 2170 La,
1410 2136 1443 2161 et
1460 2131 1512 2161 Lb
1532 2131 1734 2170 iudicassent,
1755 2131 1780 2161 C
1800 2131 2035 2161 iudicarent.—

148 2178 256 2215 quam)
277 2187 312 2205 OU
333 2188 531 2218 quamquam.
550 2195 589 2205 -ι
606 2184 659 2220 tu)
679 2190 706 2222 ψ
725 2190 763 2212 te.
781 2198 822 2205 —-
840 2194 857 2212 a
876 2183 1013 2223 populo)
1034 2184 1059 2213 C
1074 2185 1200 2222 populo.
1220 2198 1259 2207 —

223 2241 324 2278 cedit)
351 2242 400 2270 La
425 2246 458 2272 et
482 2249 511 2281 ψ
535 2245 617 2273 cedit
636 2248 785 2284 populas.
803 2262 845 2269 —
869 2246 964 2284 facit)
990 2247 1039 2275 La
1058 2251 1090 2276 et
1114 2253 1142 2285 ψ
1159 2246 1277 2285 fauet,
1303 2243 1404 2275 setin
1429 2243 1479 2273 La
1504 2253 1623 2283 supers.
1641 2243 1739 2282 facit.
1763 2257 1802 2265 ·-
1828 2242 1898 2279 eos)
1917 2241 1965 2271 La
1993 2243 2037 2271 eis

147 2298 219 2318 cum
239 2289 277 2327 gl.
299 2299 355 2318 eos.
373 2303 414 2311 —-

225 2357 360 2396 etiamsi)
382 2359 433 2388 Sic
452 2359 478 2388 B
499 2365 531 2389 et
548 2359 594 2398 Ἐς
615 2361 712 2389 ceteri
731 2363 767 2391 si.
786 2376 826 2386 —
852 2363 992 2401 delectu)
1013 2363 1049 2400 B,
1068 2363 1106 2400 Ε,
1126 2363 1193 2400 Mb,
1212 2362 1270 2400 P'n,
1288 2362 1342 2401 Pe,
1361 2363 1423 2400 Lb,
1443 2367 1474 2392 et
1495 2362 1523 2390 Ο
1551 2362 1682 2397 dilecta,
1710 2364 1757 2389 set
1782 2358 1816 2387 111
1841 2358 1892 2388 Lb
1919 2368 2035 2398 supers.
2069 2389 2071 2391 ,

150 2404 270 2433 delectu
279 2416 292 2440 ,·
318 2406 362 2434 Pa
382 2408 506 2438 delicta.
524 2424 563 2432 —
581 2410 651 2446 aut)
670 2409 717 2445 χ3
736 2415 779 2437 ut.
798 2423 837 2431 ·—
863 2411 1080 2450 iudicandum)
1099 2412 1143 2441 Pa
1161 2414 1236 2441 iura
1255 2412 1470 2442 iudicandum.
1488 2424 1527 2431 -
1545 2408 1792 2448 nonnumquam)
1811 2407 1881 2444 Ma,
1906 2407 1979 2443 Mb,
2006 2410 2036 2435 et

153 2457 174 2487 χ
193 2451 272 2489 (sic)
292 2463 504 2494 nonunquam.
523 2472 562 2479 —-
582 2456 692 2494 etiam)
712 2457 754 2494 B,
773 2457 842 2494 Mc,
863 2462 894 2486 et
915 2458 943 2486 T
964 2469 1023 2488 om.
1043 2474 1081 2482 -
