2185 2720
113 156 169 185 104
745 145 1325 177 COMMENTARIUS.

115 224 275 263 consilio,
297 229 461 267 tantaque
479 221 589 254 animi
610 223 856 266 magnitudine
877 236 899 256 α
916 235 969 255 me
989 228 1092 266 gesta
1117 233 1188 254 esse
1210 231 1408 264 cognosces,
1432 224 1473 251 ut
1498 218 1561 250 tibi
1583 221 1692 252 multo
1713 219 1861 260 maiori,
1890 232 1994 264 quam

114 275 422 321 sffricannsfitit,
459 286 512 306 me
533 286 601 306 non
623 276 732 307 multo
755 277 978 315 minorem,
1013 287 1136 319 qnam
1164 273 1389 311 Laelium,
1421 271 1538 315 facile
1568 277 1601 304 et
1625 272 1661 304 in
1683 284 1721 304 re
1739 273 1881 316 publica
1904 279 1936 306 et
1959 274 1996 305 in

114 330 270 362 amicilia
292 329 497 360 adiunctum
517 338 588 358 esse
607 329 772 370 patiaris.

201 381 346 413 Generis
369 381 445 412 dico
468 385 501 412 et
529 380 692 423 nominis)
736 381 840 412 Hunc
861 380 1047 411 uerborum
1072 379 1228 411 ordinem
1252 376 1385 420 primus
1410 376 1561 409 Orellius
1585 387 1628 408 ex
1651 377 1678 408 B
1703 376 1825 408 codicis
1848 375 1997 407 auctori-

113 441 197 473 tate,
222 444 323 475 quam
345 432 373 463 E
398 430 592 468 confirmat,
619 437 709 462 recte
731 431 898 472 restituit,
923 443 1000 463 cum
1023 438 1120 463 antea
1142 431 1328 472 legeretur,
1356 429 1497 473 generis
1520 434 1553 461 et
1574 431 1724 462 nominis
1747 429 1834 461 dico.
1877 427 1918 458 In
1939 438 1999 469 ge-

113 487 230 520 nitiuis
253 491 382 523 autem,
412 483 471 525 qui
492 483 533 514 ab
555 483 651 513 nullo
674 484 746 526 regi
769 484 981 516 substantiuo
1004 485 1183 522 uidentur,
1219 481 1351 524 primus
1375 481 1522 513 offensus
1545 487 1595 513 est
1616 481 1811 519 Ernestius,
1840 489 1999 510 monens:

114 541 184 579 „In
213 529 353 582 generis
383 542 416 568 et
445 535 594 568 nominis
623 536 698 567 dieo
728 537 900 567 ultumum
929 537 1074 568 uerbum
1096 546 1219 567 uerum
1244 546 1314 566 esse
1335 545 1405 565 non
1426 539 1557 576 potest:
1596 533 1784 576 requiritur
1807 530 1898 562 0111111
1920 530 2001 562 sub-

114 591 315 629 stantiuom,
348 595 387 619 ut
408 588 445 619 iu
466 587 684 629 sequentibus
707 589 842 627 studio,
874 588 1049 621 memoria.
1092 587 1151 620 An
1175 588 1381 630 splendore?
1424 586 1514 618 Dico
1537 591 1571 617 et
1595 585 1709 628 ipsum
1732 591 1782 616 est
1803 584 1844 615 ab
1873 583 2002 626 glossa-

114 649 206 682 tore,
232 654 310 673 nam
334 646 383 671 est
405 640 580 672 scilicet·“
623 640 704 671 Post
726 640 924 671 Ernestium
949 639 1154 672 Garatonius
1177 639 1213 669 111
1236 638 1289 669 ed.
1312 639 1421 680 Neap.
1446 638 1528 669 haec
1550 637 1742 669 adnotauit:
1765 636 1900 677 „Probe
1921 646 2001 667 sen-

114 694 158 726 sit
178 694 360 731 Ernestus‚
384 693 465 723 haec
487 697 576 722 stare
598 703 666 722 non
692 704 807 734 posse,
835 698 886 723 set
907 692 995 723 nihil
1019 691 1091 734 opis
1114 691 1249 722 adtulit.
1293 690 1404 732 Atqui
1425 689 1532 721 facilis
1555 695 1605 721 est
1627 689 1838 728 emendatio,
1860 688 2001 732 generis

115 753 149 780 et
169 747 318 778 nominis
341 745 556 787 dignitate.“
579 750 612 775 et
633 745 669 775 in
693 744 792 776 Curis
815 744 978 775 Secundis
1001 744 1100 775 haec:
1126 768 1146 783 „
1160 744 1247 775 Cum
1271 743 1353 774 olim
1377 753 1420 773 ex
1442 743 1519 774 dico
1540 740 1681 773 fecerim
1704 742 1890 785 dignitate,
1911 750 2003 771 nunc

116 805 275 842 optumus
298 797 385 829 liber
407 796 587 827 submonet
608 795 694 827 mihi
716 796 876 838 gradum,
909 807 976 837 quo
998 796 1200 837 institeram.
1245 796 1378 826 Tamen
1399 795 1502 826 aliam
1524 793 1796 825 emendationem
1817 792 1898 824 inde
1919 803 2002 835 pos-

116 852 181 883 sim
203 851 342 888 elicere,
363 859 490 891 genere
511 847 587 878 dico
610 853 643 879 et
664 850 811 881 nomine.
854 849 913 880 Set
935 859 1068 886 uereor,
1092 859 1135 878 ne
1158 848 1222 878 1100
1243 846 1287 878 sit
1309 846 1411 878 etiam
1433 847 1603 886 audacius,
1628 858 1706 877 011111
1728 847 1800 889 ipse
1822 846 1900 877 Ean.
1925 855 2002 876 cum

117 903 190 934 aliis
214 901 371 933 omnibus
395 900 432 931 111
454 898 604 942 genitiuo
627 901 829 940 consentiat,
857 901 967 942 sitque
990 899 1170 931 omittendi
1191 899 1403 940 neglegentia
1423 899 1565 938 facilior,
1592 910 1692 941 quam
1714 898 1806 929 illius
1828 903 1898 929 tam
1919 908 2002 940 per-

116 955 225 998 spicui
258 953 396 985 ablatiui
425 951 570 983 tollendi
596 953 778 984 temeritas.
822 953 896 994 Ego
926 958 1017 982 certe
1047 951 1219 993 quomodo
1249 950 1285 981 id
1308 950 1382 981 fieri
1403 952 1572 993 potuerit,
1614 951 1769 982 diuinare
1797 962 1869 982 non
1894 959 2002 992 que03

116 1008 259 1038 uerbum
286 1007 386 1037 etiam
412 1006 504 1044 dico,
538 1015 604 1045 quo
634 1005 721 1035 nihil
744 1016 827 1047 opus
851 1011 917 1044 est,
960 1004 1058 1035 citius
1081 1003 1253 1041 retinebo,
1295 1014 1396 1044 quam
1425 1004 1600 1046 dignitate
1627 1014 1697 1034 non
1727 1002 1860 1034 addam.
1903 1002 2003 1044 Aput

116 1059 328 1092 Arusianum
350 1057 386 1088 in
408 1056 602 1099 apographo
625 1067 701 1087 11100
725 1057 807 1087 haee
830 1062 964 1088 extant:
989 1055 1106 1088 Cicero
1126 1066 1190 1099 pro
1213 1055 1364 1087 Scauro.-
1394 1056 1577 1093 retineret,
1600 1056 1639 1087 id
1660 1055 1752 1098 qnod
1772 1065 1904 1097 semper
1925 1059 2002 1085 stu-

118 1112 212 1149 cluit,
235 1111 386 1154 generis,
400 1109 579 1152 familiae,
602 1110 750 1141 nominis
773 1110 994 1151 dignitatem.
1040 1107 1217 1139 Nimirum
1240 1107 1368 1138 auctius
1392 1113 1442 1138 est
1462 1106 1691 1149 fragmentum
1712 1107 1748 1138 in
1771 1105 1886 1137 codice
1908 1106 2002 1137 Nea—

116 1163 288 1206 politano,
326 1174 427 1204 quam
458 1166 540 1203 aput
562 1161 746 1192 Patricium
773 1161 815 1191 T.
840 1162 866 1192 I.
889 1172 923 1203 p.
952 1161 1001 1192 15.
1026 1161 1076 1200 6.,
1111 1160 1169 1202 (1111
1191 1158 1374 1190 Frontonis
1405 1159 1544 1190 nomine
1570 1159 1607 1190 in
1629 1171 1661 1190 u.
1686 1159 1823 1191 studuit
1845 1157 2000 1189 desinens

116 1215 260 1247 rettulit.
306 1213 485 1246 Suetonius
514 1213 549 1244 111
572 1215 676 1256 Uesp.
701 1214 739 1245 C.
763 1213 826 1245 IV.
858 1225 919 1245 nec
946 1213 1148 1245 metuendus
1172 1212 1244 1244 ullo
1267 1212 1365 1244 modo
1394 1212 1433 1243 ob
1456 1212 1690 1244 limnilitatem
1713 1212 1853 1254 generis
1875 1223 1916 1243 ac
1938 1222 2002 1243 no-

117 1269 231 1300 minis.
275 1268 331 1299 Ex
354 1265 522 1296 contrario
544 1265 658 1307 potuit
681 1266 781 1296 etiam
802 1265 858 1296 1110
881 1276 970 1306 esse,
1002 1265 1175 1297 claritate.
1218 1263 1317 1294 Nihil
1347 1275 1407 1306 ego
1430 1265 1516 1296 mihi
1538 1265 1684 1307 adrogo3
1718 1269 1769 1296 set
1790 1263 1922 1302 locum,
1950 1261 2003 1293 uti

116 1320 203 1351 mihi
219 1319 441 1363 probabiliter
464 1317 622 1348 constitui
644 1329 742 1360 posse
764 1317 918 1356 uidetur,
943 1323 1053 1348 totum
1076 1326 1251 1358 propono:
1285 1315 1452 1348 Omnibus
1476 1318 1589 1360 igitur
1612 1318 1711 1349 rebus
1731 1334 1774 1341 -
1794 1314 2001 1352 domesticis,

117 1374 293 1406 nonnullis
318 1371 537 1414 inferiorem,
565 1383 668 1413 qnecm
692 1376 740 1409 te,
761 1371 900 1413 generis
924 1371 1000 1402 dico
1023 1375 1055 1401 et
1075 1368 1224 1400 nominis
1248 1368 1439 1410 dignitate,
1459 1370 1672 1412 superiorem
1694 1375 1755 1400 etc.
1765 1371 1799 1400 .“
1832 1366 2000 1401 Wolffius

118 1425 236 1457 coiecit
259 1424 397 1467 generis
428 1428 461 1454 et
490 1423 638 1453 nominis
666 1423 802 1461 decore,
848 1422 1000 1454 Orellius
1040 1421 1179 1464 generis
1205 1420 1281 1451 dico
1307 1425 1340 1451 et
1361 1422 1510 1453 nominis
1541 1423 1677 1460 decore,
1716 1420 1840 1452 Bakius
1860 1419 2000 1463 generis

117 1480 193 1511 dico
222 1484 254 1509 et
285 1475 432 1508 nominis
467 1475 756 1507 commendatione.
799 1474 961 1505 Inutilem
990 1474 1077 1505 hanc
1102 1473 1273 1503 editorum
1297 1483 1435 1514 operam
1457 1473 1582 1504 iudico.
1625 1475 1715 1506 Nam
1742 1474 1771 1505 si
1793 1484 1913 1505 reuera
1937 1472 2002 1505 ali.-

117 1530 200 1573 quid
223 1529 367 1568 excidit,
392 1527 469 1558 satis
495 1532 544 1557 est
565 1527 751 1563 monuisse,
776 1539 877 1569 quam
898 1526 971 1558 fere
993 1525 1272 1567 significationem
1293 1525 1418 1556 habere
1442 1525 1597 1558 debuerit
1614 1527 1760 1558 uerbum
1782 1526 1878 1566 illut,
1909 1525 2001 1568 quod

117 1582 303 1620 exciderit,
341 1591 418 1611 cum
442 1585 533 1609 certo
557 1578 731 1610 adfirmari
753 1580 849 1610 nullo
873 1585 970 1621 pacto
998 1578 1124 1620 possit,
1159 1577 1239 1618 quid
1261 1576 1340 1607 addi
1364 1577 1529 1609 debuerit.
1573 1580 1656 1611 Illut
1678 1585 1791 1611 autem
1813 1590 2000 1621 numquam

117 1633 316 1672 concedam,
355 1632 500 1662 uerbum
524 1631 599 1662 dico
624 1637 682 1661 aut
707 1643 726 1661 a
747 1631 894 1662 librariis
918 1629 1072 1661 additum
1095 1635 1153 1660 aut
1173 1641 1236 1671 pro
1260 1629 1326 1660 alio
1353 1630 1458 1660 uerbo
1487 1631 1638 1672 positum
1661 1643 1741 1662 esse.
1786 1633 1884 1663 Talia
1909 1631 2001 1663 enim

117 1698 188 1717 11011
211 1686 321 1717 solent
342 1683 546 1725 interpretes
569 1682 704 1714 addere.
748 1683 856 1714 Porro
879 1683 980 1725 plane
1002 1681 1130 1713 alienae
1150 1681 1276 1713 ‘Wolffi
1300 1688 1332 1712 et
1353 1682 1464 1713 Orelli
1487 1683 1699 1714 coniecturae
1721 1690 1809 1723 sunt,
1832 1683 2001 1726 siquidem

117 1749 180 1769 1100
208 1738 336 1768 dictum
361 1746 523 1776 umquam
547 1736 649 1767 decus
676 1737 816 1778 generis
839 1741 897 1766 aut
919 1734 1068 1767 nominis
1095 1739 1158 1771 est,
1192 1743 1255 1763 nec
1278 1739 1355 1775 apte
1379 1734 1445 1764 dici
1467 1735 1580 1776 potuit
1603 1746 1641 1766 eo
1665 1747 1782 1775 sensu,
1822 1748 1922 1778 quem
1944 1735 2001 1767 hie

117 1790 317 1831 flagitamus.
362 1787 531 1828 Equidem
556 1787 642 1817 nihil
664 1787 719 1818 1110
742 1799 761 1818 a
783 1788 930 1819 librariis
954 1787 1133 1824 omissum,
1169 1791 1219 1816 set
1240 1786 1407 1828 integram
1436 1797 1506 1817 esse
1529 1798 1630 1828 quam
1659 1789 1772 1831 recepi
1799 1789 2002 1830 scripturam

119 1841 236 1880 credo,
271 1840 374 1881 idque
397 1839 509 1881 ipsum
532 1838 695 1879 loquendi
717 1850 839 1881 genus,
877 1839 968 1881 quod
993 1838 1059 1869 alio
1082 1838 1118 1868 in
1141 1837 1215 1869 loco
1239 1850 1308 1869 11011
1330 1838 1509 1870 ferendum
1533 1846 1706 1881 putarem,
1740 1841 1796 1871 hic
1817 1841 2001 1882 aptissume

116 1905 137 1925 a
166 1894 331 1925 Cicerone
361 1897 562 1933 usurpatum
591 1891 769 1922 contendo.
816 1891 1066 1932 Quodcumque
1099 1890 1190 1920 enim
1218 1891 1363 1921 uerbum
1385 1891 1660 1934 adposuerimuS,
1698 1892 1770 1923 siue
1800 1894 1999 1936 dignitatis,

117 1946 190 1978 siue
213 1944 424 1988 splendoris,
447 1943 518 1974 siue
541 1944 854 1982 commendationis,
878 1942 952 1974 fieri
975 1953 1044 1973 non
1066 1948 1194 1983 potest,
1220 1943 1302 1984 quin
1326 1955 1380 1983 ea,
1411 1945 1532 1985 quibus
1557 1944 1637 1975 dicit
1661 1944 1779 1976 Cicero
1801 1944 2000 1977 inferiorem

116 1998 294 2030 Plancium
316 1996 500 2027 Laterense
530 2006 617 2033 esse,
653 1995 768 2026 addito
791 1994 984 2026 istiusmodi
1013 1994 1119 2025 uerbo
1143 1995 1316 2025 ornatiora
1338 2001 1438 2037 atque
1460 1996 1692 2038 splendidiora
1715 2008 1815 2038 quam
1836 2004 2001 2030 necessest

116 2050 314 2082 reddantur.
360 2047 431 2077 Iam
453 2058 536 2077 uero
561 2047 862 2088 quotienscumque
886 2046 927 2077 de
950 2058 1072 2088 genere
1094 2046 1287 2078 Laterensis
1309 2046 1478 2088 loquitur,
1503 2054 1645 2091 propter
1669 2049 1760 2090 quod
1782 2049 1841 2080 ille
1862 2049 1999 2082 Plancio

117 2115 152 2135 se
182 2099 446 2145 praeferendum
474 2098 577 2129 fuisse
606 2099 763 2141 putabat,
803 2098 897 2129 omni
924 2099 1027 2130 modo
1059 2099 1251 2140 deprimere
1282 2098 1346 2129 ista
1373 2106 1571 2130 ornamenta
1602 2101 1726 2131 studet.
1775 2100 1869 2143 Quid
1895 2101 2000 2144 igitur

118 2154 228 2197 aptius
252 2153 306 2184 hic
328 2151 440 2194 potuit
463 2161 549 2189 esse,
585 2161 684 2191 quam
708 2150 736 2181 si
758 2150 959 2193 simpliciter
980 2150 1084 2181 uerba
1108 2151 1247 2193 generis
1269 2156 1302 2181 et
1323 2152 1472 2183 nominis
1493 2152 1623 2194 posuit,
1660 2153 1809 2192 nullum,
1847 2164 1911 2194 quo
1935 2153 1999 2183 ali-

120 2205 202 2247 quid
232 2204 340 2235 laudis
368 2203 405 2233 in
433 2203 653 2233 Laterensem
688 2202 912 2241 redundaret,
945 2202 1192 2233 substantiuom
1227 2202 1370 2243 addens,
1404 2215 1526 2234 uerum
1554 2204 1696 2246 iungens
1724 2205 1891 2246 genitiuos
1921 2215 1998 2236 cum

119 2257 242 2296 uerbo,
270 2255 360 2298 quod
382 2254 578 2298 praecessit,
605 2254 729 2286 rebus?
772 2255 813 2285 In
836 2255 909 2296 ipso
934 2259 1047 2284 autem
1070 2254 1232 2295 loquendi
1253 2266 1386 2295 genere,
1415 2256 1505 2296 quod
1527 2256 1659 2287 nomini
1682 2268 1798 2288 rernm
1818 2255 1995 2297 genitium,

121 2319 222 2350 quem
254 2308 436 2349 aptissume
465 2307 709 2349 explieatinom
736 2306 934 2349 appellaris,
968 2312 1100 2348 aptatus
1131 2312 1197 2344 est,
1230 2306 1325 2337 nulla
1353 2307 1454 2349 plane
1484 2307 1667 2340 offensiost.
1712 2309 1767 2339 Sic
1796 2307 1864 2338 Cic.
1887 2308 1930 2338 II.
1962 2309 1998 2340 in

121 2361 195 2392 Cat.
218 2360 282 2398 XI,
305 2359 355 2391 24.
378 2360 457 2391 Iam
481 2371 562 2390 uero
585 2359 684 2390 nrbes
708 2360 922 2391 coloniarum
944 2371 984 2390 ac
1008 2359 1278 2401 municipiormn
1301 2359 1551 2403 respondebunt
1574 2360 1746 2392 Catilinae
1767 2359 1911 2391 tumulis
1933 2361 1997 2392 sil-

121 2411 304 2444 uestribns.
346 2411 404 2444 Ad
434 2422 535 2453 quem
565 2411 680 2443 locum
703 2411 835 2454 egregie
857 2410 1061 2443 Matthiaeus
1093 2410 1134 2441 de
1156 2411 1218 2442 hac
1242 2411 1375 2443 dicendi
1397 2412 1529 2443 ratione
1550 2411 1666 2443 multis
1688 2410 1807 2442 adlatis
1830 2412 1996 2455 exemplis
