2185 2720
866 142 903 171 L.
934 141 990 170 ΙΙΙ.
1039 140 1073 170 C.
1102 139 1159 169 ΙΠ.
1205 138 1232 179 5.
1259 140 1286 169 3.
1315 140 1342 169 4.
1894 142 2044 172 LXXIX

165 223 309 258 iussit,
329 223 392 250 ita
412 220 607 259 fecisse-s,
636 224 678 247 ut
698 217 790 247 huic
811 221 847 246 et
866 226 974 245 suam
994 220 1030 244 et
1049 214 1093 243 ab
1113 214 1181 242 hoc
1201 213 1442 243 obser-natas
1469 214 1600 243 tribus
1619 215 1773 251 ederes,
1793 225 1855 243 non
1875 216 1962 244 modo
1983 227 2045 244 ηοη

164 279 323 307 quererer,
342 274 387 297 set
406 267 490 295 hune
509 269 549 295 iis
569 266 725 299 iudicibus
744 266 850 301 editis,
868 266 923 303 qui
942 269 1031 292 testes
1050 262 1132 291 idem
1151 271 1212 290 esse
1226 267 1369 299 possent,
1391 260 1566 290 absolutum
1581 269 1737 300 putarem.

238 315 368 343 Ibidem.
409 316 484 344 Cum
503 316 584 343 enim
605 315 663 343 llas
682 313 783 343 tribus
802 313 942 348 edidisti,
969 312 1088 350 ignotis
1113 315 1144 338 te
1162 308 1318 338 iudicibus
1337 309 1386 336 uti
1405 309 1497 337 malle
1517 320 1610 347 quam
1636 313 1717 340 notis
1744 311 1931 340 iudicanisti
1940 321 1952 345 ;
1974 312 2005 350 f
2007 323 2045 340 ιι-

161 364 269 401 gisli
288 365 534 392 sententiam
552 363 664 400 legia.

239 410 273 439 C.
293 410 420 439 XVIII.
439 409 466 450 5.
486 411 532 439 45.
571 417 638 438 tum
657 408 813 443 mirabor,
833 413 862 436 te
880 408 920 436 iis
939 406 1036 435 armis
1055 406 1119 441 uti,
1140 415 1220 443 quae
1239 403 1297 432 tibi
1315 404 1364 432 lex
1385 403 1495 440 (labat,
1516 406 1658 433 noluisse.

239 458 291 486 Ex
310 457 358 486 his
378 457 545 496 praecipue
572 457 598 485 is
625 457 729 492 locus,
757 455 809 494 qui
829 452 856 493 5.
875 454 921 482 42.
942 457 1042 488 extat,
1067 460 1270 489 maxumeque
1289 451 1403 486 uerba,
1430 454 1475 486 si,
1502 453 1759 490 quemadmodum
1779 461 1906 482 senatus
1925 457 2046 484 censuit

159 506 354 544 populusque
373 507 482 539 iussit,
502 514 600 543 paene
619 504 757 541 flagitare
776 501 980 536 uidebuntur,
1001 504 1035 528 ut
1054 499 1087 527 111
1108 499 1175 538 ipsa
1193 499 1261 537 lege
1280 499 1488 538 perscriptum
1509 500 1721 538 sancitumque
1748 506 1913 530 statuamus
1942 503 2045 539 fuisse,

164 557 200 581 ut
219 562 258 580 ue
278 552 365 587 aliae,
385 562 476 590 quam
496 562 572 590 quae
592 562 609 580 a
628 561 682 580 reo
703 554 866 588 corruptae
887 551 1100 585 arguerentur,
1120 546 1220 575 tribus
1241 547 1277 574 ab
1299 551 1491 575 accussatore
1513 548 1688 576 ederentur.
1722 548 1935 577 Nihilominus
1956 550 2045 588 quic-

165 610 256 638 quam
276 609 330 637 ego
352 609 387 627 ea
407 600 443 627 de
463 610 497 627 re
518 599 550 627 in
569 599 638 637 lege
658 598 785 627 Licinia
804 596 899 626 fuisse
919 595 1069 634 scriptum
1089 603 1184 632 nego,
1220 593 1465 632 Ciceronemque
1485 596 1606 631 uerbis,
1633 597 1675 629 si,
1702 597 1957 634 quemadmodum
1978 602 2044 633 etc„

163 657 250 676 more
270 647 406 675 oratorio
428 646 519 675 dictis
539 646 621 675 nihil
641 646 719 675 aliut
738 655 828 684 quam
846 643 1015 685 secandum
1043 642 1120 679 legis
1138 643 1327 670 sententiam
1346 641 1483 671 uoluisse
1504 643 1678 681 significare
1698 643 1842 671 arbitror.
1882 644 1960 672 Nam
1981 655 2044 672 non

162 695 260 724 fuisse
279 694 430 733 scriptum
450 694 522 722 illut
544 694 577 722 in
597 694 679 731 lege,
713 697 797 721 certo
827 690 900 719 inde
919 689 1130 727 intellegitur,
1159 688 1241 727 quod
1265 688 1298 716 in
1318 688 1450 727 reliquis
1470 690 1548 718 locis
1568 690 1727 726 omnibus,
1754 691 1809 718 ubi
1831 691 1868 719 de
1887 692 1941 719 illa
1961 692 2045 720 iudi-

164 753 233 771 cum
255 742 393 770 editione
414 746 561 777 serumst,
582 742 625 770 ita
645 740 756 769 Cicero
776 739 933 778 loquitur,
953 742 989 766 ut
1008 737 1208 764 Laterensem
1229 747 1395 775 numquam
1415 737 1632 776 auctoritatem
1651 742 1792 771 senatus,
1813 743 1859 766 set
1880 739 2044 768 consilium

163 790 314 826 uiolasse,
345 799 446 828 neque
468 794 575 818 contra
594 789 710 827 legem,
743 792 791 816 set
810 790 928 815 tantum
955 789 1063 814 contra
1090 784 1165 823 legis
1191 785 1376 814 sententiam
1401 785 1513 815 fecisse
1543 785 1633 814 dicat.
1672 785 1836 814 Pertincnt
1863 784 1923 813 huc
1952 786 2044 814 etiam

162 837 197 867 hi
217 837 294 866 loci:

242 885 276 914 C.
298 883 390 913 XVI.
417 881 444 923 5
464 884 510 921 39.
551 882 638 919 Quid
662 883 744 910 enim
765 889 854 920 poles
880 882 998 915 dicere,
1025 892 1082 909 cur
1107 883 1170 910 ista
1197 881 1290 910 editio
1317 892 1378 910 non
1406 891 1559 910 summam
1578 880 1692 911 habeat
1711 879 1908 910 acerbitatem
1929 889 2044 912 remota

165 935 286 962 ratione
306 933 380 968 illa,
408 941 499 969 quam
520 932 562 959 in
589 930 837 958 decernendo
863 931 995 958 secuti
1019 929 1180 957 sumus?

240 980 274 1008 C.
295 977 420 1008 XVIII.
440 975 466 1015 5.
485 977 531 1005 44.
570 978 679 1016 ,Neque
699 988 753 1016 ego
773 989 856 1007 nunc
876 979 1038 1007 consilium
1058 977 1246 1015 reprehendo
1267 982 1373 1016 tuum,
1394 975 1477 1017 quod
1495 988 1546 1006 eas
1565 977 1681 1015 tribus,
1701 977 1810 1016 quibus
1830 976 1880 1006 Ιιὶι·
1903 988 2045 1007 maxume

164 1033 273 1064 notus,
294 1036 356 1055 non
375 1024 523 1059 edideris,
547 1030 593 1052 set
613 1035 634 1052 a
653 1031 682 1054 te
702 1026 791 1054 doceo
818 1026 1034 1054 consilium
1055 1035 1132 1052 non
1151 1032 1357 1054 seruatum
1383 1031 1555 1055 senatus.

237 1073 334 1112 Atqui
355 1072 380 1100 si
402 1071 525 1099 disertis
544 1073 650 1101 uerbis
670 1073 744 1102 illut
763 1073 796 1102 in
815 1073 883 1111 lege
902 1072 1028 1101 Licinia
1055 1072 1206 1111 scriptum
1226 1073 1352 1109 fuisset,
1379 1083 1480 1111 neque
1500 1073 1679 1102 Laterensis
1700 1073 1815 1109 tribus,
1844 1085 1916 1112 quas
1938 1075 2044 1110 edidit,

163 1121 256 1150 edere
274 1119 444 1160 potuisset,
465 1123 496 1147 et
517 1119 647 1156 Cicero,
676 1121 702 1149 si
723 1121 885 1157 edidisset,
915 1121 1087 1158 neglectam
1108 1120 1324 1148 auctoritatem
1345 1126 1467 1149 senatus
1488 1132 1522 1149 ac
1545 1122 1692 1150 uiolatam
1713 1131 1777 1149 esse
1798 1122 1896 1160 legem
1917 1123 2045 1151 clamas-

163 1173 218 1198 set.
256 1168 368 1206 Neque
387 1177 463 1195 uero
486 1167 694 1204 obscurumst,
723 1179 781 1207 qua
800 1168 922 1197 ratione
944 1168 1055 1196 Cicero
1076 1168 1278 1199 Laterensem
1298 1167 1332 1195 111
1353 1167 1528 1206 delegendis
1550 1168 1704 1197 iudicibus
1726 1169 1840 1208 fugisse
1860 1170 2045 1199 sententiam

163 1216 239 1255 legis
260 1216 363 1244 dicere
383 1215 531 1254 potuerit.
571 1215 681 1243 Fuisse
701 1216 783 1244 enim
802 1215 880 1244 hanc
900 1215 977 1254 legis
998 1214 1199 1251 sententiam,
1219 1220 1255 1244 ut
1278 1225 1331 1243 eae
1351 1216 1466 1251 tribus,
1487 1227 1563 1254 quae
1584 1221 1748 1255 corruptae
1768 1228 1784 1245 a
1803 1228 1857 1246 reo
1879 1229 2045 1256 argueren-

162 1269 225 1300 tur,
245 1264 282 1292 ab
298 1267 489 1292 accussatore
508 1262 684 1299 ederentur,
703 1263 776 1292 inde
794 1263 930 1301 conlegit
945 1263 1066 1300 Cicero,
1087 1263 1168 1302 quod
1184 1263 1217 1291 in
1232 1263 1299 1291 solo
1320 1263 1539 1292 sodaliciorum
1555 1263 1686 1292 crimine
1708 1264 1860 1294 tribuario
1881 1267 1918 1294 ab
1939 1277 2045 1294 accus-

163 1315 266 1341 satore
287 1311 337 1339 edi
357 1311 457 1340 tribus
478 1311 578 1339 licuit.
617 1310 725 1350 Itaque
751 1311 806 1339 ille
831 1311 875 1339 sic
895 1311 1096 1340 ratiocinatus
1117 1315 1179 1339 est:
1214 1310 1246 1338 Si
1267 1310 1300 1338 in
1328 1310 1386 1339 hac
1415 1311 1481 1339 sola
1499 1321 1534 1339 re
1555 1311 1705 1340 tribuaria
1726 1310 1795 1350 (cfr.
1817 1311 1844 1352 §.
1864 1311 1924 1352 36.)
1944 1314 2045 1342 tribus

164 1358 215 1387 edi
234 1358 308 1387 licet
326 1358 363 1386 ab
385 1363 592 1394 accussatore,
612 1367 675 1386 non
694 1363 798 1397 potest
817 1359 883 1387 eius
903 1358 950 1387 rei
970 1359 1029 1387 alia
1049 1369 1153 1387 caussa
1172 1367 1254 1394 esse,
1280 1368 1370 1396 quam
1390 1357 1482 1394 haee,
1511 1358 1594 1396 quod
1614 1359 1647 1387 in
1667 1359 1885 1389 sodaliciorum
1915 1361 2046 1389 crimine

162 1406 317 1436 tribuario
343 1406 444 1435 tribus
473 1411 600 1444 optume
633 1406 770 1435 iudicare
797 1410 937 1445 possunt.
976 1406 1110 1435 Possunt
1136 1410 1237 1434 autem
1269 1410 1454 1444 propterea,
1488 1405 1570 1443 quod
1597 1406 1715 1440 sciunt,
1744 1407 1817 1444 quid
1845 1408 1882 1435 ab
1910 1417 1964 1443 eo,
1992 1408 2045 1446 qui

164 1458 354 1490 accussatur,
380 1453 414 1482 in
441 1453 577 1481 comitiis
606 1454 790 1482 conmissum
817 1453 866 1481 sit.
905 1452 1094 1481 Certissuma
1118 1458 1219 1482 autem
1247 1453 1281 1480 iu
1307 1452 1392 1480 illius
1420 1451 1534 1480 delicto
1556 1452 1624 1491 (cfr.
1645 1451 1672 1492 5.
1692 1452 1752 1492 46.)
1782 1455 1911 1483 scientia
1937 1465 2045 1484 eorum

164 1502 257 1531 debet
276 1511 358 1537 esse,
378 1500 432 1538 qui
452 1510 556 1528 earum
575 1500 710 1539 ipsarum
730 1501 867 1530 tribuum
887 1506 975 1537 sunt,
995 1511 1068 1539 quas
1088 1511 1159 1530 reus
1180 1500 1319 1529 adhibita
1338 1500 1489 1528 sodalium
1510 1511 1604 1539 opera
1622 1501 1730 1530 tulisse
1749 1502 1898 1540 arguitur.
1937 1502 2045 1540 Itaque

164 1548 224 1577 hoc
245 1548 376 1577 consilio
397 1553 552 1576 necessest
571 1548 624 1577 lex
643 1549 704 1578 lata
724 1549 780 1585 sit,
800 1553 835 1578 ut
853 1548 935 1577 idem
955 1553 1049 1577 testes
1070 1553 1102 1577 et
1121 1548 1240 1577 iudices
1260 1547 1324 1576 sint
1344 1548 1413 1587 (cfr.
1434 1547 1462 1587 5.
1482 1546 1552 1587 57.).
1591 1548 1671 1578 Nam
1691 1550 1723 1578 id
1743 1550 1769 1578 si
1790 1560 1853 1578 non
1873 1554 1927 1586 est,
1947 1550 2044 1579 iutel-

164 1594 225 1634 legi
245 1605 308 1623 non
329 1599 449 1634 potest,
470 1606 524 1624 cur
543 1606 607 1624 non
627 1595 660 1624 111
680 1601 796 1625 ceteras
817 1607 935 1625 caussas
954 1596 1130 1625 istiusmodi
1150 1595 1289 1625 iudicum
1310 1596 1406 1625 editio
1428 1597 1574 1625 translata
1592 1597 1634 1625 sit
1655 1596 1723 1635 (cfr.
1743 1595 1770 1636 §.
1791 1596 1861 1636 36.).

237 1643 348 1682 Neque
367 1642 472 1680 negari
492 1647 612 1681 potest,
631 1643 871 1673 acerbissumum
891 1644 951 1673 hoc
971 1654 1064 1682 genus
1085 1644 1181 1673 iudici
1201 1645 1341 1673 futurum
1361 1644 1456 1673 fuisse
1476 1649 1594 1673 remota
1613 1644 1734 1673 ratione
1754 1645 1825 1680 illa,
1845 1656 1934 1684 quam
1955 1656 2044 1675 sena-

162 1696 227 1720 tum
247 1690 280 1718 in
301 1690 494 1719 decernendo
515 1695 655 1719 secutum
675 1691 786 1720 Cicero
808 1691 926 1720 scribit.
965 1692 1012 1720 Ita
1032 1691 1115 1720 enim
1135 1691 1204 1720 fieri
1223 1691 1343 1730 potuit,
1369 1697 1423 1727 ut,
1451 1702 1527 1730 quos
1546 1702 1688 1720 maxume
1708 1702 1762 1720 reo
1783 1692 1920 1722 infensos
1941 1695 2044 1729 sciret,

161 1738 280 1767 iudices
301 1742 475 1767 accussator
495 1737 657 1776 deligeret,
676 1738 720 1767 ita
739 1743 774 1768 ut
793 1739 965 1768 uerendum
986 1745 1075 1776 esset,
1095 1750 1134 1768 ne
1154 1739 1219 1767 sola
1238 1738 1430 1776 malignitate
1450 1739 1536 1768 ducti
1555 1751 1643 1769 reum
1658 1741 1908 1770 condemnarent.
1939 1742 2045 1780 Atque

162 1786 238 1815 haec
258 1796 330 1814 sane
350 1785 475 1814 uidetur
495 1796 599 1814 caussa
618 1786 733 1823 fuisse,
754 1787 792 1816 ob
814 1798 903 1826 quam
923 1787 999 1816 olim
1021 1787 1086 1816 Ser.
1108 1786 1266 1826 Sulpicio,
1286 1796 1356 1814 cum
1376 1786 1493 1816 iudices
1515 1787 1658 1817 editicios
1679 1798 1745 1817 esse
1764 1789 1870 1823 uellet,
1890 1798 2043 1827 repugna-

162 1838 268 1862 tumst.
308 1833 426 1862 Scribit
453 1833 536 1862 enim
563 1833 674 1862 Cicero
700 1845 758 1873 pro
785 1836 867 1865 Mur.
895 1835 929 1864 C.
949 1835 1078 1864 XXIII.
1104 1834 1132 1875 §.
1150 1835 1213 1871 47.:
1232 1834 1320 1863 Idem
1347 1834 1486 1863 editicios
1505 1836 1623 1864 indices
1644 1846 1706 1865 esse
1733 1837 1879 1870 uoluisti,
1908 1842 1943 1864 ut
1971 1838 2043 1866 odia

162 1882 285 1910 occulta
304 1882 431 1917 ciuium,
452 1893 532 1920 quae
552 1883 658 1910 tacitis
678 1892 762 1910 nunc
781 1883 944 1911 discordiis
964 1885 1174 1916 eontinentur,
1194 1881 1394 1920 inserturum
1414 1884 1534 1920 optumi
1551 1885 1701 1922 cuiusque
1722 1889 1926 1922 erumperent.
1964 1884 2042 1914 Cum

163 1928 275 1966 quibus
295 1930 488 1967 conparanda
507 1935 594 1966 sunt,
623 1939 700 1968 quae
720 1929 802 1958 idem
822 1929 855 1958 in
875 1940 920 1959 or.
940 1930 1043 1959 Plane.
1063 1929 1091 1970 5.
1111 1931 1157 1959 40.
1179 1934 1303 1968 questus
1324 1934 1379 1958 est.

237 1975 345 2014 Itaque
365 1976 544 2006 Laterensis
565 1977 624 2006 etsi
644 1983 767 2007 senatus
787 1977 951 2006 consilium
970 1988 1034 2006 non
1053 1977 1208 2014 seruauit,
1235 1986 1305 2005 cum
1325 1976 1415 2012 alias,
1436 1987 1525 2015 quam
1546 1988 1618 2016 quas
1639 1982 1800 2015 corruptas
1821 1978 2042 2008 criminabatur

163 2022 263 2052 tribus
284 2023 398 2060 edidit,
423 2029 525 2055 tamen
545 2030 654 2054 contra
673 2026 749 2064 legis
769 2026 866 2055 uerba
884 2026 994 2055 fecisse
1019 2035 1083 2054 non
1102 2030 1207 2065 potest
1234 2024 1306 2053 dici.
1344 2024 1519 2053 Prudenter
1546 2030 1648 2054 autem
1668 2025 1764 2062 egisse
1784 2035 1870 2062 eum,
1896 2027 1948 2065 qui
1969 2038 2041 2066 quas

162 2070 279 2106 tribus,
319 2081 388 2100 cum
415 2077 516 2101 essent
541 2083 559 2102 a
577 2074 704 2103 Plancio
730 2073 895 2112 largitione
925 2073 1102 2109 deuinctae,
1131 2072 1300 2101 beneuolos
1327 2071 1395 2100 fore
1424 2071 1542 2100 iudices
1569 2073 1784 2110 praeuiderat,
1813 2084 1877 2104 non
1897 2074 2042 2110 ediderit,

163 2128 262 2157 neque
282 2118 382 2158 ipsum
403 2119 586 2150 Ciceronem
604 2122 686 2161 fugit
705 2120 746 2162 (5.
765 2121 825 2161 44.)
845 2125 876 2151 et
895 2121 932 2151 ab
952 2120 1125 2160 interprete
1143 2118 1352 2149 Ambrosiam
1373 2124 1458 2148 recte
1479 2125 1524 2149 est
1544 2120 1742 2151 admonitum.

1056 2208 1084 2250 5.
1111 2215 1139 2243 4.

973 2273 1038 2307 De
1068 2286 1231 2318 poena,

373 2329 491 2370 Quae
520 2330 740 2364 aduersus
772 2331 998 2366 sodalicia
1027 2333 1124 2377 lege
1154 2332 1346 2365 Licinia
1383 2333 1636 2367 constituta
1661 2333 1830 2378 fuerit.

240 2407 327 2443 Quae
346 2417 447 2446 poena
467 2408 534 2446 lege
553 2409 679 2437 Licinia
698 2408 843 2438 aduersus
862 2419 914 2438 eos
934 2411 1102 2440 constituta
1119 2411 1232 2447 fuerit,
1261 2411 1314 2450 qui
1334 2411 1552 2440 sodaliciorum
1574 2411 1706 2440 damnati
1727 2416 1830 2448 erant,
1851 2411 1917 2451 ipsa
1937 2413 2036 2442 oratio

165 2453 330 2484 Planciana
349 2455 455 2492 docet,
475 2456 508 2484 in
529 2466 587 2495 qua
608 2457 641 2486 C.
662 2456 719 2485 III.
738 2454 766 2496 5.
787 2458 812 2486 8.
839 2457 1003 2496 scriptum:
1032 2465 1097 2488 tum
1118 2461 1199 2489 enim
1217 2461 1441 2498 magistratum
1460 2469 1522 2487 non
1543 2459 1673 2497 gerebat
1697 2461 1743 2493 is,
1778 2461 1833 2499 qui
1851 2467 1989 2497 ceperat,
2010 2463 2037 2489 si
