<?xml version="1.0" encoding="UTF-8"?>
<!DOCTYPE html PUBLIC "-//W3C//DTD XHTML 1.0 Transitional//EN"
    "http://www.w3.org/TR/xhtml1/DTD/xhtml1-transitional.dtd">
<html xmlns="http://www.w3.org/1999/xhtml" xml:lang="en" lang="en">
 <head>
  <title>
</title>
<meta http-equiv="Content-Type" content="text/html;charset=utf-8" />
  <meta name='ocr-system' content='tesseract 3.04.00' />
  <meta name='ocr-capabilities' content='ocr_page ocr_carea ocr_par ocr_line ocrx_word'/>
</head>
<body>
  <div class='ocr_page' id='page_1' title='image "./oratioprocnplanc00ciceuoft/oratioprocnplanc00ciceuoft_0040.png"; bbox 0 0 2185 2720; ppageno 0'>
   <div class='ocr_carea' id='block_1_1' title="bbox 190 164 2061 282">
    <p class='ocr_par' dir='ltr' id='par_1_1' title="bbox 190 164 2061 282">
     <span class='ocr_line' id='line_1_1' title="bbox 190 164 1395 200; baseline -0.006 0"><span class='ocrx_word' id='word_1_1' title='bbox 190 171 257 200; x_wconf 81' lang='lat' dir='ltr'>XX</span> <span class='ocrx_word' id='word_1_2' title='bbox 862 164 1395 195; x_wconf 84' lang='lat' dir='ltr'><strong>PROLEGOMENA.</strong></span> 
     </span>
     <span class='ocr_line' id='line_1_2' title="bbox 262 239 2061 282; baseline -0.001 -10"><span class='ocrx_word' id='word_1_3' title='bbox 262 244 296 273; x_wconf 94' lang='lat' dir='ltr'>C.</span> <span class='ocrx_word' id='word_1_4' title='bbox 317 242 444 272; x_wconf 86' lang='lat' dir='ltr'>XXVI.</span> <span class='ocrx_word' id='word_1_5' title='bbox 465 242 492 282; x_wconf 84' lang='lat'>§.</span> <span class='ocrx_word' id='word_1_6' title='bbox 513 242 558 270; x_wconf 76' lang='lat'><strong>64.</strong></span> <span class='ocrx_word' id='word_1_7' title='bbox 598 241 648 269; x_wconf 69' lang='grc' dir='ltr'>.λέ</span> <span class='ocrx_word' id='word_1_8' title='bbox 667 241 746 270; x_wconf 71' lang='lat' dir='ltr'>mila·</span> <span class='ocrx_word' id='word_1_9' title='bbox 765 242 894 280; x_wconf 82' lang='lat' dir='ltr'>aliquid,</span> <span class='ocrx_word' id='word_1_10' title='bbox 914 241 1041 272; x_wconf 79' lang='lat' dir='ltr'>iudices,</span> <span class='ocrx_word' id='word_1_11' title='bbox 1063 241 1174 269; x_wconf 80' lang='lat' dir='ltr'>uidear</span> <span class='ocrx_word' id='word_1_12' title='bbox 1194 240 1268 267; x_wconf 73' lang='lat' dir='ltr'>adr</span> <span class='ocrx_word' id='word_1_13' title='bbox 1277 249 1293 267; x_wconf 87' lang='lat' dir='ltr'>o</span> <span class='ocrx_word' id='word_1_14' title='bbox 1299 250 1403 277; x_wconf 80' lang='lat' dir='ltr'>gare</span> <span class='ocrx_word' id='word_1_15' title='bbox 1411 250 1423 274; x_wconf 87' lang='lat'><em>;</em></span> <span class='ocrx_word' id='word_1_16' title='bbox 1452 239 1496 268; x_wconf 86' lang='lat' dir='ltr'>sic</span> <span class='ocrx_word' id='word_1_17' title='bbox 1514 239 1553 276; x_wconf 91' lang='lat' dir='ltr'>A,</span> <span class='ocrx_word' id='word_1_18' title='bbox 1572 241 1598 269; x_wconf 93' lang='lat' dir='ltr'><strong>B</strong></span> <span class='ocrx_word' id='word_1_19' title='bbox 1610 261 1619 277; x_wconf 83' lang='lat'>,</span> <span class='ocrx_word' id='word_1_20' title='bbox 1639 245 1670 270; x_wconf 84' lang='lat' dir='ltr'>et</span> <span class='ocrx_word' id='word_1_21' title='bbox 1688 241 1733 279; x_wconf 84' lang='lat' dir='ltr'>E;</span> <span class='ocrx_word' id='word_1_22' title='bbox 1755 241 1869 281; x_wconf 88' lang='lat' dir='ltr'>reliqui</span> <span class='ocrx_word' id='word_1_23' title='bbox 1888 251 1947 280; x_wconf 84' lang='lat' dir='ltr'>pro</span> <span class='ocrx_word' id='word_1_24' title='bbox 1967 241 2061 270; x_wconf 82' lang='lat' dir='ltr'>adro-</span> 
     </span>
    </p>
   </div>
   <div class='ocr_carea' id='block_1_2' title="bbox 182 292 2063 613">
    <p class='ocr_par' dir='ltr' id='par_1_2' title="bbox 182 292 615 331">
     <span class='ocr_line' id='line_1_3' title="bbox 182 292 615 331; baseline -0.014 -9"><span class='ocrx_word' id='word_1_25' title='bbox 182 304 263 331; x_wconf 82' lang='lat' dir='ltr'><em>gare</em></span> <span class='ocrx_word' id='word_1_26' title='bbox 284 292 424 320; x_wconf 86' lang='lat' dir='ltr'>scribunt</span> <span class='ocrx_word' id='word_1_27' title='bbox 443 299 615 327; x_wconf 77' lang='lat' dir='ltr'><em>arrogasse.</em></span> 
     </span>
    </p>

    <p class='ocr_par' dir='ltr' id='par_1_3' title="bbox 184 333 2063 520">
     <span class='ocr_line' id='line_1_4' title="bbox 261 333 2063 376; baseline -0.003 -8"><span class='ocrx_word' id='word_1_28' title='bbox 261 340 296 369; x_wconf 92' lang='lat' dir='ltr'>C.</span> <span class='ocrx_word' id='word_1_29' title='bbox 316 338 460 368; x_wconf 71' lang='lat' dir='ltr'><strong>XXVII.</strong></span> <span class='ocrx_word' id='word_1_30' title='bbox 481 335 507 376; x_wconf 88' lang='lat'>§</span> <span class='ocrx_word' id='word_1_31' title='bbox 529 336 574 364; x_wconf 75' lang='lat'><strong>(36.</strong></span> <span class='ocrx_word' id='word_1_32' title='bbox 615 336 716 373; x_wconf 71' lang='lat' dir='ltr'>Quam.</span> <span class='ocrx_word' id='word_1_33' title='bbox 735 339 763 365; x_wconf 81' lang='lat' dir='ltr'>si</span> <span class='ocrx_word' id='word_1_34' title='bbox 782 337 861 365; x_wconf 65' lang='lat' dir='ltr'>milli</span> <span class='ocrx_word' id='word_1_35' title='bbox 882 343 948 364; x_wconf 77' lang='lat' dir='ltr'>tum</span> <span class='ocrx_word' id='word_1_36' title='bbox 969 340 1066 363; x_wconf 72' lang='lat' dir='ltr'>essent</span> <span class='ocrx_word' id='word_1_37' title='bbox 1089 345 1191 362; x_wconf 70' lang='lat' dir='ltr'>omnes</span> <span class='ocrx_word' id='word_1_38' title='bbox 1207 340 1333 371; x_wconf 66' lang='lat' dir='ltr'>gratu</span> <span class='ocrx_word' id='word_1_39' title='bbox 1345 335 1447 367; x_wconf 80' lang='lat' dir='ltr'>lati;</span> <span class='ocrx_word' id='word_1_40' title='bbox 1467 333 1510 362; x_wconf 87' lang='lat' dir='ltr'>sic</span> <span class='ocrx_word' id='word_1_41' title='bbox 1530 334 1577 369; x_wconf 88' lang='lat' dir='ltr'>A,</span> <span class='ocrx_word' id='word_1_42' title='bbox 1597 334 1638 370; x_wconf 90' lang='lat' dir='ltr'>B,</span> <span class='ocrx_word' id='word_1_43' title='bbox 1659 339 1690 362; x_wconf 91' lang='lat' dir='ltr'>et</span> <span class='ocrx_word' id='word_1_44' title='bbox 1709 334 1754 371; x_wconf 82' lang='lat' dir='ltr'>E3</span> <span class='ocrx_word' id='word_1_45' title='bbox 1773 336 1887 374; x_wconf 80' lang='lat' dir='ltr'>reliqui</span> <span class='ocrx_word' id='word_1_46' title='bbox 1907 346 1964 374; x_wconf 89' lang='lat' dir='ltr'>pro</span> <span class='ocrx_word' id='word_1_47' title='bbox 1981 346 2063 373; x_wconf 83' lang='lat' dir='ltr'>gra-</span> 
     </span>
     <span class='ocr_line' id='line_1_5' title="bbox 186 382 2062 423; baseline -0.003 -7"><span class='ocrx_word' id='word_1_48' title='bbox 186 388 282 416; x_wconf 81' lang='lat' dir='ltr'>tulati</span> <span class='ocrx_word' id='word_1_49' title='bbox 308 386 448 414; x_wconf 82' lang='lat' dir='ltr'>scribunt</span> <span class='ocrx_word' id='word_1_50' title='bbox 467 385 693 421; x_wconf 74' lang='lat' dir='ltr'>congratulati.</span> <span class='ocrx_word' id='word_1_51' title='bbox 733 386 829 423; x_wconf 87' lang='lat' dir='ltr'>Saepe</span> <span class='ocrx_word' id='word_1_52' title='bbox 850 388 951 411; x_wconf 78' lang='lat' dir='ltr'>autem</span> <span class='ocrx_word' id='word_1_53' title='bbox 972 383 1004 411; x_wconf 88' lang='lat' dir='ltr'>in</span> <span class='ocrx_word' id='word_1_54' title='bbox 1025 392 1061 410; x_wconf 86' lang='lat' dir='ltr'>eo</span> <span class='ocrx_word' id='word_1_55' title='bbox 1083 393 1099 410; x_wconf 86' lang='lat' dir='ltr'>a</span> <span class='ocrx_word' id='word_1_56' title='bbox 1119 382 1255 410; x_wconf 84' lang='lat' dir='ltr'>librariis</span> <span class='ocrx_word' id='word_1_57' title='bbox 1276 386 1451 419; x_wconf 81' lang='lat' dir='ltr'>peccatum,</span> <span class='ocrx_word' id='word_1_58' title='bbox 1481 382 1563 420; x_wconf 86' lang='lat' dir='ltr'>quod</span> <span class='ocrx_word' id='word_1_59' title='bbox 1582 392 1640 420; x_wconf 88' lang='lat' dir='ltr'>pro</span> <span class='ocrx_word' id='word_1_60' title='bbox 1657 383 1819 419; x_wconf 74' lang='lat' dir='ltr'>gratulari</span> <span class='ocrx_word' id='word_1_61' title='bbox 1837 383 1966 411; x_wconf 85' lang='lat' dir='ltr'>uerbum</span> <span class='ocrx_word' id='word_1_62' title='bbox 1986 392 2062 410; x_wconf 89' lang='lat' dir='ltr'>con-</span> 
     </span>
     <span class='ocr_line' id='line_1_6' title="bbox 185 429 2061 475; baseline -0.003 -11"><span class='ocrx_word' id='word_1_63' title='bbox 185 436 321 475; x_wconf 86' lang='lat' dir='ltr'>positum</span> <span class='ocrx_word' id='word_1_64' title='bbox 341 441 454 472; x_wconf 77' lang='lat' dir='ltr'>posuei</span> <span class='ocrx_word' id='word_1_65' title='bbox 458 435 521 459; x_wconf 86' lang='lat' dir='ltr'>unt</span> <span class='ocrx_word' id='word_1_66' title='bbox 562 430 608 459; x_wconf 86' lang='lat' dir='ltr'>Ita</span> <span class='ocrx_word' id='word_1_67' title='bbox 628 432 661 460; x_wconf 91' lang='lat' dir='ltr'>in</span> <span class='ocrx_word' id='word_1_68' title='bbox 681 431 737 460; x_wconf 88' lang='lat' dir='ltr'>hac</span> <span class='ocrx_word' id='word_1_69' title='bbox 759 433 823 470; x_wconf 86' lang='lat' dir='ltr'>ipsa</span> <span class='ocrx_word' id='word_1_70' title='bbox 845 441 878 459; x_wconf 88' lang='lat'>01</span> <span class='ocrx_word' id='word_1_71' title='bbox 881 431 984 458; x_wconf 81' lang='lat' dir='ltr'>atione</span> <span class='ocrx_word' id='word_1_72' title='bbox 1005 431 1039 458; x_wconf 92' lang='lat' dir='ltr'>C.</span> <span class='ocrx_word' id='word_1_73' title='bbox 1060 430 1240 458; x_wconf 68' lang='lat' dir='ltr'><strong>XXXVII.</strong></span> <span class='ocrx_word' id='word_1_74' title='bbox 1268 429 1296 469; x_wconf 82' lang='lat'>§.</span> <span class='ocrx_word' id='word_1_75' title='bbox 1317 439 1361 468; x_wconf 87' lang='grc'>91.</span> <span class='ocrx_word' id='word_1_76' title='bbox 1383 434 1445 457; x_wconf 87' lang='lat' dir='ltr'>tres</span> <span class='ocrx_word' id='word_1_77' title='bbox 1467 429 1604 466; x_wconf 88' lang='lat' dir='ltr'>codices,</span> <span class='ocrx_word' id='word_1_78' title='bbox 1634 439 1766 468; x_wconf 73' lang='lat' dir='ltr'>qtiorum</span> <span class='ocrx_word' id='word_1_79' title='bbox 1785 429 1870 458; x_wconf 86' lang='lat' dir='ltr'>nulla</span> <span class='ocrx_word' id='word_1_80' title='bbox 1889 434 2061 471; x_wconf 22' lang='lat' dir='ltr'>est‘aucto-</span> 
     </span>
     <span class='ocr_line' id='line_1_7' title="bbox 184 478 904 520; baseline -0.011 -7"><span class='ocrx_word' id='word_1_81' title='bbox 184 485 275 516; x_wconf 83' lang='lat' dir='ltr'>ritas,</span> <span class='ocrx_word' id='word_1_82' title='bbox 295 492 387 520; x_wconf 54' lang='lat' dir='ltr'>prob</span> <span class='ocrx_word' id='word_1_83' title='bbox 377 480 516 508; x_wconf 77' lang='lat' dir='ltr'>‹rrattclor</span> <span class='ocrx_word' id='word_1_84' title='bbox 535 478 676 506; x_wconf 89' lang='lat' dir='ltr'>scribunt</span> <span class='ocrx_word' id='word_1_85' title='bbox 697 479 904 515; x_wconf 69' lang='lat' dir='ltr'>congratulor.</span> 
     </span>
    </p>

    <p class='ocr_par' dir='ltr' id='par_1_4' title="bbox 258 523 2063 565">
     <span class='ocr_line' id='line_1_8' title="bbox 258 523 2063 565; baseline -0.002 -10"><span class='ocrx_word' id='word_1_86' title='bbox 258 525 509 565; x_wconf 81' lang='lat' dir='ltr'><strong>C.XXX11.§.</strong></span> <span class='ocrx_word' id='word_1_87' title='bbox 532 536 574 562; x_wconf 91' lang='lat'>77.</span> <span class='ocrx_word' id='word_1_88' title='bbox 616 526 690 553; x_wconf 71' lang='lat' dir='ltr'>Cum</span> <span class='ocrx_word' id='word_1_89' title='bbox 711 531 873 553; x_wconf 80' lang='lat' dir='ltr'>tantum</span> <span class='ocrx_word' id='word_1_90' title='bbox 901 527 966 553; x_wconf 84' lang='lat' dir='ltr'>iam</span> <span class='ocrx_word' id='word_1_91' title='bbox 986 525 1120 552; x_wconf 62' lang='lat' dir='ltr'>Plancio</span> <span class='ocrx_word' id='word_1_92' title='bbox 1141 524 1298 559; x_wconf 49' lang='lat' dir='ltr'>cle-beten&amp;</span> <span class='ocrx_word' id='word_1_93' title='bbox 1324 524 1368 552; x_wconf 88' lang='lat' dir='ltr'>sic</span> <span class='ocrx_word' id='word_1_94' title='bbox 1389 524 1434 560; x_wconf 88' lang='lat' dir='ltr'>A,</span> <span class='ocrx_word' id='word_1_95' title='bbox 1453 523 1494 558; x_wconf 89' lang='lat' dir='ltr'>B,</span> <span class='ocrx_word' id='word_1_96' title='bbox 1515 528 1546 551; x_wconf 85' lang='lat' dir='ltr'>et</span> <span class='ocrx_word' id='word_1_97' title='bbox 1564 523 1610 560; x_wconf 89' lang='lat' dir='ltr'>E;</span> <span class='ocrx_word' id='word_1_98' title='bbox 1631 523 1745 562; x_wconf 82' lang='lat' dir='ltr'>reliqui</span> <span class='ocrx_word' id='word_1_99' title='bbox 1766 529 1890 552; x_wconf 71' lang='lat' dir='ltr'>tantum</span> <span class='ocrx_word' id='word_1_100' title='bbox 1907 523 2063 554; x_wconf 74' lang='lat' dir='ltr'>omittunt.</span> 
     </span>
    </p>

    <p class='ocr_par' dir='ltr' id='par_1_5' title="bbox 259 570 1952 613">
     <span class='ocr_line' id='line_1_9' title="bbox 259 570 1952 613; baseline -0.004 -8"><span class='ocrx_word' id='word_1_101' title='bbox 259 576 294 605; x_wconf 88' lang='lat' dir='ltr'>C.</span> <span class='ocrx_word' id='word_1_102' title='bbox 315 574 479 604; x_wconf 85' lang='lat' dir='ltr'>XXXIV.</span> <span class='ocrx_word' id='word_1_103' title='bbox 500 572 527 613; x_wconf 82' lang='lat'>§.</span> <span class='ocrx_word' id='word_1_104' title='bbox 548 574 593 604; x_wconf 86' lang='lat'>84.</span> <span class='ocrx_word' id='word_1_105' title='bbox 632 572 737 600; x_wconf 67' lang='lat' dir='ltr'>Rhodi</span> <span class='ocrx_word' id='word_1_106' title='bbox 754 574 853 608; x_wconf 80' lang='lat' dir='ltr'>enim,</span> <span class='ocrx_word' id='word_1_107' title='bbox 874 574 995 610; x_wconf 82' lang='lat' dir='ltr'>inquit,</span> <span class='ocrx_word' id='word_1_108' title='bbox 1015 582 1086 610; x_wconf 78' lang='lat' dir='ltr'>ego</span> <span class='ocrx_word' id='word_1_109' title='bbox 1107 582 1168 599; x_wconf 84' lang='lat' dir='ltr'>non</span> <span class='ocrx_word' id='word_1_110' title='bbox 1179 571 1259 610; x_wconf 80' lang='lat' dir='ltr'>fui;</span> <span class='ocrx_word' id='word_1_111' title='bbox 1279 572 1323 600; x_wconf 87' lang='lat' dir='ltr'>sic</span> <span class='ocrx_word' id='word_1_112' title='bbox 1342 572 1389 608; x_wconf 89' lang='lat' dir='ltr'>A,</span> <span class='ocrx_word' id='word_1_113' title='bbox 1408 571 1451 606; x_wconf 86' lang='lat' dir='ltr'>B,</span> <span class='ocrx_word' id='word_1_114' title='bbox 1471 575 1502 598; x_wconf 88' lang='lat' dir='ltr'>et</span> <span class='ocrx_word' id='word_1_115' title='bbox 1521 570 1566 598; x_wconf 92' lang='lat' dir='ltr'>E·</span> <span class='ocrx_word' id='word_1_116' title='bbox 1559 570 1701 609; x_wconf 84' lang='lat' dir='ltr'>,1eliqui</span> <span class='ocrx_word' id='word_1_117' title='bbox 1721 582 1774 609; x_wconf 80' lang='lat' dir='ltr'>ego</span> <span class='ocrx_word' id='word_1_118' title='bbox 1794 571 1952 600; x_wconf 82' lang='lat' dir='ltr'>omittunt.</span> 
     </span>
    </p>
   </div>
   <div class='ocr_carea' id='block_1_3' title="bbox 1088 666 1159 706">
    <p class='ocr_par' dir='ltr' id='par_1_6' title="bbox 1088 666 1159 706">
     <span class='ocr_line' id='line_1_10' title="bbox 1088 666 1159 706; baseline -0.056 -6"><span class='ocrx_word' id='word_1_119' title='bbox 1088 666 1114 706; x_wconf 57' lang='grc' dir='ltr'><strong>ς.</strong></span> <span class='ocrx_word' id='word_1_120' title='bbox 1133 673 1159 700; x_wconf 86' lang='lat'>3.</span> 
     </span>
    </p>
   </div>
   <div class='ocr_carea' id='block_1_4' title="bbox 183 723 2065 1192">
    <p class='ocr_par' dir='ltr' id='par_1_7' title="bbox 183 723 2065 1192">
     <span class='ocr_line' id='line_1_11' title="bbox 259 723 2063 764; baseline -0.003 -6"><span class='ocrx_word' id='word_1_121' title='bbox 259 731 357 759; x_wconf 89' lang='lat' dir='ltr'>Porro</span> <span class='ocrx_word' id='word_1_122' title='bbox 380 729 417 756; x_wconf 87' lang='lat' dir='ltr'>de</span> <span class='ocrx_word' id='word_1_123' title='bbox 437 728 503 756; x_wconf 89' lang='lat' dir='ltr'>cius</span> <span class='ocrx_word' id='word_1_124' title='bbox 524 727 616 755; x_wconf 87' lang='lat' dir='ltr'>etiam</span> <span class='ocrx_word' id='word_1_125' title='bbox 637 726 808 764; x_wconf 81' lang='lat' dir='ltr'>scripturae</span> <span class='ocrx_word' id='word_1_126' title='bbox 828 724 961 753; x_wconf 89' lang='lat' dir='ltr'>ueritate</span> <span class='ocrx_word' id='word_1_127' title='bbox 983 724 1119 753; x_wconf 84' lang='lat' dir='ltr'>dubitari</span> <span class='ocrx_word' id='word_1_128' title='bbox 1147 735 1209 753; x_wconf 89' lang='lat' dir='ltr'>non</span> <span class='ocrx_word' id='word_1_129' title='bbox 1237 725 1374 763; x_wconf 84' lang='lat' dir='ltr'>poterit,</span> <span class='ocrx_word' id='word_1_130' title='bbox 1404 734 1493 763; x_wconf 87' lang='grc'>(1113111</span> <span class='ocrx_word' id='word_1_131' title='bbox 1512 723 1736 754; x_wconf 81' lang='lat' dir='ltr'>Ambrosianus</span> <span class='ocrx_word' id='word_1_132' title='bbox 1757 736 1825 754; x_wconf 89' lang='lat' dir='ltr'>cum</span> <span class='ocrx_word' id='word_1_133' title='bbox 1845 725 1911 753; x_wconf 91' lang='lat' dir='ltr'>solo</span> <span class='ocrx_word' id='word_1_134' title='bbox 1931 729 1983 753; x_wconf 89' lang='lat' dir='ltr'>aut</span> <span class='ocrx_word' id='word_1_135' title='bbox 2002 725 2063 753; x_wconf 87' lang='lat' dir='ltr'>Ba·-</span> 
     </span>
     <span class='ocr_line' id='line_1_12' title="bbox 184 771 2063 811; baseline -0.004 -4"><span class='ocrx_word' id='word_1_136' title='bbox 184 779 289 810; x_wconf 88' lang='lat' dir='ltr'>uarico</span> <span class='ocrx_word' id='word_1_137' title='bbox 311 783 362 805; x_wconf 87' lang='lat' dir='ltr'>aut</span> <span class='ocrx_word' id='word_1_138' title='bbox 382 776 566 804; x_wconf 81' lang='lat' dir='ltr'>Erfurtense</span> <span class='ocrx_word' id='word_1_139' title='bbox 587 773 696 810; x_wconf 86' lang='lat' dir='ltr'>habet,</span> <span class='ocrx_word' id='word_1_140' title='bbox 723 774 820 801; x_wconf 73' lang='lat' dir='ltr'>altero</span> <span class='ocrx_word' id='word_1_141' title='bbox 842 782 910 800; x_wconf 89' lang='lat' dir='ltr'>cum</span> <span class='ocrx_word' id='word_1_142' title='bbox 931 772 1066 800; x_wconf 88' lang='lat' dir='ltr'>familiae</span> <span class='ocrx_word' id='word_1_143' title='bbox 1087 773 1198 800; x_wconf 80' lang='lat' dir='ltr'>tertiae</span> <span class='ocrx_word' id='word_1_144' title='bbox 1219 773 1378 800; x_wconf 84' lang='lat' dir='ltr'>codicibus</span> <span class='ocrx_word' id='word_1_145' title='bbox 1399 772 1490 800; x_wconf 85' lang='lat' dir='ltr'>aliter</span> <span class='ocrx_word' id='word_1_146' title='bbox 1510 772 1675 802; x_wconf 85' lang='lat' dir='ltr'>scribente.</span> <span class='ocrx_word' id='word_1_147' title='bbox 1716 773 1766 801; x_wconf 87' lang='lat' dir='ltr'>Sic</span> <span class='ocrx_word' id='word_1_148' title='bbox 1786 774 1868 811; x_wconf 79' lang='lat' dir='ltr'>leges</span> <span class='ocrx_word' id='word_1_149' title='bbox 1888 771 2063 810; x_wconf 83' lang='lat' dir='ltr'>grammati-</span> 
     </span>
     <span class='ocr_line' id='line_1_13' title="bbox 184 819 2064 865; baseline -0.004 -11"><span class='ocrx_word' id='word_1_150' title='bbox 184 837 236 856; x_wconf 82' lang='lat' dir='ltr'>cae</span> <span class='ocrx_word' id='word_1_151' title='bbox 256 825 432 865; x_wconf 78' lang='lat' dir='ltr'>postulant,</span> <span class='ocrx_word' id='word_1_152' title='bbox 452 828 487 851; x_wconf 84' lang='lat' dir='ltr'>ut</span> <span class='ocrx_word' id='word_1_153' title='bbox 508 823 541 851; x_wconf 81' lang='lat' dir='ltr'><strong>C.</strong></span> <span class='ocrx_word' id='word_1_154' title='bbox 562 822 605 850; x_wconf 80' lang='lat' dir='ltr'>X.</span> <span class='ocrx_word' id='word_1_155' title='bbox 626 820 653 860; x_wconf 82' lang='lat'>§.</span> <span class='ocrx_word' id='word_1_156' title='bbox 675 821 719 849; x_wconf 78' lang='lat'>26.</span> <span class='ocrx_word' id='word_1_157' title='bbox 741 832 808 849; x_wconf 87' lang='lat' dir='ltr'>cum</span> <span class='ocrx_word' id='word_1_158' title='bbox 829 819 858 847; x_wconf 89' lang='lat' dir='ltr'>A</span> <span class='ocrx_word' id='word_1_159' title='bbox 879 825 910 847; x_wconf 84' lang='lat' dir='ltr'>et</span> <span class='ocrx_word' id='word_1_160' title='bbox 929 820 954 847; x_wconf 90' lang='lat' dir='ltr'>B</span> <span class='ocrx_word' id='word_1_161' title='bbox 985 821 1153 856; x_wconf 80' lang='lat' dir='ltr'>scribatur,</span> <span class='ocrx_word' id='word_1_162' title='bbox 1186 821 1270 858; x_wconf 75' lang='lat' dir='ltr'>qnod</span> <span class='ocrx_word' id='word_1_163' title='bbox 1288 822 1318 849; x_wconf 86' lang='lat' dir='ltr'><strong>C.</strong></span> <span class='ocrx_word' id='word_1_164' title='bbox 1339 821 1486 848; x_wconf 65' lang='lat' dir='ltr'>stlat-ium</span> <span class='ocrx_word' id='word_1_165' title='bbox 1514 829 1529 846; x_wconf 87' lang='lat' dir='ltr'>e</span> <span class='ocrx_word' id='word_1_166' title='bbox 1558 821 1647 848; x_wconf 73' lang='lat' dir='ltr'>ciuili</span> <span class='ocrx_word' id='word_1_167' title='bbox 1669 821 1762 858; x_wconf 79' lang='lat' dir='ltr'>ferro</span> <span class='ocrx_word' id='word_1_168' title='bbox 1788 828 1879 858; x_wconf 75' lang='lat' dir='ltr'>atque</span> <span class='ocrx_word' id='word_1_169' title='bbox 1906 831 1941 848; x_wconf 78' lang='lat' dir='ltr'>ex</span> <span class='ocrx_word' id='word_1_170' title='bbox 1967 820 2064 856; x_wconf 68' lang='lat' dir='ltr'>inpiis</span> 
     </span>
     <span class='ocr_line' id='line_1_14' title="bbox 184 865 2065 907; baseline -0.001 -11"><span class='ocrx_word' id='word_1_171' title='bbox 184 873 327 903; x_wconf 63' lang='lat' dir='ltr'>manibus</span> <span class='ocrx_word' id='word_1_172' title='bbox 348 874 545 907; x_wconf 77' lang='lat' dir='ltr'>eripuerunt,</span> <span class='ocrx_word' id='word_1_173' title='bbox 580 869 634 897; x_wconf 86' lang='lat' dir='ltr'>ubi</span> <span class='ocrx_word' id='word_1_174' title='bbox 654 869 681 896; x_wconf 91' lang='lat' dir='ltr'>E</span> <span class='ocrx_word' id='word_1_175' title='bbox 703 879 771 897; x_wconf 88' lang='lat' dir='ltr'>cnm</span> <span class='ocrx_word' id='word_1_176' title='bbox 800 868 934 896; x_wconf 83' lang='lat' dir='ltr'>familiae</span> <span class='ocrx_word' id='word_1_177' title='bbox 955 868 1065 895; x_wconf 77' lang='lat' dir='ltr'>tertiae</span> <span class='ocrx_word' id='word_1_178' title='bbox 1087 868 1246 895; x_wconf 86' lang='lat' dir='ltr'>codicibus</span> <span class='ocrx_word' id='word_1_179' title='bbox 1275 879 1289 895; x_wconf 80' lang='lat' dir='ltr'>e</span> <span class='ocrx_word' id='word_1_180' title='bbox 1316 867 1578 906; x_wconf 79' lang='lat' dir='ltr'>praepositionem</span> <span class='ocrx_word' id='word_1_181' title='bbox 1608 873 1677 896; x_wconf 84' lang='lat' dir='ltr'>ante</span> <span class='ocrx_word' id='word_1_182' title='bbox 1698 870 1786 896; x_wconf 69' lang='lat' dir='ltr'>ciuili</span> <span class='ocrx_word' id='word_1_183' title='bbox 1806 867 1931 896; x_wconf 87' lang='lat' dir='ltr'>omittit.</span> <span class='ocrx_word' id='word_1_184' title='bbox 1970 865 2065 903; x_wconf 83' lang='lat' dir='ltr'>Quod</span> 
     </span>
     <span class='ocr_line' id='line_1_15' title="bbox 183 913 2062 958; baseline -0.004 -10"><span class='ocrx_word' id='word_1_185' title='bbox 183 922 208 949; x_wconf 92' lang='lat' dir='ltr'><strong>B</strong></span> <span class='ocrx_word' id='word_1_186' title='bbox 230 931 266 949; x_wconf 76' lang='lat' dir='ltr'>ex</span> <span class='ocrx_word' id='word_1_187' title='bbox 286 930 342 958; x_wconf 90' lang='lat' dir='ltr'>pro</span> <span class='ocrx_word' id='word_1_188' title='bbox 364 931 378 947; x_wconf 84' lang='lat' dir='ltr'>e</span> <span class='ocrx_word' id='word_1_189' title='bbox 398 917 523 951; x_wconf 84' lang='lat' dir='ltr'>scribit,</span> <span class='ocrx_word' id='word_1_190' title='bbox 544 915 625 943; x_wconf 86' lang='lat' dir='ltr'>nihil</span> <span class='ocrx_word' id='word_1_191' title='bbox 645 916 720 944; x_wconf 89' lang='lat' dir='ltr'>facit</span> <span class='ocrx_word' id='word_1_192' title='bbox 740 916 777 943; x_wconf 90' lang='lat' dir='ltr'>ad</span> <span class='ocrx_word' id='word_1_193' title='bbox 796 925 872 944; x_wconf 85' lang='lat' dir='ltr'>rem.</span> <span class='ocrx_word' id='word_1_194' title='bbox 903 914 977 942; x_wconf 88' lang='lat' dir='ltr'>Non</span> <span class='ocrx_word' id='word_1_195' title='bbox 997 914 1097 942; x_wconf 84' lang='lat' dir='ltr'>minus</span> <span class='ocrx_word' id='word_1_196' title='bbox 1119 920 1275 950; x_wconf 82' lang='lat' dir='ltr'>certumst,</span> <span class='ocrx_word' id='word_1_197' title='bbox 1297 915 1482 943; x_wconf 83' lang='lat' dir='ltr'>Ciceronem</span> <span class='ocrx_word' id='word_1_198' title='bbox 1504 916 1537 944; x_wconf 87' lang='lat' dir='ltr'><strong>C.</strong></span> <span class='ocrx_word' id='word_1_199' title='bbox 1559 915 1651 944; x_wconf 71' lang='lat' dir='ltr'><strong>XIV.</strong></span> <span class='ocrx_word' id='word_1_200' title='bbox 1672 913 1698 954; x_wconf 81' lang='lat'>§.</span> <span class='ocrx_word' id='word_1_201' title='bbox 1719 916 1764 943; x_wconf 80' lang='lat'><strong>33.</strong></span> <span class='ocrx_word' id='word_1_202' title='bbox 1786 925 1848 943; x_wconf 89' lang='lat' dir='ltr'>non</span> <span class='ocrx_word' id='word_1_203' title='bbox 1869 914 2062 946; x_wconf 77' lang='lat' dir='ltr'>descendens,</span> 
     </span>
     <span class='ocr_line' id='line_1_16' title="bbox 184 960 2064 1006; baseline -0.004 -11"><span class='ocrx_word' id='word_1_204' title='bbox 184 967 267 1006; x_wconf 87' lang='lat' dir='ltr'>qnod</span> <span class='ocrx_word' id='word_1_205' title='bbox 286 967 319 994; x_wconf 92' lang='lat' dir='ltr'>in</span> <span class='ocrx_word' id='word_1_206' title='bbox 340 965 474 994; x_wconf 82' lang='lat' dir='ltr'>familiae</span> <span class='ocrx_word' id='word_1_207' title='bbox 497 963 607 991; x_wconf 79' lang='lat' dir='ltr'>tertiae</span> <span class='ocrx_word' id='word_1_208' title='bbox 629 963 787 991; x_wconf 84' lang='lat' dir='ltr'>codicibus</span> <span class='ocrx_word' id='word_1_209' title='bbox 809 969 870 998; x_wconf 87' lang='lat' dir='ltr'>est,</span> <span class='ocrx_word' id='word_1_210' title='bbox 897 968 948 990; x_wconf 90' lang='lat' dir='ltr'>aut</span> <span class='ocrx_word' id='word_1_211' title='bbox 970 963 1154 995; x_wconf 76' lang='lat' dir='ltr'>decendens,</span> <span class='ocrx_word' id='word_1_212' title='bbox 1182 963 1265 1000; x_wconf 87' lang='lat' dir='ltr'>quod</span> <span class='ocrx_word' id='word_1_213' title='bbox 1284 963 1309 990; x_wconf 88' lang='lat' dir='ltr'>B</span> <span class='ocrx_word' id='word_1_214' title='bbox 1330 962 1437 998; x_wconf 85' lang='lat' dir='ltr'>habet,</span> <span class='ocrx_word' id='word_1_215' title='bbox 1465 968 1512 991; x_wconf 83' lang='lat' dir='ltr'>set</span> <span class='ocrx_word' id='word_1_216' title='bbox 1533 964 1693 996; x_wconf 74' lang='lat' dir='ltr'>decedens,</span> <span class='ocrx_word' id='word_1_217' title='bbox 1715 973 1790 1001; x_wconf 90' lang='lat' dir='ltr'>quae</span> <span class='ocrx_word' id='word_1_218' title='bbox 1811 961 1964 1000; x_wconf 84' lang='lat' dir='ltr'>scriptura</span> <span class='ocrx_word' id='word_1_219' title='bbox 1981 961 2015 988; x_wconf 89' lang='lat' dir='ltr'>in</span> <span class='ocrx_word' id='word_1_220' title='bbox 2032 960 2064 991; x_wconf 84' lang='lat' dir='ltr'>A</span> 
     </span>
     <span class='ocr_line' id='line_1_17' title="bbox 184 1009 2064 1050; baseline -0.004 -7"><span class='ocrx_word' id='word_1_221' title='bbox 184 1021 215 1043; x_wconf 87' lang='lat' dir='ltr'>et</span> <span class='ocrx_word' id='word_1_222' title='bbox 234 1015 261 1042; x_wconf 84' lang='lat' dir='ltr'>E</span> <span class='ocrx_word' id='word_1_223' title='bbox 283 1019 376 1048; x_wconf 78' lang='lat' dir='ltr'>extat,</span> <span class='ocrx_word' id='word_1_224' title='bbox 396 1012 574 1050; x_wconf 87' lang='lat' dir='ltr'>ibidemque</span> <span class='ocrx_word' id='word_1_225' title='bbox 594 1020 657 1038; x_wconf 88' lang='lat' dir='ltr'>non</span> <span class='ocrx_word' id='word_1_226' title='bbox 678 1011 823 1047; x_wconf 77' lang='lat' dir='ltr'>legiones,</span> <span class='ocrx_word' id='word_1_227' title='bbox 847 1020 923 1048; x_wconf 90' lang='lat' dir='ltr'>quae</span> <span class='ocrx_word' id='word_1_228' title='bbox 935 1009 1077 1037; x_wconf 89' lang='lat' dir='ltr'>Bauarici</span> <span class='ocrx_word' id='word_1_229' title='bbox 1099 1010 1297 1048; x_wconf 87' lang='lat' dir='ltr'>omniumque</span> <span class='ocrx_word' id='word_1_230' title='bbox 1316 1010 1385 1038; x_wconf 86' lang='lat' dir='ltr'>fam.</span> <span class='ocrx_word' id='word_1_231' title='bbox 1406 1010 1517 1038; x_wconf 85' lang='lat' dir='ltr'>tertiae</span> <span class='ocrx_word' id='word_1_232' title='bbox 1535 1010 1679 1039; x_wconf 78' lang='lat' dir='ltr'>codicum</span> <span class='ocrx_word' id='word_1_233' title='bbox 1700 1011 1892 1048; x_wconf 85' lang='lat' dir='ltr'>scripturast,</span> <span class='ocrx_word' id='word_1_234' title='bbox 1911 1013 1958 1036; x_wconf 87' lang='lat' dir='ltr'>set</span> <span class='ocrx_word' id='word_1_235' title='bbox 1977 1009 2064 1046; x_wconf 76' lang='lat' dir='ltr'>lega-</span> 
     </span>
     <span class='ocr_line' id='line_1_18' title="bbox 183 1054 2063 1097; baseline -0.005 -7"><span class='ocrx_word' id='word_1_236' title='bbox 183 1064 299 1095; x_wconf 81' lang='lat' dir='ltr'>tiones,</span> <span class='ocrx_word' id='word_1_237' title='bbox 328 1060 360 1088; x_wconf 91' lang='lat' dir='ltr'>id</span> <span class='ocrx_word' id='word_1_238' title='bbox 381 1060 463 1097; x_wconf 88' lang='lat' dir='ltr'>quod</span> <span class='ocrx_word' id='word_1_239' title='bbox 483 1059 516 1087; x_wconf 92' lang='lat' dir='ltr'>in</span> <span class='ocrx_word' id='word_1_240' title='bbox 535 1059 564 1086; x_wconf 86' lang='lat' dir='ltr'>A</span> <span class='ocrx_word' id='word_1_241' title='bbox 586 1063 617 1086; x_wconf 84' lang='lat' dir='ltr'>et</span> <span class='ocrx_word' id='word_1_242' title='bbox 636 1058 662 1084; x_wconf 88' lang='lat' dir='ltr'>E</span> <span class='ocrx_word' id='word_1_243' title='bbox 684 1063 745 1092; x_wconf 86' lang='lat' dir='ltr'>est,</span> <span class='ocrx_word' id='word_1_244' title='bbox 767 1058 935 1096; x_wconf 80' lang='lat' dir='ltr'>scripsisse.</span> <span class='ocrx_word' id='word_1_245' title='bbox 975 1057 1047 1084; x_wconf 80' lang='lat' dir='ltr'>Uno</span> <span class='ocrx_word' id='word_1_246' title='bbox 1068 1057 1101 1084; x_wconf 90' lang='lat' dir='ltr'>in</span> <span class='ocrx_word' id='word_1_247' title='bbox 1122 1057 1191 1085; x_wconf 87' lang='lat' dir='ltr'>Ioco</span> <span class='ocrx_word' id='word_1_248' title='bbox 1213 1057 1393 1093; x_wconf 86' lang='lat' dir='ltr'>comnunis,</span> <span class='ocrx_word' id='word_1_249' title='bbox 1422 1063 1469 1085; x_wconf 86' lang='lat' dir='ltr'>set</span> <span class='ocrx_word' id='word_1_250' title='bbox 1489 1058 1514 1085; x_wconf 90' lang='lat' dir='ltr'>is</span> <span class='ocrx_word' id='word_1_251' title='bbox 1534 1068 1675 1086; x_wconf 56' lang='lat' dir='ltr'>maxume</span> <span class='ocrx_word' id='word_1_252' title='bbox 1695 1058 1845 1096; x_wconf 83' lang='lat' dir='ltr'>procliuis</span> <span class='ocrx_word' id='word_1_253' title='bbox 1866 1065 1953 1084; x_wconf 83' lang='lat' dir='ltr'>error</span> <span class='ocrx_word' id='word_1_254' title='bbox 1980 1055 2015 1082; x_wconf 92' lang='lat' dir='ltr'>in</span> <span class='ocrx_word' id='word_1_255' title='bbox 2033 1054 2063 1082; x_wconf 88' lang='lat' dir='ltr'>A</span> 
     </span>
     <span class='ocr_line' id='line_1_19' title="bbox 184 1100 2063 1144; baseline -0.002 -10"><span class='ocrx_word' id='word_1_256' title='bbox 184 1112 215 1135; x_wconf 86' lang='lat' dir='ltr'>et</span> <span class='ocrx_word' id='word_1_257' title='bbox 234 1107 260 1134; x_wconf 89' lang='lat' dir='ltr'><strong>E</strong></span> <span class='ocrx_word' id='word_1_258' title='bbox 283 1106 537 1144; x_wconf 82' lang='lat' dir='ltr'>deprehenditur.</span> <span class='ocrx_word' id='word_1_259' title='bbox 579 1105 727 1133; x_wconf 83' lang='lat' dir='ltr'>scribunt</span> <span class='ocrx_word' id='word_1_260' title='bbox 755 1105 837 1132; x_wconf 89' lang='lat' dir='ltr'>enim</span> <span class='ocrx_word' id='word_1_261' title='bbox 863 1110 994 1142; x_wconf 87' lang='lat' dir='ltr'>uterque</span> <span class='ocrx_word' id='word_1_262' title='bbox 1021 1104 1055 1132; x_wconf 93' lang='lat' dir='ltr'>C.</span> <span class='ocrx_word' id='word_1_263' title='bbox 1076 1104 1239 1132; x_wconf 74' lang='lat' dir='ltr'><strong>XXXIV.</strong></span> <span class='ocrx_word' id='word_1_264' title='bbox 1269 1103 1296 1143; x_wconf 84' lang='lat'><strong>§.</strong></span> <span class='ocrx_word' id='word_1_265' title='bbox 1318 1106 1362 1133; x_wconf 85' lang='lat'><strong>83.</strong></span> <span class='ocrx_word' id='word_1_266' title='bbox 1392 1105 1447 1132; x_wconf 82' lang='lat' dir='ltr'>sed</span> <span class='ocrx_word' id='word_1_267' title='bbox 1469 1100 1567 1133; x_wconf 70' lang='lat' dir='ltr'>llaec</span> <span class='ocrx_word' id='word_1_268' title='bbox 1594 1108 1694 1133; x_wconf 77' lang='lat' dir='ltr'>neseio</span> <span class='ocrx_word' id='word_1_269' title='bbox 1720 1105 1865 1143; x_wconf 76' lang='lat' dir='ltr'>quomodo</span> <span class='ocrx_word' id='word_1_270' title='bbox 1893 1108 1967 1139; x_wconf 84' lang='lat' dir='ltr'>etc.,</span> <span class='ocrx_word' id='word_1_271' title='bbox 1993 1112 2063 1131; x_wconf 88' lang='lat' dir='ltr'>eum</span> 
     </span>
     <span class='ocr_line' id='line_1_20' title="bbox 184 1150 2025 1192; baseline -0.002 -9"><span class='ocrx_word' id='word_1_272' title='bbox 184 1154 327 1183; x_wconf 82' lang='lat' dir='ltr'>Tullium</span> <span class='ocrx_word' id='word_1_273' title='bbox 346 1164 409 1182; x_wconf 78' lang='lat' dir='ltr'>nou</span> <span class='ocrx_word' id='word_1_274' title='bbox 429 1153 506 1181; x_wconf 73' lang='lat' dir='ltr'>llaec</span> <span class='ocrx_word' id='word_1_275' title='bbox 525 1153 678 1192; x_wconf 87' lang='lat' dir='ltr'>potuisse,</span> <span class='ocrx_word' id='word_1_276' title='bbox 699 1157 745 1181; x_wconf 92' lang='lat' dir='ltr'>set</span> <span class='ocrx_word' id='word_1_277' title='bbox 762 1153 838 1185; x_wconf 78' lang='lat' dir='ltr'>hoc,</span> <span class='ocrx_word' id='word_1_278' title='bbox 861 1151 944 1190; x_wconf 85' lang='lat' dir='ltr'>quod</span> <span class='ocrx_word' id='word_1_279' title='bbox 967 1152 992 1180; x_wconf 89' lang='lat' dir='ltr'>B</span> <span class='ocrx_word' id='word_1_280' title='bbox 1014 1161 1084 1180; x_wconf 85' lang='lat' dir='ltr'>cum</span> <span class='ocrx_word' id='word_1_281' title='bbox 1103 1151 1233 1190; x_wconf 86' lang='lat' dir='ltr'>reliquis</span> <span class='ocrx_word' id='word_1_282' title='bbox 1255 1151 1345 1180; x_wconf 89' lang='lat' dir='ltr'>libris</span> <span class='ocrx_word' id='word_1_283' title='bbox 1365 1151 1475 1188; x_wconf 81' lang='lat' dir='ltr'>habet,</span> <span class='ocrx_word' id='word_1_284' title='bbox 1497 1152 1639 1182; x_wconf 82' lang='lat' dir='ltr'>debuisse</span> <span class='ocrx_word' id='word_1_285' title='bbox 1659 1153 1795 1182; x_wconf 84' lang='lat' dir='ltr'>scribere</span> <span class='ocrx_word' id='word_1_286' title='bbox 1815 1156 1955 1191; x_wconf 84' lang='lat' dir='ltr'>apertum</span> <span class='ocrx_word' id='word_1_287' title='bbox 1975 1150 2025 1178; x_wconf 88' lang='lat' dir='ltr'>sit.</span> 
     </span>
    </p>
   </div>
   <div class='ocr_carea' id='block_1_5' title="bbox 1084 1245 1166 1286">
    <p class='ocr_par' dir='ltr' id='par_1_8' title="bbox 1084 1245 1166 1286">
     <span class='ocr_line' id='line_1_21' title="bbox 1084 1245 1166 1286; baseline 0 -9"><span class='ocrx_word' id='word_1_288' title='bbox 1084 1245 1111 1286; x_wconf 80' lang='lat'><strong>§.</strong></span> <span class='ocrx_word' id='word_1_289' title='bbox 1139 1253 1166 1279; x_wconf 83' lang='lat'>4-</span> 
     </span>
    </p>
   </div>
   <div class='ocr_carea' id='block_1_6' title="bbox 185 1303 2066 1774">
    <p class='ocr_par' dir='ltr' id='par_1_9' title="bbox 185 1303 2066 1774">
     <span class='ocr_line' id='line_1_22' title="bbox 258 1303 2062 1345; baseline -0.003 -9"><span class='ocrx_word' id='word_1_290' title='bbox 258 1307 354 1336; x_wconf 81' lang='lat' dir='ltr'>Plane</span> <span class='ocrx_word' id='word_1_291' title='bbox 374 1307 477 1336; x_wconf 88' lang='lat' dir='ltr'>nullus</span> <span class='ocrx_word' id='word_1_292' title='bbox 499 1312 600 1336; x_wconf 85' lang='lat' dir='ltr'>autem</span> <span class='ocrx_word' id='word_1_293' title='bbox 621 1307 783 1335; x_wconf 84' lang='lat' dir='ltr'>dubitandi</span> <span class='ocrx_word' id='word_1_294' title='bbox 803 1307 907 1341; x_wconf 81' lang='grc'>100115,</span> <span class='ocrx_word' id='word_1_295' title='bbox 945 1305 1019 1343; x_wconf 87' lang='lat' dir='ltr'>quid</span> <span class='ocrx_word' id='word_1_296' title='bbox 1040 1305 1164 1333; x_wconf 90' lang='lat' dir='ltr'>Tullius</span> <span class='ocrx_word' id='word_1_297' title='bbox 1185 1305 1363 1343; x_wconf 82' lang='lat' dir='ltr'>scripserit,</span> <span class='ocrx_word' id='word_1_298' title='bbox 1395 1306 1430 1334; x_wconf 86' lang='lat' dir='ltr'>in</span> <span class='ocrx_word' id='word_1_299' title='bbox 1449 1307 1493 1335; x_wconf 87' lang='lat' dir='ltr'>eis</span> <span class='ocrx_word' id='word_1_300' title='bbox 1516 1307 1594 1336; x_wconf 89' lang='lat' dir='ltr'>locis</span> <span class='ocrx_word' id='word_1_301' title='bbox 1613 1307 1819 1345; x_wconf 79' lang='lat' dir='ltr'>relinquitur,</span> <span class='ocrx_word' id='word_1_302' title='bbox 1851 1304 1907 1333; x_wconf 88' lang='lat' dir='ltr'>ubi</span> <span class='ocrx_word' id='word_1_303' title='bbox 1927 1313 2016 1343; x_wconf 84' lang='lat' dir='ltr'>qnam</span> <span class='ocrx_word' id='word_1_304' title='bbox 2035 1303 2062 1331; x_wconf 88' lang='lat' dir='ltr'>A</span> 
     </span>
     <span class='ocr_line' id='line_1_23' title="bbox 185 1350 2066 1393; baseline -0.003 -9"><span class='ocrx_word' id='word_1_305' title='bbox 185 1365 254 1384; x_wconf 84' lang='grc'>011111</span> <span class='ocrx_word' id='word_1_306' title='bbox 273 1355 298 1383; x_wconf 91' lang='grc' dir='ltr'>Β</span> <span class='ocrx_word' id='word_1_307' title='bbox 319 1360 371 1383; x_wconf 91' lang='lat' dir='ltr'>aut</span> <span class='ocrx_word' id='word_1_308' title='bbox 391 1365 461 1383; x_wconf 88' lang='grc'>011111</span> <span class='ocrx_word' id='word_1_309' title='bbox 480 1355 506 1382; x_wconf 89' lang='grc' dir='ltr'><em>Ε</em></span> <span class='ocrx_word' id='word_1_310' title='bbox 528 1355 713 1393; x_wconf 81' lang='lat' dir='ltr'>scripturam</span> <span class='ocrx_word' id='word_1_311' title='bbox 733 1355 880 1393; x_wconf 84' lang='lat' dir='ltr'>praebet,</span> <span class='ocrx_word' id='word_1_312' title='bbox 909 1363 1013 1381; x_wconf 82' lang='lat' dir='ltr'>omnes</span> <span class='ocrx_word' id='word_1_313' title='bbox 1034 1357 1086 1380; x_wconf 86' lang='lat' dir='ltr'>aut</span> <span class='ocrx_word' id='word_1_314' title='bbox 1106 1352 1243 1390; x_wconf 87' lang='lat' dir='ltr'>plurumi</span> <span class='ocrx_word' id='word_1_315' title='bbox 1263 1357 1347 1381; x_wconf 83' lang='lat' dir='ltr'>certe</span> <span class='ocrx_word' id='word_1_316' title='bbox 1366 1353 1502 1383; x_wconf 83' lang='lat' dir='ltr'>familiae</span> <span class='ocrx_word' id='word_1_317' title='bbox 1522 1356 1633 1383; x_wconf 80' lang='lat' dir='ltr'>tertiae</span> <span class='ocrx_word' id='word_1_318' title='bbox 1653 1355 1774 1383; x_wconf 82' lang='lat' dir='ltr'>codices</span> <span class='ocrx_word' id='word_1_319' title='bbox 1794 1357 1930 1391; x_wconf 64' lang='lat' dir='ltr'>tuentur.</span> <span class='ocrx_word' id='word_1_320' title='bbox 1971 1350 2066 1388; x_wconf 85' lang='lat' dir='ltr'>Quod</span> 
     </span>
     <span class='ocr_line' id='line_1_24' title="bbox 185 1397 2064 1441; baseline -0.003 -10"><span class='ocrx_word' id='word_1_321' title='bbox 185 1414 240 1432; x_wconf 85' lang='lat' dir='ltr'>cur</span> <span class='ocrx_word' id='word_1_322' title='bbox 259 1403 303 1431; x_wconf 86' lang='lat' dir='ltr'>ita</span> <span class='ocrx_word' id='word_1_323' title='bbox 323 1403 378 1438; x_wconf 80' lang='lat' dir='ltr'>sit,</span> <span class='ocrx_word' id='word_1_324' title='bbox 408 1413 448 1430; x_wconf 82' lang='lat' dir='ltr'>ex</span> <span class='ocrx_word' id='word_1_325' title='bbox 467 1402 506 1430; x_wconf 88' lang='lat' dir='ltr'>iis</span> <span class='ocrx_word' id='word_1_326' title='bbox 526 1402 643 1440; x_wconf 83' lang='lat' dir='ltr'>liquet,</span> <span class='ocrx_word' id='word_1_327' title='bbox 672 1412 748 1440; x_wconf 86' lang='grc'>(11130</span> <span class='ocrx_word' id='word_1_328' title='bbox 767 1402 860 1440; x_wconf 86' lang='lat' dir='ltr'>paulo</span> <span class='ocrx_word' id='word_1_329' title='bbox 882 1406 953 1429; x_wconf 87' lang='lat' dir='ltr'>aute</span> <span class='ocrx_word' id='word_1_330' title='bbox 979 1399 1006 1438; x_wconf 83' lang='lat'>§.</span> <span class='ocrx_word' id='word_1_331' title='bbox 1027 1409 1052 1428; x_wconf 84' lang='lat'>2.</span> <span class='ocrx_word' id='word_1_332' title='bbox 1074 1399 1166 1427; x_wconf 88' lang='lat' dir='ltr'>huius</span> <span class='ocrx_word' id='word_1_333' title='bbox 1187 1400 1296 1438; x_wconf 84' lang='lat' dir='ltr'>capitis</span> <span class='ocrx_word' id='word_1_334' title='bbox 1317 1402 1501 1431; x_wconf 86' lang='lat' dir='ltr'>monuimus.</span> <span class='ocrx_word' id='word_1_335' title='bbox 1542 1403 1649 1441; x_wconf 84' lang='lat' dir='ltr'>Itaque</span> <span class='ocrx_word' id='word_1_336' title='bbox 1668 1411 1732 1429; x_wconf 84' lang='grc'>11011</span> <span class='ocrx_word' id='word_1_337' title='bbox 1752 1409 1829 1438; x_wconf 91' lang='lat' dir='ltr'>opus</span> <span class='ocrx_word' id='word_1_338' title='bbox 1849 1404 1912 1434; x_wconf 86' lang='lat' dir='ltr'>est,</span> <span class='ocrx_word' id='word_1_339' title='bbox 1940 1403 1975 1427; x_wconf 85' lang='lat' dir='ltr'>ut</span> <span class='ocrx_word' id='word_1_340' title='bbox 1995 1397 2064 1426; x_wconf 79' lang='lat' dir='ltr'>aliis</span> 
     </span>
     <span class='ocr_line' id='line_1_25' title="bbox 185 1445 2063 1493; baseline -0.003 -14"><span class='ocrx_word' id='word_1_341' title='bbox 185 1450 373 1488; x_wconf 84' lang='lat' dir='ltr'>argumentis</span> <span class='ocrx_word' id='word_1_342' title='bbox 395 1449 597 1477; x_wconf 86' lang='lat' dir='ltr'>Garatonium</span> <span class='ocrx_word' id='word_1_343' title='bbox 619 1449 805 1484; x_wconf 82' lang='lat' dir='ltr'>refutemus,</span> <span class='ocrx_word' id='word_1_344' title='bbox 826 1449 879 1487; x_wconf 86' lang='grc'>(1111</span> <span class='ocrx_word' id='word_1_345' title='bbox 901 1449 935 1477; x_wconf 88' lang='lat' dir='ltr'>C.</span> <span class='ocrx_word' id='word_1_346' title='bbox 956 1447 1014 1475; x_wconf 89' lang='lat' dir='ltr'><strong>XI.</strong></span> <span class='ocrx_word' id='word_1_347' title='bbox 1036 1445 1063 1486; x_wconf 82' lang='lat'>§.</span> <span class='ocrx_word' id='word_1_348' title='bbox 1084 1456 1129 1480; x_wconf 82' lang='lat'><strong>27.</strong></span> <span class='ocrx_word' id='word_1_349' title='bbox 1152 1456 1220 1474; x_wconf 87' lang='lat' dir='ltr'>cum</span> <span class='ocrx_word' id='word_1_350' title='bbox 1240 1448 1423 1478; x_wconf 88' lang='lat' dir='ltr'>Bauaricum</span> <span class='ocrx_word' id='word_1_351' title='bbox 1442 1445 1500 1488; x_wconf 81' lang='lat' dir='ltr'>pro</span> <span class='ocrx_word' id='word_1_352' title='bbox 1522 1451 1675 1493; x_wconf 80' lang='lat' dir='ltr'>scriptura</span> <span class='ocrx_word' id='word_1_353' title='bbox 1694 1449 1833 1486; x_wconf 79' lang='lat' dir='ltr'>uolgata,</span> <span class='ocrx_word' id='word_1_354' title='bbox 1853 1457 1942 1485; x_wconf 87' lang='lat' dir='ltr'>quam</span> <span class='ocrx_word' id='word_1_355' title='bbox 1961 1446 2006 1482; x_wconf 93' lang='lat' dir='ltr'>A,</span> <span class='ocrx_word' id='word_1_356' title='bbox 2026 1446 2063 1481; x_wconf 88' lang='lat' dir='ltr'>E,</span> 
     </span>
     <span class='ocr_line' id='line_1_26' title="bbox 185 1494 2064 1537; baseline -0.003 -10"><span class='ocrx_word' id='word_1_357' title='bbox 185 1504 216 1527; x_wconf 86' lang='lat' dir='ltr'>et</span> <span class='ocrx_word' id='word_1_358' title='bbox 235 1508 333 1537; x_wconf 88' lang='lat' dir='ltr'>paene</span> <span class='ocrx_word' id='word_1_359' title='bbox 354 1508 459 1526; x_wconf 87' lang='lat' dir='ltr'>omues</span> <span class='ocrx_word' id='word_1_360' title='bbox 480 1499 549 1526; x_wconf 84' lang='lat' dir='ltr'>sam.</span> <span class='ocrx_word' id='word_1_361' title='bbox 569 1497 679 1525; x_wconf 87' lang='lat' dir='ltr'>tertiae</span> <span class='ocrx_word' id='word_1_362' title='bbox 700 1496 822 1525; x_wconf 88' lang='lat' dir='ltr'>codices</span> <span class='ocrx_word' id='word_1_363' title='bbox 851 1495 1050 1530; x_wconf 80' lang='lat' dir='ltr'>confiunant,</span> <span class='ocrx_word' id='word_1_364' title='bbox 1082 1496 1145 1524; x_wconf 66' lang='lat' dir='ltr'>Hie</span> <span class='ocrx_word' id='word_1_365' title='bbox 1171 1500 1213 1522; x_wconf 81' lang='lat' dir='ltr'>est</span> <span class='ocrx_word' id='word_1_366' title='bbox 1242 1497 1339 1530; x_wconf 83' lang='lat' dir='ltr'>enim,</span> <span class='ocrx_word' id='word_1_367' title='bbox 1372 1499 1427 1534; x_wconf 76' lang='lat' dir='ltr'>qui</span> <span class='ocrx_word' id='word_1_368' title='bbox 1453 1498 1705 1526; x_wconf 63' lang='lat' dir='ltr'>adulescentulus</span> <span class='ocrx_word' id='word_1_369' title='bbox 1728 1501 1785 1524; x_wconf 89' lang='lat' dir='ltr'>etc.</span> <span class='ocrx_word' id='word_1_370' title='bbox 1795 1517 1803 1531; x_wconf 93' lang='lat'>,</span> <span class='ocrx_word' id='word_1_371' title='bbox 1836 1495 1972 1523; x_wconf 41' lang='grc' dir='ltr'>501Η111ε&gt;10</span> <span class='ocrx_word' id='word_1_372' title='bbox 1997 1494 2064 1522; x_wconf 70' lang='lat' dir='ltr'>Hie</span> 
     </span>
     <span class='ocr_line' id='line_1_27' title="bbox 185 1541 2064 1584; baseline -0.003 -9"><span class='ocrx_word' id='word_1_373' title='bbox 185 1548 284 1581; x_wconf 82' lang='lat' dir='ltr'>enim,</span> <span class='ocrx_word' id='word_1_374' title='bbox 314 1548 368 1584; x_wconf 82' lang='lat' dir='ltr'>qui</span> <span class='ocrx_word' id='word_1_375' title='bbox 398 1546 447 1573; x_wconf 82' lang='lat' dir='ltr'>ad.</span> <span class='ocrx_word' id='word_1_376' title='bbox 474 1549 531 1572; x_wconf 87' lang='lat' dir='ltr'>etc.</span> <span class='ocrx_word' id='word_1_377' title='bbox 560 1544 768 1582; x_wconf 80' lang='lat' dir='ltr'>conperisset,</span> <span class='ocrx_word' id='word_1_378' title='bbox 798 1548 829 1571; x_wconf 90' lang='lat' dir='ltr'>et</span> <span class='ocrx_word' id='word_1_379' title='bbox 850 1549 893 1571; x_wconf 78' lang='lat' dir='ltr'>est</span> <span class='ocrx_word' id='word_1_380' title='bbox 921 1547 951 1570; x_wconf 90' lang='lat' dir='ltr'>et</span> <span class='ocrx_word' id='word_1_381' title='bbox 978 1552 1031 1579; x_wconf 71' lang='lat' dir='ltr'>quc</span> <span class='ocrx_word' id='word_1_382' title='bbox 1059 1541 1222 1569; x_wconf 81' lang='lat' dir='ltr'>delendum</span> <span class='ocrx_word' id='word_1_383' title='bbox 1251 1542 1379 1570; x_wconf 83' lang='lat' dir='ltr'>censuit.</span> <span class='ocrx_word' id='word_1_384' title='bbox 1419 1543 1529 1582; x_wconf 84' lang='lat' dir='ltr'>Neque</span> <span class='ocrx_word' id='word_1_385' title='bbox 1557 1545 1721 1573; x_wconf 81' lang='lat' dir='ltr'>adiuuatm</span> <span class='ocrx_word' id='word_1_386' title='bbox 1741 1543 1800 1570; x_wconf 90' lang='lat' dir='ltr'>ista</span> <span class='ocrx_word' id='word_1_387' title='bbox 1819 1543 1997 1570; x_wconf 82' lang='lat' dir='ltr'>coniectura</span> <span class='ocrx_word' id='word_1_388' title='bbox 2017 1551 2064 1577; x_wconf 84' lang='lat' dir='ltr'>eo,</span> 
     </span>
     <span class='ocr_line' id='line_1_28' title="bbox 186 1589 2064 1633; baseline -0.003 -11"><span class='ocrx_word' id='word_1_389' title='bbox 186 1594 269 1633; x_wconf 86' lang='lat' dir='ltr'>quod</span> <span class='ocrx_word' id='word_1_390' title='bbox 288 1594 335 1621; x_wconf 90' lang='lat' dir='ltr'>La</span> <span class='ocrx_word' id='word_1_391' title='bbox 355 1593 447 1621; x_wconf 84' lang='lat' dir='ltr'>etiam</span> <span class='ocrx_word' id='word_1_392' title='bbox 467 1603 535 1620; x_wconf 89' lang='lat' dir='ltr'>cum</span> <span class='ocrx_word' id='word_1_393' title='bbox 555 1593 580 1619; x_wconf 86' lang='lat' dir='ltr'>B</span> <span class='ocrx_word' id='word_1_394' title='bbox 601 1591 674 1618; x_wconf 86' lang='lat' dir='ltr'>facit</span> <span class='ocrx_word' id='word_1_395' title='bbox 693 1591 823 1618; x_wconf 89' lang='lat' dir='ltr'>uerbum</span> <span class='ocrx_word' id='word_1_396' title='bbox 845 1597 889 1618; x_wconf 81' lang='lat' dir='ltr'>est</span> <span class='ocrx_word' id='word_1_397' title='bbox 909 1590 1072 1624; x_wconf 82' lang='lat' dir='ltr'>omittens,</span> <span class='ocrx_word' id='word_1_398' title='bbox 1106 1589 1188 1626; x_wconf 85' lang='lat' dir='ltr'>quod</span> <span class='ocrx_word' id='word_1_399' title='bbox 1209 1602 1222 1618; x_wconf 81' lang='lat' dir='ltr'>e</span> <span class='ocrx_word' id='word_1_400' title='bbox 1242 1591 1392 1628; x_wconf 78' lang='lat' dir='ltr'>sciiptum</span> <span class='ocrx_word' id='word_1_401' title='bbox 1412 1592 1572 1620; x_wconf 85' lang='lat' dir='ltr'>facillumo</span> <span class='ocrx_word' id='word_1_402' title='bbox 1594 1602 1700 1620; x_wconf 85' lang='lat' dir='ltr'>er101e</span> <span class='ocrx_word' id='word_1_403' title='bbox 1719 1595 1867 1629; x_wconf 84' lang='lat' dir='ltr'>sequente</span> <span class='ocrx_word' id='word_1_404' title='bbox 1887 1592 1969 1618; x_wconf 79' lang='lat' dir='ltr'>enim</span> <span class='ocrx_word' id='word_1_405' title='bbox 1989 1599 2064 1628; x_wconf 61' lang='lat' dir='ltr'>par-</span> 
     </span>
     <span class='ocr_line' id='line_1_29' title="bbox 186 1636 2062 1678; baseline -0.004 -8"><span class='ocrx_word' id='word_1_406' title='bbox 186 1641 283 1671; x_wconf 85' lang='lat' dir='ltr'>ticula</span> <span class='ocrx_word' id='word_1_407' title='bbox 303 1641 448 1669; x_wconf 83' lang='lat' dir='ltr'>excidere</span> <span class='ocrx_word' id='word_1_408' title='bbox 467 1639 589 1678; x_wconf 87' lang='lat' dir='ltr'>potuit,</span> <span class='ocrx_word' id='word_1_409' title='bbox 611 1643 641 1666; x_wconf 91' lang='lat' dir='ltr'>et</span> <span class='ocrx_word' id='word_1_410' title='bbox 662 1637 743 1675; x_wconf 88' lang='lat' dir='ltr'>quod</span> <span class='ocrx_word' id='word_1_411' title='bbox 762 1638 805 1666; x_wconf 85' lang='lat' dir='ltr'>Pa</span> <span class='ocrx_word' id='word_1_412' title='bbox 825 1643 855 1666; x_wconf 81' lang='lat' dir='ltr'>et</span> <span class='ocrx_word' id='word_1_413' title='bbox 878 1638 926 1673; x_wconf 89' lang='lat' dir='ltr'>D,</span> <span class='ocrx_word' id='word_1_414' title='bbox 953 1637 1096 1675; x_wconf 78' lang='lat' dir='ltr'>pluimna</span> <span class='ocrx_word' id='word_1_415' title='bbox 1116 1637 1302 1674; x_wconf 86' lang='lat' dir='ltr'>saepissume</span> <span class='ocrx_word' id='word_1_416' title='bbox 1322 1638 1417 1666; x_wconf 80' lang='lat' dir='ltr'>uerba</span> <span class='ocrx_word' id='word_1_417' title='bbox 1437 1640 1631 1675; x_wconf 64' lang='lat' dir='ltr'>omitfentes,</span> <span class='ocrx_word' id='word_1_418' title='bbox 1657 1650 1695 1677; x_wconf 89' lang='lat' dir='ltr'>pl</span> <span class='ocrx_word' id='word_1_419' title='bbox 1698 1648 1829 1666; x_wconf 88' lang='lat' dir='ltr'>onomen</span> <span class='ocrx_word' id='word_1_420' title='bbox 1850 1638 1905 1674; x_wconf 77' lang='lat' dir='ltr'>qai</span> <span class='ocrx_word' id='word_1_421' title='bbox 1922 1646 1986 1664; x_wconf 88' lang='grc'>11011</span> <span class='ocrx_word' id='word_1_422' title='bbox 2006 1636 2062 1664; x_wconf 87' lang='lat' dir='ltr'>ha-</span> 
     </span>
     <span class='ocr_line' id='line_1_30' title="bbox 185 1683 2064 1725; baseline -0.002 -8"><span class='ocrx_word' id='word_1_423' title='bbox 185 1690 269 1717; x_wconf 86' lang='lat' dir='ltr'>bent.</span> <span class='ocrx_word' id='word_1_424' title='bbox 308 1688 425 1717; x_wconf 88' lang='lat' dir='ltr'>Eadem</span> <span class='ocrx_word' id='word_1_425' title='bbox 446 1688 482 1717; x_wconf 84' lang='lat' dir='ltr'>de</span> <span class='ocrx_word' id='word_1_426' title='bbox 503 1697 606 1715; x_wconf 87' lang='lat' dir='ltr'>caussa</span> <span class='ocrx_word' id='word_1_427' title='bbox 626 1686 761 1714; x_wconf 86' lang='lat' dir='ltr'>minume</span> <span class='ocrx_word' id='word_1_428' title='bbox 782 1696 851 1714; x_wconf 85' lang='grc'>011111</span> <span class='ocrx_word' id='word_1_429' title='bbox 870 1685 1055 1714; x_wconf 83' lang='lat' dir='ltr'>Erfurtense</span> <span class='ocrx_word' id='word_1_430' title='bbox 1077 1684 1110 1711; x_wconf 91' lang='lat' dir='ltr'>C.</span> <span class='ocrx_word' id='word_1_431' title='bbox 1131 1683 1261 1713; x_wconf 88' lang='lat' dir='ltr'><strong>XXXI.</strong></span> <span class='ocrx_word' id='word_1_432' title='bbox 1280 1683 1308 1725; x_wconf 59' lang='grc' dir='ltr'>ς.</span> <span class='ocrx_word' id='word_1_433' title='bbox 1330 1685 1374 1722; x_wconf 83' lang='grc'>76.</span> <span class='ocrx_word' id='word_1_434' title='bbox 1402 1687 1600 1715; x_wconf 75' lang='lat' dir='ltr'>lacrimulam</span> <span class='ocrx_word' id='word_1_435' title='bbox 1627 1692 1715 1714; x_wconf 82' lang='lat' dir='ltr'>tuam</span> <span class='ocrx_word' id='word_1_436' title='bbox 1741 1684 1837 1713; x_wconf 84' lang='lat' dir='ltr'>scribi</span> <span class='ocrx_word' id='word_1_437' title='bbox 1857 1684 1964 1721; x_wconf 83' lang='lat' dir='ltr'>debet,</span> <span class='ocrx_word' id='word_1_438' title='bbox 1994 1694 2064 1713; x_wconf 86' lang='lat' dir='ltr'>cum</span> 
     </span>
     <span class='ocr_line' id='line_1_31' title="bbox 187 1731 1148 1774; baseline -0.005 -10"><span class='ocrx_word' id='word_1_439' title='bbox 187 1736 327 1766; x_wconf 85' lang='lat' dir='ltr'>ordinem</span> <span class='ocrx_word' id='word_1_440' title='bbox 347 1736 506 1774; x_wconf 85' lang='lat' dir='ltr'>uolgatum</span> <span class='ocrx_word' id='word_1_441' title='bbox 524 1734 552 1763; x_wconf 93' lang='lat' dir='ltr'>A</span> <span class='ocrx_word' id='word_1_442' title='bbox 574 1744 642 1762; x_wconf 87' lang='lat' dir='ltr'>cum</span> <span class='ocrx_word' id='word_1_443' title='bbox 662 1733 688 1762; x_wconf 93' lang='lat' dir='ltr'>B</span> <span class='ocrx_word' id='word_1_444' title='bbox 708 1738 739 1761; x_wconf 88' lang='lat' dir='ltr'>et</span> <span class='ocrx_word' id='word_1_445' title='bbox 758 1733 888 1773; x_wconf 80' lang='lat' dir='ltr'>reliquis</span> <span class='ocrx_word' id='word_1_446' title='bbox 908 1731 997 1760; x_wconf 88' lang='lat' dir='ltr'>libris</span> <span class='ocrx_word' id='word_1_447' title='bbox 1017 1736 1148 1760; x_wconf 87' lang='lat' dir='ltr'>tueatur.</span> 
     </span>
    </p>
   </div>
   <div class='ocr_carea' id='block_1_7' title="bbox 1089 1824 1164 1865">
    <p class='ocr_par' dir='ltr' id='par_1_10' title="bbox 1089 1824 1164 1865">
     <span class='ocr_line' id='line_1_32' title="bbox 1089 1824 1164 1865; baseline -0.053 -7"><span class='ocrx_word' id='word_1_448' title='bbox 1089 1824 1116 1865; x_wconf 59' lang='grc' dir='ltr'><strong>ς.</strong></span> <span class='ocrx_word' id='word_1_449' title='bbox 1137 1832 1164 1858; x_wconf 83' lang='grc'><strong>5.</strong></span> 
     </span>
    </p>
   </div>
   <div class='ocr_carea' id='block_1_8' title="bbox 187 1879 2070 1976">
    <p class='ocr_par' dir='ltr' id='par_1_11' title="bbox 187 1879 2070 1976">
     <span class='ocr_line' id='line_1_33' title="bbox 262 1879 2064 1928; baseline -0.004 -9"><span class='ocrx_word' id='word_1_450' title='bbox 262 1879 437 1928; x_wconf 78' lang='lat' dir='ltr'>Numquam</span> <span class='ocrx_word' id='word_1_451' title='bbox 456 1890 529 1918; x_wconf 87' lang='lat' dir='ltr'>illut</span> <span class='ocrx_word' id='word_1_452' title='bbox 548 1889 671 1924; x_wconf 84' lang='lat' dir='ltr'>factum,</span> <span class='ocrx_word' id='word_1_453' title='bbox 692 1893 727 1916; x_wconf 89' lang='lat' dir='ltr'>ut</span> <span class='ocrx_word' id='word_1_454' title='bbox 741 1885 964 1916; x_wconf 85' lang='lat' dir='ltr'>Ambrosianus</span> <span class='ocrx_word' id='word_1_455' title='bbox 985 1894 1054 1912; x_wconf 90' lang='lat' dir='ltr'>cum</span> <span class='ocrx_word' id='word_1_456' title='bbox 1073 1884 1208 1914; x_wconf 87' lang='lat' dir='ltr'>familiae</span> <span class='ocrx_word' id='word_1_457' title='bbox 1228 1884 1338 1913; x_wconf 85' lang='lat' dir='ltr'>tertiae</span> <span class='ocrx_word' id='word_1_458' title='bbox 1358 1885 1517 1916; x_wconf 90' lang='lat' dir='ltr'>codicibus</span> <span class='ocrx_word' id='word_1_459' title='bbox 1533 1885 1715 1921; x_wconf 82' lang='lat' dir='ltr'>consentiat,</span> <span class='ocrx_word' id='word_1_460' title='bbox 1735 1883 1885 1913; x_wconf 84' lang='lat' dir='ltr'>Bauarico</span> <span class='ocrx_word' id='word_1_461' title='bbox 1902 1887 1933 1911; x_wconf 82' lang='lat' dir='ltr'>et</span> <span class='ocrx_word' id='word_1_462' title='bbox 1948 1882 2064 1912; x_wconf 82' lang='lat' dir='ltr'>Erfur-</span> 
     </span>
     <span class='ocr_line' id='line_1_34' title="bbox 187 1934 2070 1976; baseline -0.005 -10"><span class='ocrx_word' id='word_1_463' title='bbox 187 1944 274 1966; x_wconf 84' lang='lat' dir='ltr'>tense</span> <span class='ocrx_word' id='word_1_464' title='bbox 293 1938 384 1967; x_wconf 84' lang='lat' dir='ltr'>aliam</span> <span class='ocrx_word' id='word_1_465' title='bbox 403 1937 586 1976; x_wconf 84' lang='lat' dir='ltr'>scripturam</span> <span class='ocrx_word' id='word_1_466' title='bbox 606 1935 815 1964; x_wconf 85' lang='lat' dir='ltr'>offerentibus.</span> <span class='ocrx_word' id='word_1_467' title='bbox 2067 1934 2070 1936; x_wconf 77' lang='grc'>’</span> 
     </span>
    </p>
   </div>
   <div class='ocr_carea' id='block_1_9' title="bbox 1088 2015 1164 2056">
    <p class='ocr_par' dir='ltr' id='par_1_12' title="bbox 1088 2015 1164 2056">
     <span class='ocr_line' id='line_1_35' title="bbox 1088 2015 1164 2056; baseline 0.039 -11"><span class='ocrx_word' id='word_1_468' title='bbox 1088 2015 1164 2056; x_wconf 71' lang='lat'><strong>§.6-</strong></span> 
     </span>
    </p>
   </div>
   <div class='ocr_carea' id='block_1_10' title="bbox 189 2074 2062 2447">
    <p class='ocr_par' dir='ltr' id='par_1_13' title="bbox 189 2074 2062 2447">
     <span class='ocr_line' id='line_1_36' title="bbox 264 2074 2062 2112; baseline -0.004 -2"><span class='ocrx_word' id='word_1_469' title='bbox 264 2083 423 2111; x_wconf 84' lang='lat' dir='ltr'>Postremo</span> <span class='ocrx_word' id='word_1_470' title='bbox 444 2080 498 2108; x_wconf 89' lang='lat' dir='ltr'>ubi</span> <span class='ocrx_word' id='word_1_471' title='bbox 517 2079 740 2108; x_wconf 84' lang='lat' dir='ltr'>Ambrosianus</span> <span class='ocrx_word' id='word_1_472' title='bbox 761 2078 798 2106; x_wconf 88' lang='lat' dir='ltr'>ab</span> <span class='ocrx_word' id='word_1_473' title='bbox 818 2076 954 2106; x_wconf 86' lang='lat' dir='ltr'>familiae</span> <span class='ocrx_word' id='word_1_474' title='bbox 974 2074 1124 2103; x_wconf 81' lang='lat' dir='ltr'>secundae</span> <span class='ocrx_word' id='word_1_475' title='bbox 1151 2080 1183 2103; x_wconf 89' lang='lat' dir='ltr'>et</span> <span class='ocrx_word' id='word_1_476' title='bbox 1211 2076 1321 2105; x_wconf 86' lang='lat' dir='ltr'>tertiae</span> <span class='ocrx_word' id='word_1_477' title='bbox 1350 2077 1509 2106; x_wconf 87' lang='lat' dir='ltr'>codicibus</span> <span class='ocrx_word' id='word_1_478' title='bbox 1530 2076 1689 2112; x_wconf 85' lang='lat' dir='ltr'>dissentit,</span> <span class='ocrx_word' id='word_1_479' title='bbox 1709 2075 1792 2103; x_wconf 88' lang='lat' dir='ltr'>inter</span> <span class='ocrx_word' id='word_1_480' title='bbox 1811 2083 1844 2102; x_wconf 89' lang='lat' dir='ltr'>se</span> <span class='ocrx_word' id='word_1_481' title='bbox 1864 2074 2062 2103; x_wconf 84' lang='lat' dir='ltr'>consentien-</span> 
     </span>
     <span class='ocr_line' id='line_1_37' title="bbox 189 2122 2061 2164; baseline -0.004 -7"><span class='ocrx_word' id='word_1_482' title='bbox 189 2130 290 2164; x_wconf 80' lang='lat' dir='ltr'>tibus,</span> <span class='ocrx_word' id='word_1_483' title='bbox 311 2138 350 2157; x_wconf 79' lang='lat' dir='ltr'>ex</span> <span class='ocrx_word' id='word_1_484' title='bbox 370 2127 430 2156; x_wconf 89' lang='lat' dir='ltr'>loci</span> <span class='ocrx_word' id='word_1_485' title='bbox 451 2126 606 2154; x_wconf 85' lang='lat' dir='ltr'>sententia</span> <span class='ocrx_word' id='word_1_486' title='bbox 627 2126 896 2161; x_wconf 78' lang='lat' dir='ltr'>diiudicandumst,</span> <span class='ocrx_word' id='word_1_487' title='bbox 916 2129 986 2158; x_wconf 82' lang='lat' dir='ltr'>ntra</span> <span class='ocrx_word' id='word_1_488' title='bbox 1003 2123 1157 2161; x_wconf 82' lang='lat' dir='ltr'>scriptura</span> <span class='ocrx_word' id='word_1_489' title='bbox 1177 2124 1309 2161; x_wconf 82' lang='lat' dir='ltr'>genuina</span> <span class='ocrx_word' id='word_1_490' title='bbox 1329 2124 1377 2153; x_wconf 89' lang='lat' dir='ltr'>sit.</span> <span class='ocrx_word' id='word_1_491' title='bbox 1418 2126 1609 2163; x_wconf 83' lang='lat' dir='ltr'>Quamquam</span> <span class='ocrx_word' id='word_1_492' title='bbox 1627 2124 1687 2152; x_wconf 89' lang='lat' dir='ltr'>hoc</span> <span class='ocrx_word' id='word_1_493' title='bbox 1707 2133 1765 2162; x_wconf 88' lang='lat' dir='ltr'>pro</span> <span class='ocrx_word' id='word_1_494' title='bbox 1786 2126 1871 2150; x_wconf 88' lang='lat' dir='ltr'>certo</span> <span class='ocrx_word' id='word_1_495' title='bbox 1890 2131 1989 2160; x_wconf 83' lang='lat' dir='ltr'>paene</span> <span class='ocrx_word' id='word_1_496' title='bbox 2006 2122 2061 2150; x_wconf 87' lang='lat' dir='ltr'>ad-</span> 
     </span>
     <span class='ocr_line' id='line_1_38' title="bbox 189 2169 2061 2214; baseline -0.003 -10"><span class='ocrx_word' id='word_1_497' title='bbox 189 2176 305 2204; x_wconf 84' lang='lat' dir='ltr'>firmari</span> <span class='ocrx_word' id='word_1_498' title='bbox 326 2179 444 2214; x_wconf 84' lang='lat' dir='ltr'>potest,</span> <span class='ocrx_word' id='word_1_499' title='bbox 465 2174 525 2201; x_wconf 88' lang='lat' dir='ltr'>nisi</span> <span class='ocrx_word' id='word_1_500' title='bbox 545 2174 571 2201; x_wconf 86' lang='lat' dir='ltr'>si</span> <span class='ocrx_word' id='word_1_501' title='bbox 591 2174 791 2202; x_wconf 84' lang='lat' dir='ltr'>Ambrosiani</span> <span class='ocrx_word' id='word_1_502' title='bbox 811 2173 982 2211; x_wconf 86' lang='lat' dir='ltr'>scripturae</span> <span class='ocrx_word' id='word_1_503' title='bbox 1002 2171 1181 2199; x_wconf 82' lang='lat' dir='ltr'>manifestae</span> <span class='ocrx_word' id='word_1_504' title='bbox 1202 2172 1396 2210; x_wconf 84' lang='lat' dir='ltr'>corruptelae</span> <span class='ocrx_word' id='word_1_505' title='bbox 1415 2172 1487 2208; x_wconf 87' lang='lat' dir='ltr'>siut,</span> <span class='ocrx_word' id='word_1_506' title='bbox 1509 2172 1619 2209; x_wconf 89' lang='lat' dir='ltr'>quibus</span> <span class='ocrx_word' id='word_1_507' title='bbox 1639 2172 1747 2210; x_wconf 81' lang='lat' dir='ltr'>utique</span> <span class='ocrx_word' id='word_1_508' title='bbox 1767 2180 1831 2198; x_wconf 89' lang='grc'>11011</span> <span class='ocrx_word' id='word_1_509' title='bbox 1850 2169 1985 2198; x_wconf 77' lang='lat' dir='ltr'>inmunis</span> <span class='ocrx_word' id='word_1_510' title='bbox 2005 2175 2061 2205; x_wconf 87' lang='lat' dir='ltr'>est,</span> 
     </span>
     <span class='ocr_line' id='line_1_39' title="bbox 191 2215 2059 2261; baseline -0.003 -9"><span class='ocrx_word' id='word_1_511' title='bbox 191 2234 256 2252; x_wconf 84' lang='lat' dir='ltr'>eam</span> <span class='ocrx_word' id='word_1_512' title='bbox 276 2223 469 2261; x_wconf 80' lang='lat' dir='ltr'>scripturam,</span> <span class='ocrx_word' id='word_1_513' title='bbox 490 2230 565 2258; x_wconf 87' lang='lat' dir='ltr'>quae</span> <span class='ocrx_word' id='word_1_514' title='bbox 585 2220 618 2249; x_wconf 89' lang='lat' dir='ltr'>in</span> <span class='ocrx_word' id='word_1_515' title='bbox 638 2221 844 2250; x_wconf 87' lang='lat' dir='ltr'>Ambrosiano</span> <span class='ocrx_word' id='word_1_516' title='bbox 865 2221 915 2256; x_wconf 86' lang='lat' dir='ltr'>sit,</span> <span class='ocrx_word' id='word_1_517' title='bbox 935 2231 951 2248; x_wconf 88' lang='lat' dir='ltr'>a</span> <span class='ocrx_word' id='word_1_518' title='bbox 972 2219 1123 2248; x_wconf 84' lang='lat' dir='ltr'>Cicerone</span> <span class='ocrx_word' id='word_1_519' title='bbox 1143 2219 1312 2258; x_wconf 82' lang='lat' dir='ltr'>profectam</span> <span class='ocrx_word' id='word_1_520' title='bbox 1333 2219 1445 2247; x_wconf 86' lang='lat' dir='ltr'>debere</span> <span class='ocrx_word' id='word_1_521' title='bbox 1465 2219 1654 2247; x_wconf 82' lang='lat' dir='ltr'>existumari.</span> <span class='ocrx_word' id='word_1_522' title='bbox 1694 2219 1745 2247; x_wconf 90' lang='lat' dir='ltr'>Sic</span> <span class='ocrx_word' id='word_1_523' title='bbox 1766 2228 1857 2256; x_wconf 87' lang='lat' dir='ltr'>supra</span> <span class='ocrx_word' id='word_1_524' title='bbox 1878 2218 1911 2246; x_wconf 91' lang='lat' dir='ltr'>C.</span> <span class='ocrx_word' id='word_1_525' title='bbox 1931 2217 1971 2244; x_wconf 91' lang='lat' dir='ltr'><strong>H.</strong></span> <span class='ocrx_word' id='word_1_526' title='bbox 1990 2215 2018 2256; x_wconf 52' lang='grc' dir='ltr'><strong>ᾗ.</strong></span> <span class='ocrx_word' id='word_1_527' title='bbox 2037 2227 2059 2246; x_wconf 88' lang='grc'>1.</span> 
     </span>
     <span class='ocr_line' id='line_1_40' title="bbox 191 2264 2060 2305; baseline -0.003 -7"><span class='ocrx_word' id='word_1_528' title='bbox 191 2270 287 2298; x_wconf 85' lang='lat' dir='ltr'>solius</span> <span class='ocrx_word' id='word_1_529' title='bbox 306 2268 505 2297; x_wconf 72' lang='lat' dir='ltr'>Auibrosiani</span> <span class='ocrx_word' id='word_1_530' title='bbox 524 2269 705 2297; x_wconf 77' lang='lat' dir='ltr'>auctmitate</span> <span class='ocrx_word' id='word_1_531' title='bbox 727 2269 786 2297; x_wconf 85' lang='lat' dir='ltr'>duo</span> <span class='ocrx_word' id='word_1_532' title='bbox 808 2268 927 2304; x_wconf 84' lang='lat' dir='ltr'>menda,</span> <span class='ocrx_word' id='word_1_533' title='bbox 947 2276 1023 2305; x_wconf 87' lang='lat' dir='ltr'>quae</span> <span class='ocrx_word' id='word_1_534' title='bbox 1043 2266 1142 2295; x_wconf 86' lang='lat' dir='ltr'>omnis</span> <span class='ocrx_word' id='word_1_535' title='bbox 1163 2266 1285 2294; x_wconf 87' lang='lat' dir='ltr'>codices</span> <span class='ocrx_word' id='word_1_536' title='bbox 1306 2271 1549 2304; x_wconf 89' lang='lat' dir='ltr'>occupauerant,</span> <span class='ocrx_word' id='word_1_537' title='bbox 1569 2276 1634 2294; x_wconf 88' lang='lat' dir='ltr'>esse</span> <span class='ocrx_word' id='word_1_538' title='bbox 1655 2266 1773 2294; x_wconf 88' lang='lat' dir='ltr'>sublata</span> <span class='ocrx_word' id='word_1_539' title='bbox 1792 2265 1933 2293; x_wconf 88' lang='lat' dir='ltr'>uidimus.</span> <span class='ocrx_word' id='word_1_540' title='bbox 1974 2264 2060 2300; x_wconf 87' lang='lat' dir='ltr'>Qua-</span> 
     </span>
     <span class='ocr_line' id='line_1_41' title="bbox 191 2311 2060 2356; baseline -0.003 -11"><span class='ocrx_word' id='word_1_541' title='bbox 191 2321 320 2356; x_wconf 86' lang='lat' dir='ltr'>propter</span> <span class='ocrx_word' id='word_1_542' title='bbox 341 2326 379 2344; x_wconf 74' lang='lat' dir='ltr'>ex</span> <span class='ocrx_word' id='word_1_543' title='bbox 399 2315 506 2343; x_wconf 86' lang='lat' dir='ltr'>eodem</span> <span class='ocrx_word' id='word_1_544' title='bbox 535 2325 571 2343; x_wconf 88' lang='lat' dir='ltr'>eo</span> <span class='ocrx_word' id='word_1_545' title='bbox 592 2316 692 2344; x_wconf 88' lang='lat' dir='ltr'>minus</span> <span class='ocrx_word' id='word_1_546' title='bbox 713 2316 920 2345; x_wconf 80' lang='lat' dir='ltr'>dubitauiuius</span> <span class='ocrx_word' id='word_1_547' title='bbox 949 2315 983 2343; x_wconf 92' lang='lat' dir='ltr'><strong>C.</strong></span> <span class='ocrx_word' id='word_1_548' title='bbox 1004 2314 1063 2342; x_wconf 84' lang='grc' dir='ltr'><strong>ΙΧ.</strong></span> <span class='ocrx_word' id='word_1_549' title='bbox 1089 2312 1117 2352; x_wconf 80' lang='lat'>§.</span> <span class='ocrx_word' id='word_1_550' title='bbox 1138 2314 1182 2342; x_wconf 80' lang='lat'>23.</span> <span class='ocrx_word' id='word_1_551' title='bbox 1211 2314 1432 2351; x_wconf 75' lang='lat' dir='ltr'>Adiungamus</span> <span class='ocrx_word' id='word_1_552' title='bbox 1458 2324 1515 2352; x_wconf 87' lang='lat' dir='ltr'>pro</span> <span class='ocrx_word' id='word_1_553' title='bbox 1536 2314 1659 2351; x_wconf 83' lang='lat' dir='ltr'>uolgato</span> <span class='ocrx_word' id='word_1_554' title='bbox 1679 2314 1812 2349; x_wconf 60' lang='lat' dir='ltr'>Aeliano</span> <span class='ocrx_word' id='word_1_555' title='bbox 1795 2322 1879 2346; x_wconf 67' lang='lat' dir='ltr'>vam,</span> <span class='ocrx_word' id='word_1_556' title='bbox 1905 2315 1937 2338; x_wconf 87' lang='lat' dir='ltr'>et</span> <span class='ocrx_word' id='word_1_557' title='bbox 1963 2311 1997 2340; x_wconf 88' lang='lat' dir='ltr'>C.</span> <span class='ocrx_word' id='word_1_558' title='bbox 2016 2311 2060 2340; x_wconf 86' lang='lat' dir='ltr'>X.</span> 
     </span>
     <span class='ocr_line' id='line_1_42' title="bbox 191 2358 2060 2403; baseline -0.002 -11"><span class='ocrx_word' id='word_1_559' title='bbox 191 2362 219 2403; x_wconf 86' lang='lat'>§.</span> <span class='ocrx_word' id='word_1_560' title='bbox 240 2364 284 2392; x_wconf 65' lang='lat'><strong>22.</strong></span> <span class='ocrx_word' id='word_1_561' title='bbox 305 2364 411 2391; x_wconf 77' lang='lat' dir='ltr'>timide</span> <span class='ocrx_word' id='word_1_562' title='bbox 432 2363 534 2391; x_wconf 78' lang='lat' dir='ltr'>dicam</span> <span class='ocrx_word' id='word_1_563' title='bbox 553 2372 610 2400; x_wconf 89' lang='lat' dir='ltr'>pro</span> <span class='ocrx_word' id='word_1_564' title='bbox 631 2363 753 2401; x_wconf 82' lang='lat' dir='ltr'>uolgato</span> <span class='ocrx_word' id='word_1_565' title='bbox 773 2364 880 2392; x_wconf 75' lang='lat' dir='ltr'>timide</span> <span class='ocrx_word' id='word_1_566' title='bbox 900 2364 967 2391; x_wconf 75' lang='lat' dir='ltr'>dico</span> <span class='ocrx_word' id='word_1_567' title='bbox 986 2362 1143 2399; x_wconf 88' lang='lat' dir='ltr'>recipere,</span> <span class='ocrx_word' id='word_1_568' title='bbox 1167 2371 1228 2399; x_wconf 83' lang='lat' dir='ltr'>quo</span> <span class='ocrx_word' id='word_1_569' title='bbox 1247 2361 1368 2389; x_wconf 86' lang='lat' dir='ltr'>facilius</span> <span class='ocrx_word' id='word_1_570' title='bbox 1388 2361 1494 2400; x_wconf 90' lang='lat' dir='ltr'>priore</span> <span class='ocrx_word' id='word_1_571' title='bbox 1513 2361 1582 2389; x_wconf 88' lang='lat' dir='ltr'>loco</span> <span class='ocrx_word' id='word_1_572' title='bbox 1603 2361 1750 2398; x_wconf 82' lang='lat' dir='ltr'>syllabam</span> <span class='ocrx_word' id='word_1_573' title='bbox 1769 2358 1890 2387; x_wconf 69' lang='lat' dir='ltr'>finalem</span> <span class='ocrx_word' id='word_1_574' title='bbox 1910 2368 1964 2391; x_wconf 80' lang='lat' dir='ltr'>us,</span> <span class='ocrx_word' id='word_1_575' title='bbox 1983 2369 2060 2396; x_wconf 87' lang='lat' dir='ltr'>qnae</span> 
     </span>
     <span class='ocr_line' id='line_1_43' title="bbox 192 2405 2060 2447; baseline -0.002 -9"><span class='ocrx_word' id='word_1_576' title='bbox 192 2410 280 2439; x_wconf 85' lang='lat' dir='ltr'>tenui</span> <span class='ocrx_word' id='word_1_577' title='bbox 309 2410 423 2438; x_wconf 83' lang='lat' dir='ltr'>lineola</span> <span class='ocrx_word' id='word_1_578' title='bbox 450 2410 545 2438; x_wconf 85' lang='lat' dir='ltr'>scribi</span> <span class='ocrx_word' id='word_1_579' title='bbox 571 2410 787 2445; x_wconf 61' lang='lat' dir='ltr'>comnena-it,</span> <span class='ocrx_word' id='word_1_580' title='bbox 819 2410 928 2438; x_wconf 88' lang='lat' dir='ltr'>librari</span> <span class='ocrx_word' id='word_1_581' title='bbox 954 2409 1147 2447; x_wconf 82' lang='lat' dir='ltr'>neglegentia</span> <span class='ocrx_word' id='word_1_582' title='bbox 1172 2409 1311 2447; x_wconf 84' lang='lat' dir='ltr'>potuisse</span> <span class='ocrx_word' id='word_1_583' title='bbox 1346 2409 1489 2437; x_wconf 76' lang='lat' dir='ltr'>excidere</span> <span class='ocrx_word' id='word_1_584' title='bbox 1514 2413 1615 2447; x_wconf 85' lang='lat' dir='ltr'>patet,</span> <span class='ocrx_word' id='word_1_585' title='bbox 1650 2416 1770 2446; x_wconf 86' lang='lat' dir='ltr'>quoque</span> <span class='ocrx_word' id='word_1_586' title='bbox 1804 2405 2060 2435; x_wconf 81' lang='lat' dir='ltr'>accommodatius</span> 
     </span>
    </p>
   </div>
   <div class='ocr_carea' id='block_1_11' title="bbox 1854 2443 1879 2453">
    <p class='ocr_par' dir='ltr' id='par_1_14' title="bbox 1854 2443 1879 2453">
     <span class='ocr_line' id='line_1_44' title="bbox 1854 2443 1879 2453; baseline 0 0"><span class='ocrx_word' id='word_1_587' title='bbox 1854 2443 1879 2453; x_wconf 72' lang='grc' dir='ltr'>τ·-</span> 
     </span>
    </p>
   </div>
   <div class='ocr_carea' id='block_1_12' title="bbox 193 2453 2095 2496">
    <p class='ocr_par' dir='ltr' id='par_1_15' title="bbox 193 2453 2095 2496">
     <span class='ocr_line' id='line_1_45' title="bbox 193 2453 2095 2496; baseline -0.003 -9"><span class='ocrx_word' id='word_1_588' title='bbox 193 2457 290 2487; x_wconf 79' lang='lat' dir='ltr'>altero</span> <span class='ocrx_word' id='word_1_589' title='bbox 310 2457 379 2485; x_wconf 88' lang='lat' dir='ltr'>loco</span> <span class='ocrx_word' id='word_1_590' title='bbox 399 2458 538 2487; x_wconf 70' lang='lat' dir='ltr'>suttuum</span> <span class='ocrx_word' id='word_1_591' title='bbox 559 2458 662 2487; x_wconf 75' lang='lat' dir='ltr'>dicam</span> <span class='ocrx_word' id='word_1_592' title='bbox 681 2457 899 2486; x_wconf 84' lang='lat' dir='ltr'>consuetudini</span> <span class='ocrx_word' id='word_1_593' title='bbox 922 2456 1123 2485; x_wconf 87' lang='lat' dir='ltr'>Tullianaest.</span> <span class='ocrx_word' id='word_1_594' title='bbox 1162 2456 1312 2493; x_wconf 86' lang='lat' dir='ltr'>Accedit,</span> <span class='ocrx_word' id='word_1_595' title='bbox 1341 2457 1422 2496; x_wconf 88' lang='lat' dir='ltr'>quod</span> <span class='ocrx_word' id='word_1_596' title='bbox 1443 2457 1560 2487; x_wconf 84' lang='lat' dir='ltr'>dicam,</span> <span class='ocrx_word' id='word_1_597' title='bbox 1580 2455 1624 2484; x_wconf 80' lang='lat' dir='ltr'>ita</span> <span class='ocrx_word' id='word_1_598' title='bbox 1642 2455 1792 2493; x_wconf 85' lang='lat' dir='ltr'>seriptum</span> <span class='ocrx_word' id='word_1_599' title='bbox 1811 2454 1900 2490; x_wconf 82' lang='lat' dir='ltr'>dica,</span> <span class='ocrx_word' id='word_1_600' title='bbox 1938 2453 2060 2483; x_wconf 81' lang='lat' dir='ltr'>facilius</span> <span class='ocrx_word' id='word_1_601' title='bbox 2089 2469 2095 2472; x_wconf 87' lang='lat'><em>-</em></span> 
     </span>
    </p>
   </div>
  </div>
 </body>
</html>
