<?xml version="1.0" encoding="UTF-8"?>
<!DOCTYPE html PUBLIC "-//W3C//DTD XHTML 1.0 Transitional//EN"
    "http://www.w3.org/TR/xhtml1/DTD/xhtml1-transitional.dtd">
<html xmlns="http://www.w3.org/1999/xhtml" xml:lang="en" lang="en">
 <head>
  <title>
</title>
<meta http-equiv="Content-Type" content="text/html;charset=utf-8" />
  <meta name='ocr-system' content='tesseract 3.04.00' />
  <meta name='ocr-capabilities' content='ocr_page ocr_carea ocr_par ocr_line ocrx_word'/>
</head>
<body>
  <div class='ocr_page' id='page_1' title='image "./oratioprocnplanc00ciceuoft/oratioprocnplanc00ciceuoft_0313.png"; bbox 0 0 2185 2720; ppageno 0'>
   <div class='ocr_carea' id='block_1_1' title="bbox 846 120 2039 161">
    <p class='ocr_par' dir='ltr' id='par_1_1' title="bbox 846 120 2039 161">
     <span class='ocr_line' id='line_1_1' title="bbox 846 120 2039 161; baseline 0.003 -8"><span class='ocrx_word' id='word_1_1' title='bbox 846 122 952 153; x_wconf 86' lang='lat' dir='ltr'><em>CAP.</em></span> <span class='ocrx_word' id='word_1_2' title='bbox 991 121 1140 151; x_wconf 83' lang='lat' dir='ltr'><em>xxxn.</em></span> <span class='ocrx_word' id='word_1_3' title='bbox 1167 120 1196 161; x_wconf 66' lang='grc' dir='ltr'><em>ς.</em></span> <span class='ocrx_word' id='word_1_4' title='bbox 1224 127 1271 154; x_wconf 87' lang='lat'><em>77.</em></span> <span class='ocrx_word' id='word_1_5' title='bbox 1299 125 1347 155; x_wconf 71' lang='grc' dir='ltr'><em>τε.</em></span> <span class='ocrx_word' id='word_1_6' title='bbox 1986 130 2039 159; x_wconf 78' lang='lat'><em>195</em></span> 
     </span>
    </p>
   </div>
   <div class='ocr_carea' id='block_1_2' title="bbox 136 196 2042 2418">
    <p class='ocr_par' dir='ltr' id='par_1_2' title="bbox 154 196 2042 298">
     <span class='ocr_line' id='line_1_2' title="bbox 240 196 2042 242; baseline -0.001 -7"><span class='ocrx_word' id='word_1_7' title='bbox 240 200 375 242; x_wconf 79' lang='lat' dir='ltr'><em>Racili)</em></span> <span class='ocrx_word' id='word_1_8' title='bbox 420 199 524 242; x_wconf 87' lang='lat' dir='ltr'><em>Quod</em></span> <span class='ocrx_word' id='word_1_9' title='bbox 554 198 591 230; x_wconf 89' lang='lat' dir='ltr'><em>in</em></span> <span class='ocrx_word' id='word_1_10' title='bbox 620 197 791 230; x_wconf 84' lang='lat' dir='ltr'><strong>codicibus</strong></span> <span class='ocrx_word' id='word_1_11' title='bbox 819 196 994 229; x_wconf 86' lang='lat' dir='ltr'><strong>nonnullis</strong></span> <span class='ocrx_word' id='word_1_12' title='bbox 1017 196 1142 228; x_wconf 89' lang='lat' dir='ltr'><em>uitiose</em></span> <span class='ocrx_word' id='word_1_13' title='bbox 1164 209 1208 230; x_wconf 85' lang='lat' dir='ltr'><em>m.</em></span> <span class='ocrx_word' id='word_1_14' title='bbox 1237 196 1272 228; x_wconf 94' lang='lat' dir='ltr'><em>id</em></span> <span class='ocrx_word' id='word_1_15' title='bbox 1296 202 1347 229; x_wconf 84' lang='lat' dir='ltr'><em>est</em></span> <span class='ocrx_word' id='word_1_16' title='bbox 1366 196 1486 230; x_wconf 82' lang='lat' dir='ltr'><em>Marci</em></span> <span class='ocrx_word' id='word_1_17' title='bbox 1506 202 1585 228; x_wconf 84' lang='lat' dir='ltr'><em>ante</em></span> <span class='ocrx_word' id='word_1_18' title='bbox 1605 197 1729 231; x_wconf 83' lang='lat' dir='ltr'><em>Racili</em></span> <span class='ocrx_word' id='word_1_19' title='bbox 1748 197 1906 241; x_wconf 85' lang='lat' dir='ltr'>additur,</span> <span class='ocrx_word' id='word_1_20' title='bbox 1939 199 1975 232; x_wconf 90' lang='lat' dir='ltr'><em>id</em></span> <span class='ocrx_word' id='word_1_21' title='bbox 1997 212 2042 233; x_wconf 87' lang='lat' dir='ltr'><em>ex</em></span> 
     </span>
     <span class='ocr_line' id='line_1_3' title="bbox 154 250 1231 298; baseline -0.007 -10"><span class='ocrx_word' id='word_1_22' title='bbox 154 255 285 288; x_wconf 86' lang='lat' dir='ltr'><em>ultuma</em></span> <span class='ocrx_word' id='word_1_23' title='bbox 305 252 540 298; x_wconf 87' lang='lat' dir='ltr'><em>praecedentis</em></span> <span class='ocrx_word' id='word_1_24' title='bbox 561 252 661 284; x_wconf 89' lang='lat' dir='ltr'><em>uerbi</em></span> <span class='ocrx_word' id='word_1_25' title='bbox 683 251 840 284; x_wconf 86' lang='lat' dir='ltr'><strong><em>deberem</em></strong></span> <span class='ocrx_word' id='word_1_26' title='bbox 860 250 976 282; x_wconf 84' lang='lat' dir='ltr'><em>littera</em></span> <span class='ocrx_word' id='word_1_27' title='bbox 997 255 1111 281; x_wconf 87' lang='lat' dir='ltr'><em>ortum</em></span> <span class='ocrx_word' id='word_1_28' title='bbox 1133 256 1231 292; x_wconf 90' lang='lat' dir='ltr'><em>puto.</em></span> 
     </span>
    </p>

    <p class='ocr_par' dir='ltr' id='par_1_3' title="bbox 148 302 2042 774">
     <span class='ocr_line' id='line_1_4' title="bbox 239 302 2037 352; baseline -0.001 -13"><span class='ocrx_word' id='word_1_29' title='bbox 239 310 270 352; x_wconf 85' lang='lat'><em>§.</em></span> <span class='ocrx_word' id='word_1_30' title='bbox 299 308 350 350; x_wconf 84' lang='lat'><em>78.</em></span> <span class='ocrx_word' id='word_1_31' title='bbox 392 306 453 341; x_wconf 89' lang='lat' dir='ltr'><em>An</em></span> <span class='ocrx_word' id='word_1_32' title='bbox 481 318 564 338; x_wconf 83' lang='lat' dir='ltr'><em>uero</em></span> <span class='ocrx_word' id='word_1_33' title='bbox 590 311 701 349; x_wconf 74' lang='lat' dir='ltr'><em>putas</em></span> <span class='ocrx_word' id='word_1_34' title='bbox 732 305 865 337; x_wconf 79' lang='lat' dir='ltr'><em>iudices</em></span> <span class='ocrx_word' id='word_1_35' title='bbox 895 304 1025 336; x_wconf 80' lang='lat' dir='ltr'><em>idcirco</em></span> <span class='ocrx_word' id='word_1_36' title='bbox 1053 303 1169 334; x_wconf 77' lang='lat' dir='ltr'><em>minus</em></span> <span class='ocrx_word' id='word_1_37' title='bbox 1197 316 1273 336; x_wconf 80' lang='lat' dir='ltr'><em>mea</em></span> <span class='ocrx_word' id='word_1_38' title='bbox 1295 315 1420 336; x_wconf 79' lang='lat' dir='ltr'><em>caussa</em></span> <span class='ocrx_word' id='word_1_39' title='bbox 1433 302 1614 347; x_wconf 72' lang='lat' dir='ltr'><em>facturos)</em></span> <span class='ocrx_word' id='word_1_40' title='bbox 1659 304 1776 346; x_wconf 86' lang='lat' dir='ltr'><em>Quom</em></span> <span class='ocrx_word' id='word_1_41' title='bbox 1798 305 1882 337; x_wconf 87' lang='lat' dir='ltr'><em>Bau.</em></span> <span class='ocrx_word' id='word_1_42' title='bbox 1906 312 1940 338; x_wconf 87' lang='lat' dir='ltr'><em>et</em></span> <span class='ocrx_word' id='word_1_43' title='bbox 1961 306 2037 339; x_wconf 88' lang='lat' dir='ltr'><em>Erf.</em></span> 
     </span>
     <span class='ocr_line' id='line_1_5' title="bbox 152 355 2041 403; baseline -0.002 -8"><span class='ocrx_word' id='word_1_44' title='bbox 152 362 310 395; x_wconf 81' lang='lat' dir='ltr'><em>lubenter</em></span> <span class='ocrx_word' id='word_1_45' title='bbox 335 367 413 393; x_wconf 87' lang='lat' dir='ltr'><em>ante</em></span> <span class='ocrx_word' id='word_1_46' title='bbox 435 371 512 392; x_wconf 79' lang='lat' dir='ltr'><em>mea</em></span> <span class='ocrx_word' id='word_1_47' title='bbox 532 357 682 398; x_wconf 81' lang='lat' dir='ltr'><em>addunt,</em></span> <span class='ocrx_word' id='word_1_48' title='bbox 711 357 746 389; x_wconf 89' lang='lat' dir='ltr'><em>h.</em></span> <span class='ocrx_word' id='word_1_49' title='bbox 771 369 800 389; x_wconf 88' lang='lat' dir='ltr'><em>e.</em></span> <span class='ocrx_word' id='word_1_50' title='bbox 822 359 939 390; x_wconf 77' lang='lat' dir='ltr'><em>minus</em></span> <span class='ocrx_word' id='word_1_51' title='bbox 961 356 1138 394; x_wconf 80' lang='lat' dir='ltr'><em>lubenter,</em></span> <span class='ocrx_word' id='word_1_52' title='bbox 1171 355 1274 388; x_wconf 84' lang='lat' dir='ltr'><em>fidem</em></span> <span class='ocrx_word' id='word_1_53' title='bbox 1295 368 1366 388; x_wconf 90' lang='lat' dir='ltr'><em>non</em></span> <span class='ocrx_word' id='word_1_54' title='bbox 1387 355 1528 388; x_wconf 86' lang='lat' dir='ltr'><em>faciunt.</em></span> <span class='ocrx_word' id='word_1_55' title='bbox 1570 356 1803 390; x_wconf 89' lang='lat' dir='ltr'><em>Adiecticium</em></span> <span class='ocrx_word' id='word_1_56' title='bbox 1827 358 1863 389; x_wconf 90' lang='lat' dir='ltr'><em>id</em></span> <span class='ocrx_word' id='word_1_57' title='bbox 1886 370 1956 391; x_wconf 89' lang='lat' dir='ltr'><em>esse</em></span> <span class='ocrx_word' id='word_1_58' title='bbox 1977 370 2041 403; x_wconf 89' lang='lat' dir='ltr'><em>pa-</em></span> 
     </span>
     <span class='ocr_line' id='line_1_6' title="bbox 152 409 2040 456; baseline -0.001 -10"><span class='ocrx_word' id='word_1_59' title='bbox 152 420 212 447; x_wconf 84' lang='lat' dir='ltr'><em>tet.</em></span> <span class='ocrx_word' id='word_1_60' title='bbox 258 413 356 447; x_wconf 90' lang='lat' dir='ltr'><em>Ordo</em></span> <span class='ocrx_word' id='word_1_61' title='bbox 381 419 514 446; x_wconf 88' lang='lat' dir='ltr'><em>tantum</em></span> <span class='ocrx_word' id='word_1_62' title='bbox 538 411 692 454; x_wconf 81' lang='lat' dir='ltr'><em>placere,</em></span> <span class='ocrx_word' id='word_1_63' title='bbox 730 421 832 453; x_wconf 87' lang='lat' dir='ltr'><em>quem</em></span> <span class='ocrx_word' id='word_1_64' title='bbox 855 409 1034 449; x_wconf 85' lang='lat' dir='ltr'><em>adferunt,</em></span> <span class='ocrx_word' id='word_1_65' title='bbox 1070 415 1202 452; x_wconf 87' lang='lat' dir='ltr'><em>potest,</em></span> <span class='ocrx_word' id='word_1_66' title='bbox 1239 410 1369 442; x_wconf 84' lang='lat' dir='ltr'><em>idcirco</em></span> <span class='ocrx_word' id='word_1_67' title='bbox 1397 410 1514 442; x_wconf 80' lang='lat' dir='ltr'><em>minus</em></span> <span class='ocrx_word' id='word_1_68' title='bbox 1537 410 1669 442; x_wconf 80' lang='lat' dir='ltr'><em>iudices</em></span> <span class='ocrx_word' id='word_1_69' title='bbox 1690 423 1767 443; x_wconf 84' lang='lat' dir='ltr'><em>mea</em></span> <span class='ocrx_word' id='word_1_70' title='bbox 1789 423 1896 445; x_wconf 80' lang='lat' dir='ltr'><em>causa</em></span> <span class='ocrx_word' id='word_1_71' title='bbox 1909 411 2040 456; x_wconf 75' lang='lat' dir='ltr'><em>factic-</em></span> 
     </span>
     <span class='ocr_line' id='line_1_7' title="bbox 153 462 2042 509; baseline -0.003 -8"><span class='ocrx_word' id='word_1_72' title='bbox 153 481 221 501; x_wconf 90' lang='lat' dir='ltr'><em>ros.</em></span> <span class='ocrx_word' id='word_1_73' title='bbox 255 469 516 500; x_wconf 73' lang='lat' dir='ltr'><em>GARATONIUS.</em></span> <span class='ocrx_word' id='word_1_74' title='bbox 560 464 740 497; x_wconf 79' lang='lat' dir='ltr'><em>Lubenter</em></span> <span class='ocrx_word' id='word_1_75' title='bbox 761 475 832 495; x_wconf 90' lang='lat' dir='ltr'><em>non</em></span> <span class='ocrx_word' id='word_1_76' title='bbox 855 474 926 494; x_wconf 88' lang='lat' dir='ltr'><em>esse</em></span> <span class='ocrx_word' id='word_1_77' title='bbox 957 474 978 494; x_wconf 90' lang='lat' dir='ltr'><em>a</em></span> <span class='ocrx_word' id='word_1_78' title='bbox 1000 462 1166 494; x_wconf 85' lang='lat' dir='ltr'><strong>Cicerone</strong></span> <span class='ocrx_word' id='word_1_79' title='bbox 1196 462 1369 502; x_wconf 88' lang='lat' dir='ltr'><em>additum,</em></span> <span class='ocrx_word' id='word_1_80' title='bbox 1403 462 1484 494; x_wconf 90' lang='lat' dir='ltr'><em>inde</em></span> <span class='ocrx_word' id='word_1_81' title='bbox 1505 469 1619 506; x_wconf 84' lang='lat' dir='ltr'><em>patet,</em></span> <span class='ocrx_word' id='word_1_82' title='bbox 1656 463 1746 505; x_wconf 87' lang='lat' dir='ltr'><em>quod</em></span> <span class='ocrx_word' id='word_1_83' title='bbox 1773 475 1812 496; x_wconf 91' lang='lat' dir='ltr'><em>eo</em></span> <span class='ocrx_word' id='word_1_84' title='bbox 1837 471 1975 509; x_wconf 88' lang='lat' dir='ltr'><em>recepto</em></span> <span class='ocrx_word' id='word_1_85' title='bbox 1997 465 2042 496; x_wconf 88' lang='lat' dir='ltr'><em>ad</em></span> 
     </span>
     <span class='ocr_line' id='line_1_8' title="bbox 151 515 2039 561; baseline -0.003 -7"><span class='ocrx_word' id='word_1_86' title='bbox 151 521 338 554; x_wconf 82' lang='lat' dir='ltr'><em>sententiae</em></span> <span class='ocrx_word' id='word_1_87' title='bbox 360 518 591 561; x_wconf 86' lang='lat' dir='ltr'><em>integritatem</em></span> <span class='ocrx_word' id='word_1_88' title='bbox 613 515 742 558; x_wconf 88' lang='lat' dir='ltr'><em>aliquid</em></span> <span class='ocrx_word' id='word_1_89' title='bbox 767 515 872 547; x_wconf 84' lang='lat' dir='ltr'><strong>deest.</strong></span> <span class='ocrx_word' id='word_1_90' title='bbox 918 515 1010 547; x_wconf 86' lang='lat' dir='ltr'><em>Tum</em></span> <span class='ocrx_word' id='word_1_91' title='bbox 1034 515 1126 547; x_wconf 88' lang='lat' dir='ltr'><em>enim</em></span> <span class='ocrx_word' id='word_1_92' title='bbox 1147 516 1264 548; x_wconf 76' lang='lat' dir='ltr'><em>minus</em></span> <span class='ocrx_word' id='word_1_93' title='bbox 1294 515 1436 547; x_wconf 88' lang='lat' dir='ltr'><em>aduerbi</em></span> <span class='ocrx_word' id='word_1_94' title='bbox 1464 515 1575 547; x_wconf 85' lang='lat' dir='ltr'><em>uicem</em></span> <span class='ocrx_word' id='word_1_95' title='bbox 1598 516 1704 558; x_wconf 86' lang='lat' dir='ltr'><em>gerit,</em></span> <span class='ocrx_word' id='word_1_96' title='bbox 1735 518 1827 559; x_wconf 88' lang='lat' dir='ltr'><em>quod</em></span> <span class='ocrx_word' id='word_1_97' title='bbox 1850 517 2039 549; x_wconf 85' lang='lat' dir='ltr'><em>necessario</em></span> 
     </span>
     <span class='ocr_line' id='line_1_9' title="bbox 150 568 2040 613; baseline -0.001 -9"><span class='ocrx_word' id='word_1_98' title='bbox 150 573 223 604; x_wconf 88' lang='lat' dir='ltr'><em>uim</em></span> <span class='ocrx_word' id='word_1_99' title='bbox 245 571 405 604; x_wconf 86' lang='lat' dir='ltr'><em>adiectiui</em></span> <span class='ocrx_word' id='word_1_100' title='bbox 426 570 552 602; x_wconf 85' lang='lat' dir='ltr'><em>habere</em></span> <span class='ocrx_word' id='word_1_101' title='bbox 571 580 663 601; x_wconf 92' lang='lat' dir='ltr'><em>nunc</em></span> <span class='ocrx_word' id='word_1_102' title='bbox 686 568 786 600; x_wconf 90' lang='lat' dir='ltr'><em>debet</em></span> <span class='ocrx_word' id='word_1_103' title='bbox 808 575 846 601; x_wconf 92' lang='lat' dir='ltr'><em>ut</em></span> <span class='ocrx_word' id='word_1_104' title='bbox 871 568 976 608; x_wconf 85' lang='lat' dir='ltr'><em>adsit,</em></span> <span class='ocrx_word' id='word_1_105' title='bbox 1010 569 1103 612; x_wconf 91' lang='lat' dir='ltr'><em>quod</em></span> <span class='ocrx_word' id='word_1_106' title='bbox 1126 580 1203 601; x_wconf 88' lang='lat' dir='ltr'><em>cum</em></span> <span class='ocrx_word' id='word_1_107' title='bbox 1226 569 1333 600; x_wconf 82' lang='lat' dir='ltr'><em>uerbo</em></span> <span class='ocrx_word' id='word_1_108' title='bbox 1348 568 1516 613; x_wconf 82' lang='lat' dir='ltr'><em>facturos</em></span> <span class='ocrx_word' id='word_1_109' title='bbox 1538 569 1734 611; x_wconf 87' lang='lat' dir='ltr'><em>iungamus,</em></span> <span class='ocrx_word' id='word_1_110' title='bbox 1770 570 1863 612; x_wconf 89' lang='lat' dir='ltr'><em>quod</em></span> <span class='ocrx_word' id='word_1_111' title='bbox 1888 571 1961 602; x_wconf 90' lang='lat' dir='ltr'><em>sine</em></span> <span class='ocrx_word' id='word_1_112' title='bbox 1982 582 2040 602; x_wconf 88' lang='lat' dir='ltr'><em>ac-</em></span> 
     </span>
     <span class='ocr_line' id='line_1_10' title="bbox 150 621 2040 667; baseline -0.001 -10"><span class='ocrx_word' id='word_1_113' title='bbox 150 625 317 657; x_wconf 86' lang='lat' dir='ltr'><em>cussatiuo</em></span> <span class='ocrx_word' id='word_1_114' title='bbox 343 623 395 656; x_wconf 90' lang='lat' dir='ltr'><em>rei</em></span> <span class='ocrx_word' id='word_1_115' title='bbox 416 624 568 667; x_wconf 87' lang='lat' dir='ltr'><em>positum</em></span> <span class='ocrx_word' id='word_1_116' title='bbox 590 622 685 655; x_wconf 89' lang='lat' dir='ltr'><em>omni</em></span> <span class='ocrx_word' id='word_1_117' title='bbox 708 634 809 655; x_wconf 86' lang='lat' dir='ltr'><em>sensu</em></span> <span class='ocrx_word' id='word_1_118' title='bbox 829 627 931 653; x_wconf 86' lang='lat' dir='ltr'><em>caret.</em></span> <span class='ocrx_word' id='word_1_119' title='bbox 975 622 1087 655; x_wconf 88' lang='lat' dir='ltr'><em>Aliast</em></span> <span class='ocrx_word' id='word_1_120' title='bbox 1112 623 1200 655; x_wconf 85' lang='lat' dir='ltr'><em>ratio</em></span> <span class='ocrx_word' id='word_1_121' title='bbox 1224 621 1308 658; x_wconf 84' lang='lat' dir='ltr'><em>loci,</em></span> <span class='ocrx_word' id='word_1_122' title='bbox 1333 621 1392 664; x_wconf 90' lang='lat' dir='ltr'><em>qui</em></span> <span class='ocrx_word' id='word_1_123' title='bbox 1415 628 1510 654; x_wconf 82' lang='lat' dir='ltr'><em>extat</em></span> <span class='ocrx_word' id='word_1_124' title='bbox 1534 622 1571 653; x_wconf 91' lang='lat' dir='ltr'><em>in</em></span> <span class='ocrx_word' id='word_1_125' title='bbox 1595 622 1665 654; x_wconf 85' lang='lat' dir='ltr'>Cic.</span> <span class='ocrx_word' id='word_1_126' title='bbox 1692 622 1758 666; x_wconf 89' lang='lat' dir='ltr'><em>Ep.</em></span> <span class='ocrx_word' id='word_1_127' title='bbox 1781 622 1824 654; x_wconf 90' lang='lat' dir='ltr'><em>ad</em></span> <span class='ocrx_word' id='word_1_128' title='bbox 1847 623 1928 655; x_wconf 88' lang='lat' dir='ltr'><em>Diu.</em></span> <span class='ocrx_word' id='word_1_129' title='bbox 1941 624 2040 663; x_wconf 81' lang='lat' dir='ltr'><strong>XIII,</strong></span> 
     </span>
     <span class='ocr_line' id='line_1_11' title="bbox 153 675 2039 721; baseline -0.001 -11"><span class='ocrx_word' id='word_1_130' title='bbox 153 690 187 718; x_wconf 91' lang='lat'><em>1,</em></span> <span class='ocrx_word' id='word_1_131' title='bbox 221 677 271 710; x_wconf 83' lang='lat'><em>13.</em></span> <span class='ocrx_word' id='word_1_132' title='bbox 308 678 420 711; x_wconf 85' lang='lat' dir='ltr'><em>Prius</em></span> <span class='ocrx_word' id='word_1_133' title='bbox 449 678 557 710; x_wconf 84' lang='lat' dir='ltr'><em>uelim</em></span> <span class='ocrx_word' id='word_1_134' title='bbox 587 677 650 709; x_wconf 82' lang='lat' dir='ltr'><em>tibi</em></span> <span class='ocrx_word' id='word_1_135' title='bbox 672 677 909 721; x_wconf 77' lang='lat' dir='ltr'><em>persuadeas,</em></span> <span class='ocrx_word' id='word_1_136' title='bbox 949 681 990 707; x_wconf 81' lang='lat' dir='ltr'><em>ut</em></span> <span class='ocrx_word' id='word_1_137' title='bbox 1011 677 1074 709; x_wconf 76' lang='lat' dir='ltr'><em>hoc</em></span> <span class='ocrx_word' id='word_1_138' title='bbox 1095 689 1173 710; x_wconf 83' lang='lat' dir='ltr'><em>mea</em></span> <span class='ocrx_word' id='word_1_139' title='bbox 1201 688 1326 709; x_wconf 77' lang='lat' dir='ltr'><em>caussa</em></span> <span class='ocrx_word' id='word_1_140' title='bbox 1348 676 1506 709; x_wconf 80' lang='lat' dir='ltr'><em>lubenter</em></span> <span class='ocrx_word' id='word_1_141' title='bbox 1527 675 1671 720; x_wconf 84' lang='lat' dir='ltr'><em>facias,</em></span> <span class='ocrx_word' id='word_1_142' title='bbox 1713 688 1819 720; x_wconf 75' lang='lat' dir='ltr'><em>qaam</em></span> <span class='ocrx_word' id='word_1_143' title='bbox 1847 682 1886 708; x_wconf 86' lang='lat' dir='ltr'><em>ut</em></span> <span class='ocrx_word' id='word_1_144' title='bbox 1905 675 2039 720; x_wconf 65' lang='lat' dir='ltr'><em>facicm.</em></span> 
     </span>
     <span class='ocr_line' id='line_1_12' title="bbox 148 729 1057 774; baseline -0.002 -12"><span class='ocrx_word' id='word_1_145' title='bbox 148 730 239 764; x_wconf 88' lang='lat' dir='ltr'><em>Uide</em></span> <span class='ocrx_word' id='word_1_146' title='bbox 265 731 367 763; x_wconf 84' lang='lat' dir='ltr'><em>etiam</em></span> <span class='ocrx_word' id='word_1_147' title='bbox 389 732 524 774; x_wconf 86' lang='lat' dir='ltr'><em>Proleg.</em></span> <span class='ocrx_word' id='word_1_148' title='bbox 546 732 588 763; x_wconf 90' lang='lat' dir='ltr'><em>L.</em></span> <span class='ocrx_word' id='word_1_149' title='bbox 612 731 655 762; x_wconf 89' lang='grc' dir='ltr'><strong>Π.</strong></span> <span class='ocrx_word' id='word_1_150' title='bbox 679 731 718 762; x_wconf 92' lang='lat' dir='ltr'><em>C.</em></span> <span class='ocrx_word' id='word_1_151' title='bbox 740 731 766 762; x_wconf 93' lang='grc' dir='ltr'><em>Ι.</em></span> <span class='ocrx_word' id='word_1_152' title='bbox 793 731 823 772; x_wconf 85' lang='lat'><em>§.</em></span> <span class='ocrx_word' id='word_1_153' title='bbox 847 729 878 761; x_wconf 81' lang='lat'><em>8.</em></span> <span class='ocrx_word' id='word_1_154' title='bbox 899 740 936 771; x_wconf 89' lang='lat' dir='ltr'><em>p.</em></span> <span class='ocrx_word' id='word_1_155' title='bbox 958 729 1057 760; x_wconf 82' lang='lat' dir='ltr'><em>XL..</em></span> 
     </span>
    </p>

    <p class='ocr_par' dir='ltr' id='par_1_4' title="bbox 148 779 2033 880">
     <span class='ocr_line' id='line_1_13' title="bbox 235 779 2033 828; baseline -0.002 -11"><span class='ocrx_word' id='word_1_156' title='bbox 235 785 339 826; x_wconf 78' lang='lat' dir='ltr'><em>Quod</em></span> <span class='ocrx_word' id='word_1_157' title='bbox 359 797 412 817; x_wconf 87' lang='lat' dir='ltr'><em>me</em></span> <span class='ocrx_word' id='word_1_158' title='bbox 435 797 506 817; x_wconf 88' lang='lat' dir='ltr'><em>esse</em></span> <span class='ocrx_word' id='word_1_159' title='bbox 525 789 673 828; x_wconf 77' lang='lat' dir='ltr'><em>gratum</em></span> <span class='ocrx_word' id='word_1_160' title='bbox 693 781 905 824; x_wconf 79' lang='lat' dir='ltr'><em>crimineris)</em></span> <span class='ocrx_word' id='word_1_161' title='bbox 950 781 1054 822; x_wconf 89' lang='lat' dir='ltr'><em>Quod</em></span> <span class='ocrx_word' id='word_1_162' title='bbox 1082 781 1169 814; x_wconf 90' lang='lat' dir='ltr'><em>mihi</em></span> <span class='ocrx_word' id='word_1_163' title='bbox 1198 781 1335 814; x_wconf 83' lang='lat' dir='ltr'><em>crimini</em></span> <span class='ocrx_word' id='word_1_164' title='bbox 1363 787 1495 822; x_wconf 84' lang='lat' dir='ltr'><em>uertas,</em></span> <span class='ocrx_word' id='word_1_165' title='bbox 1532 779 1623 824; x_wconf 89' lang='lat' dir='ltr'><em>quod</em></span> <span class='ocrx_word' id='word_1_166' title='bbox 1653 786 1769 824; x_wconf 87' lang='lat' dir='ltr'><em>gratus</em></span> <span class='ocrx_word' id='word_1_167' title='bbox 1791 781 1874 821; x_wconf 89' lang='lat' dir='ltr'><em>sim,</em></span> <span class='ocrx_word' id='word_1_168' title='bbox 1912 779 1949 812; x_wconf 89' lang='lat' dir='ltr'><em>id</em></span> <span class='ocrx_word' id='word_1_169' title='bbox 1972 786 2033 821; x_wconf 85' lang='lat' dir='ltr'><em>est,</em></span> 
     </span>
     <span class='ocr_line' id='line_1_14' title="bbox 148 835 1149 880; baseline -0.004 -11"><span class='ocrx_word' id='word_1_170' title='bbox 148 836 241 880; x_wconf 86' lang='lat' dir='ltr'><em>quod</em></span> <span class='ocrx_word' id='word_1_171' title='bbox 263 849 364 880; x_wconf 86' lang='lat' dir='ltr'><em>neges</em></span> <span class='ocrx_word' id='word_1_172' title='bbox 391 849 446 869; x_wconf 89' lang='lat' dir='ltr'><em>me</em></span> <span class='ocrx_word' id='word_1_173' title='bbox 468 843 602 880; x_wconf 84' lang='lat' dir='ltr'><em>gratum</em></span> <span class='ocrx_word' id='word_1_174' title='bbox 625 837 662 868; x_wconf 91' lang='lat' dir='ltr'><em>in</em></span> <span class='ocrx_word' id='word_1_175' title='bbox 684 835 861 868; x_wconf 85' lang='lat' dir='ltr'><em>Plancium</em></span> <span class='ocrx_word' id='word_1_176' title='bbox 883 846 954 866; x_wconf 89' lang='lat' dir='ltr'><em>esse</em></span> <span class='ocrx_word' id='word_1_177' title='bbox 977 841 1149 877; x_wconf 78' lang='lat' dir='ltr'><em>oportere.</em></span> 
     </span>
    </p>

    <p class='ocr_par' dir='ltr' id='par_1_5' title="bbox 141 888 2037 1837">
     <span class='ocr_line' id='line_1_15' title="bbox 231 888 2036 935; baseline 0 -12"><span class='ocrx_word' id='word_1_178' title='bbox 231 891 319 924; x_wconf 74' lang='lat' dir='ltr'><em>Cum</em></span> <span class='ocrx_word' id='word_1_179' title='bbox 343 891 497 935; x_wconf 75' lang='lat' dir='ltr'><em>populus</em></span> <span class='ocrx_word' id='word_1_180' title='bbox 518 891 700 923; x_wconf 74' lang='lat' dir='ltr'><em>Romanus</em></span> <span class='ocrx_word' id='word_1_181' title='bbox 727 890 789 921; x_wconf 90' lang='lat' dir='ltr'><em>illo</em></span> <span class='ocrx_word' id='word_1_182' title='bbox 821 894 964 921; x_wconf 79' lang='lat' dir='ltr'><em>senatus</em></span> <span class='ocrx_word' id='word_1_183' title='bbox 992 888 1168 927; x_wconf 74' lang='lat' dir='ltr'><em>consulto,</em></span> <span class='ocrx_word' id='word_1_184' title='bbox 1205 889 1299 934; x_wconf 75' lang='lat' dir='ltr'><em>quod</em></span> <span class='ocrx_word' id='word_1_185' title='bbox 1327 889 1364 921; x_wconf 88' lang='lat' dir='ltr'><em>in</em></span> <span class='ocrx_word' id='word_1_186' title='bbox 1388 893 1607 921; x_wconf 74' lang='lat' dir='ltr'><em>monumento</em></span> <span class='ocrx_word' id='word_1_187' title='bbox 1628 889 1731 922; x_wconf 86' lang='lat' dir='ltr'><em>Mari</em></span> <span class='ocrx_word' id='word_1_188' title='bbox 1752 888 1899 930; x_wconf 82' lang='lat' dir='ltr'><em>factum</em></span> <span class='ocrx_word' id='word_1_189' title='bbox 1920 895 1972 923; x_wconf 83' lang='lat' dir='ltr'><em>est</em></span> <span class='ocrx_word' id='word_1_190' title='bbox 1994 907 2036 915; x_wconf 91' lang='lat'>—</span> 
     </span>
     <span class='ocr_line' id='line_1_16' title="bbox 144 941 2037 987; baseline 0 -11"><span class='ocrx_word' id='word_1_191' title='bbox 144 944 287 986; x_wconf 73' lang='lat' dir='ltr'><em>gratias</em></span> <span class='ocrx_word' id='word_1_192' title='bbox 312 945 438 987; x_wconf 79' lang='lat' dir='ltr'><em>egerit)</em></span> <span class='ocrx_word' id='word_1_193' title='bbox 482 943 538 975; x_wconf 89' lang='lat' dir='ltr'><em>Sic</em></span> <span class='ocrx_word' id='word_1_194' title='bbox 559 944 597 974; x_wconf 89' lang='lat' dir='ltr'><em>in</em></span> <span class='ocrx_word' id='word_1_195' title='bbox 616 943 774 974; x_wconf 85' lang='lat' dir='ltr'><em>omuibus</em></span> <span class='ocrx_word' id='word_1_196' title='bbox 798 941 1003 974; x_wconf 87' lang='lat' dir='ltr'><em>editionibus</em></span> <span class='ocrx_word' id='word_1_197' title='bbox 1026 947 1105 972; x_wconf 81' lang='lat' dir='ltr'><em>ante</em></span> <span class='ocrx_word' id='word_1_198' title='bbox 1129 942 1356 973; x_wconf 83' lang='lat' dir='ltr'><em>Garatonium</em></span> <span class='ocrx_word' id='word_1_199' title='bbox 1379 941 1601 973; x_wconf 86' lang='lat' dir='ltr'><em>scribebatur.</em></span> <span class='ocrx_word' id='word_1_200' title='bbox 1645 942 1829 981; x_wconf 89' lang='lat' dir='ltr'><em>„Tantum</em></span> <span class='ocrx_word' id='word_1_201' title='bbox 1850 943 1916 975; x_wconf 87' lang='lat' dir='ltr'><em>hoc</em></span> <span class='ocrx_word' id='word_1_202' title='bbox 1937 955 2037 976; x_wconf 88' lang='lat' dir='ltr'><em>men-</em></span> 
     </span>
     <span class='ocr_line' id='line_1_17' title="bbox 149 994 2037 1040; baseline 0.001 -12"><span class='ocrx_word' id='word_1_203' title='bbox 149 997 248 1036; x_wconf 89' lang='lat' dir='ltr'><em>dum,</em></span> <span class='ocrx_word' id='word_1_204' title='bbox 279 1003 461 1039; x_wconf 87' lang='lat' dir='ltr'><em>perspectu</em></span> <span class='ocrx_word' id='word_1_205' title='bbox 482 1002 553 1028; x_wconf 88' lang='lat' dir='ltr'><em>tam</em></span> <span class='ocrx_word' id='word_1_206' title='bbox 577 995 695 1035; x_wconf 88' lang='lat' dir='ltr'><em>facile,</em></span> <span class='ocrx_word' id='word_1_207' title='bbox 727 995 961 1038; x_wconf 81' lang='lat' dir='ltr'><em>castigationes</em></span> <span class='ocrx_word' id='word_1_208' title='bbox 985 994 1140 1026; x_wconf 88' lang='lat' dir='ltr'><em>omnium</em></span> <span class='ocrx_word' id='word_1_209' title='bbox 1164 995 1293 1037; x_wconf 80' lang='lat' dir='ltr'><em>effugit.</em></span> <span class='ocrx_word' id='word_1_210' title='bbox 1338 996 1420 1027; x_wconf 88' lang='lat' dir='ltr'><em>Non</em></span> <span class='ocrx_word' id='word_1_211' title='bbox 1443 1006 1584 1037; x_wconf 88' lang='lat' dir='ltr'><em>possum</em></span> <span class='ocrx_word' id='word_1_212' title='bbox 1607 994 1766 1036; x_wconf 86' lang='lat' dir='ltr'><em>equidem</em></span> <span class='ocrx_word' id='word_1_213' title='bbox 1788 995 1918 1038; x_wconf 88' lang='lat' dir='ltr'><em>facere,</em></span> <span class='ocrx_word' id='word_1_214' title='bbox 1953 997 2037 1040; x_wconf 89' lang='lat' dir='ltr'><em>quin</em></span> 
     </span>
     <span class='ocr_line' id='line_1_18' title="bbox 146 1047 2034 1093; baseline 0.002 -13"><span class='ocrx_word' id='word_1_215' title='bbox 146 1061 203 1080; x_wconf 89' lang='lat' dir='ltr'><em>me</em></span> <span class='ocrx_word' id='word_1_216' title='bbox 223 1049 456 1091; x_wconf 85' lang='lat' dir='ltr'><em>neglegentiae</em></span> <span class='ocrx_word' id='word_1_217' title='bbox 477 1049 606 1092; x_wconf 87' lang='lat' dir='ltr'><em>pudeat</em></span> <span class='ocrx_word' id='word_1_218' title='bbox 625 1060 731 1081; x_wconf 86' lang='lat' dir='ltr'><em>meae.</em></span> <span class='ocrx_word' id='word_1_219' title='bbox 776 1047 1029 1090; x_wconf 82' lang='lat' dir='ltr'><em>Reponendum</em></span> <span class='ocrx_word' id='word_1_220' title='bbox 1052 1054 1173 1090; x_wconf 88' lang='lat' dir='ltr'><em>sponte</em></span> <span class='ocrx_word' id='word_1_221' title='bbox 1195 1049 1263 1080; x_wconf 79' lang='lat' dir='ltr'><em>iam</em></span> <span class='ocrx_word' id='word_1_222' title='bbox 1286 1047 1416 1081; x_wconf 83' lang='lat' dir='ltr'><em>fuerat:</em></span> <span class='ocrx_word' id='word_1_223' title='bbox 1444 1048 1529 1080; x_wconf 75' lang='lat' dir='ltr'><em>Cum</em></span> <span class='ocrx_word' id='word_1_224' title='bbox 1545 1053 1669 1092; x_wconf 80' lang='lat' dir='ltr'><em>patres</em></span> <span class='ocrx_word' id='word_1_225' title='bbox 1691 1050 1881 1093; x_wconf 78' lang='lat' dir='ltr'><em>conscripti</em></span> <span class='ocrx_word' id='word_1_226' title='bbox 1902 1069 1945 1076; x_wconf 90' lang='lat'>—</span> <span class='ocrx_word' id='word_1_227' title='bbox 1971 1052 2034 1084; x_wconf 81' lang='lat' dir='ltr'><em>uni</em></span> 
     </span>
     <span class='ocr_line' id='line_1_19' title="bbox 145 1100 2033 1147; baseline 0.002 -13"><span class='ocrx_word' id='word_1_228' title='bbox 145 1102 206 1135; x_wconf 89' lang='lat' dir='ltr'><em>C&#39;n.</em></span> <span class='ocrx_word' id='word_1_229' title='bbox 227 1103 377 1135; x_wconf 82' lang='lat' dir='ltr'><em>Plancio</em></span> <span class='ocrx_word' id='word_1_230' title='bbox 395 1103 538 1146; x_wconf 78' lang='lat' dir='ltr'><em>gratias</em></span> <span class='ocrx_word' id='word_1_231' title='bbox 560 1103 706 1147; x_wconf 79' lang='lat' dir='ltr'><em>egerint.</em></span> <span class='ocrx_word' id='word_1_232' title='bbox 751 1101 849 1143; x_wconf 88' lang='lat' dir='ltr'><em>Quae</em></span> <span class='ocrx_word' id='word_1_233' title='bbox 872 1107 942 1133; x_wconf 85' lang='lat' dir='ltr'><em>tam</em></span> <span class='ocrx_word' id='word_1_234' title='bbox 968 1112 1067 1143; x_wconf 87' lang='lat' dir='ltr'><em>saepe</em></span> <span class='ocrx_word' id='word_1_235' title='bbox 1089 1100 1203 1132; x_wconf 80' lang='lat' dir='ltr'><em>fraudi</em></span> <span class='ocrx_word' id='word_1_236' title='bbox 1225 1100 1384 1140; x_wconf 88' lang='lat' dir='ltr'><em>fuerunt,</em></span> <span class='ocrx_word' id='word_1_237' title='bbox 1416 1113 1479 1144; x_wconf 91' lang='lat' dir='ltr'><em>per</em></span> <span class='ocrx_word' id='word_1_238' title='bbox 1500 1101 1656 1133; x_wconf 86' lang='lat' dir='ltr'><em>homines</em></span> <span class='ocrx_word' id='word_1_239' title='bbox 1674 1100 1948 1144; x_wconf 88' lang='lat' dir='ltr'><em>inperitissumos</em></span> <span class='ocrx_word' id='word_1_240' title='bbox 1967 1117 2033 1137; x_wconf 89' lang='lat' dir='ltr'><em>no-</em></span> 
     </span>
     <span class='ocr_line' id='line_1_20' title="bbox 147 1153 2034 1198; baseline 0.002 -12"><span class='ocrx_word' id='word_1_241' title='bbox 147 1156 197 1187; x_wconf 85' lang='lat' dir='ltr'><em>bis</em></span> <span class='ocrx_word' id='word_1_242' title='bbox 219 1162 320 1187; x_wconf 88' lang='lat' dir='ltr'><em>notae</em></span> <span class='ocrx_word' id='word_1_243' title='bbox 342 1156 558 1187; x_wconf 80' lang='lat' dir='ltr'><em>transmissae</em></span> <span class='ocrx_word' id='word_1_244' title='bbox 580 1156 647 1187; x_wconf 87' lang='lat' dir='ltr'><em>huc</em></span> <span class='ocrx_word' id='word_1_245' title='bbox 670 1154 771 1185; x_wconf 86' lang='lat' dir='ltr'><em>etiam</em></span> <span class='ocrx_word' id='word_1_246' title='bbox 794 1154 962 1196; x_wconf 82' lang='lat' dir='ltr'><em>populum</em></span> <span class='ocrx_word' id='word_1_247' title='bbox 985 1161 1119 1186; x_wconf 82' lang='lat' dir='ltr'><em>senatus</em></span> <span class='ocrx_word' id='word_1_248' title='bbox 1144 1154 1296 1186; x_wconf 85' lang='lat' dir='ltr'><em>consulta</em></span> <span class='ocrx_word' id='word_1_249' title='bbox 1319 1153 1499 1185; x_wconf 83' lang='lat' dir='ltr'><em>facientem</em></span> <span class='ocrx_word' id='word_1_250' title='bbox 1531 1153 1761 1194; x_wconf 78' lang='lat' dir='ltr'><em>induxerunt,</em></span> <span class='ocrx_word' id='word_1_251' title='bbox 1797 1162 1898 1198; x_wconf 89' lang='lat' dir='ltr'><em>atque</em></span> <span class='ocrx_word' id='word_1_252' title='bbox 1920 1157 2034 1189; x_wconf 87' lang='lat' dir='ltr'><em>incre-</em></span> 
     </span>
     <span class='ocr_line' id='line_1_21' title="bbox 146 1204 2033 1252; baseline 0.002 -13"><span class='ocrx_word' id='word_1_253' title='bbox 146 1208 245 1240; x_wconf 83' lang='lat' dir='ltr'><em>dibili</em></span> <span class='ocrx_word' id='word_1_254' title='bbox 269 1208 554 1241; x_wconf 85' lang='lat' dir='ltr'><em>doctissumorum</em></span> <span class='ocrx_word' id='word_1_255' title='bbox 580 1207 745 1252; x_wconf 83' lang='lat' dir='ltr'><em>patientia</em></span> <span class='ocrx_word' id='word_1_256' title='bbox 765 1213 944 1249; x_wconf 85' lang='lat' dir='ltr'><em>tantopere</em></span> <span class='ocrx_word' id='word_1_257' title='bbox 966 1214 1212 1250; x_wconf 76' lang='lat' dir='ltr'><em>propagarunt.</em></span> <span class='ocrx_word' id='word_1_258' title='bbox 1257 1208 1347 1240; x_wconf 76' lang='lat' dir='ltr'><em>Nam</em></span> <span class='ocrx_word' id='word_1_259' title='bbox 1370 1218 1413 1237; x_wconf 80' lang='lat' dir='ltr'><em>ex</em></span> <span class='ocrx_word' id='word_1_260' title='bbox 1436 1207 1480 1239; x_wconf 87' lang='lat' dir='ltr'><em>P.</em></span> <span class='ocrx_word' id='word_1_261' title='bbox 1504 1205 1539 1239; x_wconf 88' lang='lat' dir='ltr'><em>C.</em></span> <span class='ocrx_word' id='word_1_262' title='bbox 1562 1204 1689 1238; x_wconf 72' lang='lat' dir='ltr'><em>factum</em></span> <span class='ocrx_word' id='word_1_263' title='bbox 1714 1209 1758 1241; x_wconf 89' lang='lat' dir='ltr'><em>P.</em></span> <span class='ocrx_word' id='word_1_264' title='bbox 1780 1210 1844 1248; x_wconf 67' lang='lat' dir='ltr'><em>B„</em></span> <span class='ocrx_word' id='word_1_265' title='bbox 1879 1210 1970 1252; x_wconf 87' lang='lat' dir='ltr'><em>quod</em></span> <span class='ocrx_word' id='word_1_266' title='bbox 1994 1217 2033 1242; x_wconf 88' lang='lat' dir='ltr'><em>ut</em></span> 
     </span>
     <span class='ocr_line' id='line_1_22' title="bbox 145 1259 2031 1307; baseline 0.002 -15"><span class='ocrx_word' id='word_1_267' title='bbox 145 1262 312 1305; x_wconf 80' lang='lat' dir='ltr'><em>explicari</em></span> <span class='ocrx_word' id='word_1_268' title='bbox 334 1263 447 1306; x_wconf 83' lang='lat' dir='ltr'><em>coepit</em></span> <span class='ocrx_word' id='word_1_269' title='bbox 466 1263 618 1307; x_wconf 76' lang='lat' dir='ltr'><em>populus</em></span> <span class='ocrx_word' id='word_1_270' title='bbox 640 1263 833 1299; x_wconf 72' lang='lat' dir='ltr'><em>Romanus,</em></span> <span class='ocrx_word' id='word_1_271' title='bbox 856 1272 925 1292; x_wconf 89' lang='lat' dir='ltr'><em>non</em></span> <span class='ocrx_word' id='word_1_272' title='bbox 948 1261 1062 1303; x_wconf 84' lang='lat' dir='ltr'><em>potuit</em></span> <span class='ocrx_word' id='word_1_273' title='bbox 1085 1262 1198 1304; x_wconf 76' lang='lat' dir='ltr'><em>egerit</em></span> <span class='ocrx_word' id='word_1_274' title='bbox 1220 1273 1289 1292; x_wconf 91' lang='lat' dir='ltr'><em>non</em></span> <span class='ocrx_word' id='word_1_275' title='bbox 1311 1261 1475 1303; x_wconf 84' lang='lat' dir='ltr'><em>flagitare.</em></span> <span class='ocrx_word' id='word_1_276' title='bbox 1521 1259 1651 1291; x_wconf 85' lang='lat' dir='ltr'><em>Eadem</em></span> <span class='ocrx_word' id='word_1_277' title='bbox 1673 1261 1806 1293; x_wconf 85' lang='lat' dir='ltr'><em>ratione</em></span> <span class='ocrx_word' id='word_1_278' title='bbox 1830 1269 2031 1307; x_wconf 85' lang='lat' dir='ltr'><em>corruptum</em></span> 
     </span>
     <span class='ocr_line' id='line_1_23' title="bbox 145 1313 2031 1358; baseline 0.001 -11"><span class='ocrx_word' id='word_1_279' title='bbox 145 1316 259 1347; x_wconf 89' lang='lat' dir='ltr'><em>locum</em></span> <span class='ocrx_word' id='word_1_280' title='bbox 280 1316 308 1347; x_wconf 92' lang='lat' dir='ltr'><em>I.</em></span> <span class='ocrx_word' id='word_1_281' title='bbox 333 1316 458 1358; x_wconf 80' lang='lat' dir='ltr'><em>Agrar.</em></span> <span class='ocrx_word' id='word_1_282' title='bbox 481 1316 512 1348; x_wconf 79' lang='lat'><em>8.</em></span> <span class='ocrx_word' id='word_1_283' title='bbox 537 1321 625 1347; x_wconf 81' lang='lat' dir='ltr'><em>extr.</em></span> <span class='ocrx_word' id='word_1_284' title='bbox 649 1313 782 1347; x_wconf 88' lang='lat' dir='ltr'><em>sanauit</em></span> <span class='ocrx_word' id='word_1_285' title='bbox 806 1313 992 1353; x_wconf 88' lang='lat' dir='ltr'><em>Graeuius,</em></span> <span class='ocrx_word' id='word_1_286' title='bbox 1028 1325 1105 1345; x_wconf 88' lang='lat' dir='ltr'><em>cum</em></span> <span class='ocrx_word' id='word_1_287' title='bbox 1137 1314 1289 1345; x_wconf 88' lang='lat' dir='ltr'><em>codicem</em></span> <span class='ocrx_word' id='word_1_288' title='bbox 1319 1320 1434 1345; x_wconf 85' lang='lat' dir='ltr'><em>tamen</em></span> <span class='ocrx_word' id='word_1_289' title='bbox 1457 1325 1565 1345; x_wconf 88' lang='lat' dir='ltr'><em>unum</em></span> <span class='ocrx_word' id='word_1_290' title='bbox 1588 1314 1827 1356; x_wconf 87' lang='lat' dir='ltr'><em>incorruptum</em></span> <span class='ocrx_word' id='word_1_291' title='bbox 1849 1315 2031 1349; x_wconf 88' lang='lat' dir='ltr'><em>inuenerit.</em></span> 
     </span>
     <span class='ocr_line' id='line_1_24' title="bbox 145 1365 2028 1412; baseline 0.001 -12"><span class='ocrx_word' id='word_1_292' title='bbox 145 1368 250 1411; x_wconf 86' lang='lat' dir='ltr'><em>Quod</em></span> <span class='ocrx_word' id='word_1_293' title='bbox 277 1380 369 1400; x_wconf 86' lang='lat' dir='ltr'><em>nunc</em></span> <span class='ocrx_word' id='word_1_294' title='bbox 399 1369 486 1400; x_wconf 89' lang='lat' dir='ltr'><em>mihi</em></span> <span class='ocrx_word' id='word_1_295' title='bbox 514 1379 650 1411; x_wconf 87' lang='lat' dir='ltr'><em>quoque</em></span> <span class='ocrx_word' id='word_1_296' title='bbox 680 1367 832 1409; x_wconf 86' lang='lat' dir='ltr'><em>contigit.</em></span> <span class='ocrx_word' id='word_1_297' title='bbox 877 1368 967 1399; x_wconf 86' lang='lat' dir='ltr'><em>Nam</em></span> <span class='ocrx_word' id='word_1_298' title='bbox 990 1367 1173 1399; x_wconf 82' lang='lat' dir='ltr'><em>Bauaricus</em></span> <span class='ocrx_word' id='word_1_299' title='bbox 1196 1368 1280 1399; x_wconf 86' lang='lat' dir='ltr'><em>haut</em></span> <span class='ocrx_word' id='word_1_300' title='bbox 1305 1367 1444 1410; x_wconf 86' lang='lat' dir='ltr'><em>quidem</em></span> <span class='ocrx_word' id='word_1_301' title='bbox 1468 1365 1503 1397; x_wconf 90' lang='lat' dir='ltr'><em>id</em></span> <span class='ocrx_word' id='word_1_302' title='bbox 1527 1366 1628 1409; x_wconf 89' lang='lat' dir='ltr'><em>plane</em></span> <span class='ocrx_word' id='word_1_303' title='bbox 1650 1367 1753 1399; x_wconf 86' lang='lat' dir='ltr'><em>habet</em></span> <span class='ocrx_word' id='word_1_304' title='bbox 1787 1368 1904 1410; x_wconf 88' lang='lat' dir='ltr'><em>[habet</em></span> <span class='ocrx_word' id='word_1_305' title='bbox 1925 1369 2028 1412; x_wconf 85' lang='lat' dir='ltr'><em>Erf.]‚</em></span> 
     </span>
     <span class='ocr_line' id='line_1_25' title="bbox 145 1420 2028 1465; baseline 0.001 -11"><span class='ocrx_word' id='word_1_306' title='bbox 145 1422 237 1465; x_wconf 89' lang='lat' dir='ltr'><em>quod</em></span> <span class='ocrx_word' id='word_1_307' title='bbox 259 1422 358 1454; x_wconf 90' lang='lat' dir='ltr'><em>nobis</em></span> <span class='ocrx_word' id='word_1_308' title='bbox 379 1421 466 1454; x_wconf 86' lang='lat' dir='ltr'><em>ratio</em></span> <span class='ocrx_word' id='word_1_309' title='bbox 493 1422 610 1453; x_wconf 90' lang='lat' dir='ltr'><em>critica</em></span> <span class='ocrx_word' id='word_1_310' title='bbox 631 1420 808 1459; x_wconf 82' lang='lat' dir='ltr'><em>suadebat,</em></span> <span class='ocrx_word' id='word_1_311' title='bbox 840 1425 874 1451; x_wconf 88' lang='lat' dir='ltr'><em>et</em></span> <span class='ocrx_word' id='word_1_312' title='bbox 895 1431 1017 1452; x_wconf 88' lang='lat' dir='ltr'><em>uerum</em></span> <span class='ocrx_word' id='word_1_313' title='bbox 1042 1433 1112 1453; x_wconf 86' lang='lat' dir='ltr'><em>esse</em></span> <span class='ocrx_word' id='word_1_314' title='bbox 1134 1421 1245 1453; x_wconf 82' lang='lat' dir='ltr'><em>adhuc</em></span> <span class='ocrx_word' id='word_1_315' title='bbox 1266 1427 1396 1464; x_wconf 85' lang='lat' dir='ltr'><em>potest,</em></span> <span class='ocrx_word' id='word_1_316' title='bbox 1427 1426 1478 1452; x_wconf 88' lang='lat' dir='ltr'><em>set</em></span> <span class='ocrx_word' id='word_1_317' title='bbox 1499 1420 1600 1451; x_wconf 87' lang='lat' dir='ltr'><em>unico</em></span> <span class='ocrx_word' id='word_1_318' title='bbox 1623 1420 1730 1452; x_wconf 88' lang='lat' dir='ltr'><em>uerbo</em></span> <span class='ocrx_word' id='word_1_319' title='bbox 1746 1427 1887 1465; x_wconf 76' lang='lat' dir='ltr'><em>patres,</em></span> <span class='ocrx_word' id='word_1_320' title='bbox 1915 1429 1954 1454; x_wconf 91' lang='lat' dir='ltr'><em>ut</em></span> <span class='ocrx_word' id='word_1_321' title='bbox 1976 1429 2028 1455; x_wconf 88' lang='lat' dir='ltr'><em>et-</em></span> 
     </span>
     <span class='ocr_line' id='line_1_26' title="bbox 143 1473 2028 1518; baseline 0 -11"><span class='ocrx_word' id='word_1_322' title='bbox 143 1476 213 1508; x_wconf 92' lang='lat' dir='ltr'><em>iam</em></span> <span class='ocrx_word' id='word_1_323' title='bbox 234 1486 338 1518; x_wconf 86' lang='lat' dir='ltr'><em>supra</em></span> <span class='ocrx_word' id='word_1_324' title='bbox 360 1485 388 1505; x_wconf 89' lang='lat' dir='ltr'><em>e.</em></span> <span class='ocrx_word' id='word_1_325' title='bbox 412 1474 443 1506; x_wconf 83' lang='lat'><em>5.</em></span> <span class='ocrx_word' id='word_1_326' title='bbox 467 1474 559 1518; x_wconf 80' lang='lat' dir='ltr'><em>quod</em></span> <span class='ocrx_word' id='word_1_327' title='bbox 573 1480 696 1518; x_wconf 78' lang='lat' dir='ltr'><em>patres</em></span> <span class='ocrx_word' id='word_1_328' title='bbox 718 1479 805 1517; x_wconf 78' lang='lat' dir='ltr'><em>aput</em></span> <span class='ocrx_word' id='word_1_329' title='bbox 827 1474 975 1506; x_wconf 81' lang='lat' dir='ltr'><em>maiores</em></span> <span class='ocrx_word' id='word_1_330' title='bbox 998 1480 1133 1506; x_wconf 82' lang='lat' dir='ltr'><em>nostros</em></span> <span class='ocrx_word' id='word_1_331' title='bbox 1156 1481 1236 1513; x_wconf 88' lang='lat' dir='ltr'><em>etc.‚</em></span> <span class='ocrx_word' id='word_1_332' title='bbox 1263 1486 1374 1516; x_wconf 88' lang='lat' dir='ltr'><em>neque</em></span> <span class='ocrx_word' id='word_1_333' title='bbox 1395 1473 1488 1514; x_wconf 89' lang='lat' dir='ltr'><em>aliis,</em></span> <span class='ocrx_word' id='word_1_334' title='bbox 1516 1484 1602 1515; x_wconf 87' lang='lat' dir='ltr'><em>quae</em></span> <span class='ocrx_word' id='word_1_335' title='bbox 1624 1474 1732 1505; x_wconf 85' lang='lat' dir='ltr'><em>multa</em></span> <span class='ocrx_word' id='word_1_336' title='bbox 1756 1481 1846 1514; x_wconf 87' lang='lat' dir='ltr'><em>sunt,</em></span> <span class='ocrx_word' id='word_1_337' title='bbox 1870 1480 1920 1506; x_wconf 85' lang='lat' dir='ltr'><em>est</em></span> <span class='ocrx_word' id='word_1_338' title='bbox 1942 1486 2028 1518; x_wconf 89' lang='lat' dir='ltr'><em>opus</em></span> 
     </span>
     <span class='ocr_line' id='line_1_27' title="bbox 144 1526 2023 1572; baseline -0.001 -11"><span class='ocrx_word' id='word_1_339' title='bbox 144 1528 324 1571; x_wconf 76' lang='lat' dir='ltr'><em>exemplis.</em></span> <span class='ocrx_word' id='word_1_340' title='bbox 368 1528 438 1561; x_wconf 82' lang='lat' dir='ltr'><em>PR</em></span> <span class='ocrx_word' id='word_1_341' title='bbox 461 1533 511 1559; x_wconf 83' lang='lat' dir='ltr'><em>est</em></span> <span class='ocrx_word' id='word_1_342' title='bbox 534 1528 636 1559; x_wconf 87' lang='lat' dir='ltr'><em>etiam</em></span> <span class='ocrx_word' id='word_1_343' title='bbox 654 1532 777 1570; x_wconf 81' lang='lat' dir='ltr'><em>pater,</em></span> <span class='ocrx_word' id='word_1_344' title='bbox 799 1532 833 1558; x_wconf 87' lang='lat' dir='ltr'><em>et</em></span> <span class='ocrx_word' id='word_1_345' title='bbox 854 1538 962 1569; x_wconf 87' lang='lat' dir='ltr'><em>paruo</em></span> <span class='ocrx_word' id='word_1_346' title='bbox 985 1527 1181 1558; x_wconf 83' lang='lat' dir='ltr'><em>discrimine</em></span> <span class='ocrx_word' id='word_1_347' title='bbox 1197 1533 1342 1572; x_wconf 77' lang='lat' dir='ltr'><em>patres,</em></span> <span class='ocrx_word' id='word_1_348' title='bbox 1368 1526 1460 1570; x_wconf 91' lang='lat' dir='ltr'><em>quod</em></span> <span class='ocrx_word' id='word_1_349' title='bbox 1482 1533 1596 1558; x_wconf 85' lang='lat' dir='ltr'><em>tamen</em></span> <span class='ocrx_word' id='word_1_350' title='bbox 1617 1527 1712 1569; x_wconf 87' lang='lat' dir='ltr'><em>signo</em></span> <span class='ocrx_word' id='word_1_351' title='bbox 1740 1527 1887 1570; x_wconf 86' lang='lat' dir='ltr'><em>quodam</em></span> <span class='ocrx_word' id='word_1_352' title='bbox 1909 1528 2023 1560; x_wconf 87' lang='lat' dir='ltr'><em>notari</em></span> 
     </span>
     <span class='ocr_line' id='line_1_28' title="bbox 143 1579 2029 1624; baseline 0 -10"><span class='ocrx_word' id='word_1_353' title='bbox 143 1582 290 1620; x_wconf 86' lang='lat' dir='ltr'><em>solebat,</em></span> <span class='ocrx_word' id='word_1_354' title='bbox 328 1580 423 1612; x_wconf 89' lang='lat' dir='ltr'><em>cuius</em></span> <span class='ocrx_word' id='word_1_355' title='bbox 450 1579 550 1612; x_wconf 87' lang='lat' dir='ltr'><em>facile</em></span> <span class='ocrx_word' id='word_1_356' title='bbox 577 1579 716 1611; x_wconf 87' lang='lat' dir='ltr'><em>fallebat</em></span> <span class='ocrx_word' id='word_1_357' title='bbox 745 1580 891 1612; x_wconf 73' lang='lat' dir='ltr'><em>exilitas.</em></span> <span class='ocrx_word' id='word_1_358' title='bbox 933 1581 1061 1613; x_wconf 81' lang='lat' dir='ltr'><em>Patres</em></span> <span class='ocrx_word' id='word_1_359' title='bbox 1084 1586 1198 1612; x_wconf 89' lang='lat' dir='ltr'><em>autem</em></span> <span class='ocrx_word' id='word_1_360' title='bbox 1220 1581 1354 1624; x_wconf 79' lang='lat' dir='ltr'><em>posuit,</em></span> <span class='ocrx_word' id='word_1_361' title='bbox 1391 1580 1470 1623; x_wconf 90' lang='lat' dir='ltr'><em>quia</em></span> <span class='ocrx_word' id='word_1_362' title='bbox 1490 1580 1587 1622; x_wconf 90' lang='lat' dir='ltr'><em>sequi</em></span> <span class='ocrx_word' id='word_1_363' title='bbox 1608 1580 1763 1620; x_wconf 86' lang='lat' dir='ltr'><em>uolebat,</em></span> <span class='ocrx_word' id='word_1_364' title='bbox 1803 1582 1865 1613; x_wconf 89' lang='lat' dir='ltr'><em>illo</em></span> <span class='ocrx_word' id='word_1_365' title='bbox 1886 1587 2029 1614; x_wconf 80' lang='lat' dir='ltr'><em>senatus</em></span> 
     </span>
     <span class='ocr_line' id='line_1_29' title="bbox 144 1633 2025 1678; baseline 0 -10"><span class='ocrx_word' id='word_1_366' title='bbox 144 1635 318 1674; x_wconf 75' lang='lat' dir='ltr'><em>consulto,</em></span> <span class='ocrx_word' id='word_1_367' title='bbox 342 1640 376 1666; x_wconf 81' lang='lat' dir='ltr'><em>et</em></span> <span class='ocrx_word' id='word_1_368' title='bbox 398 1634 456 1667; x_wconf 81' lang='lat' dir='ltr'><em>cui</em></span> <span class='ocrx_word' id='word_1_369' title='bbox 480 1640 621 1667; x_wconf 75' lang='lat' dir='ltr'><em>senatus</em></span> <span class='ocrx_word' id='word_1_370' title='bbox 640 1646 705 1678; x_wconf 82' lang='lat' dir='ltr'><em>pro</em></span> <span class='ocrx_word' id='word_1_371' title='bbox 728 1645 781 1666; x_wconf 82' lang='lat' dir='ltr'><em>me</em></span> <span class='ocrx_word' id='word_1_372' title='bbox 799 1633 941 1676; x_wconf 80' lang='lat' dir='ltr'><em>gratias</em></span> <span class='ocrx_word' id='word_1_373' title='bbox 963 1634 1119 1676; x_wconf 81' lang='lat' dir='ltr'><em>agendas</em></span> <span class='ocrx_word' id='word_1_374' title='bbox 1137 1635 1285 1678; x_wconf 76' lang='lat' dir='ltr'><em>putauit</em></span> <span class='ocrx_word' id='word_1_375' title='bbox 1292 1647 1305 1673; x_wconf 89' lang='grc'><em>,·</em></span> <span class='ocrx_word' id='word_1_376' title='bbox 1336 1634 1427 1676; x_wconf 90' lang='lat' dir='ltr'><em>quod</em></span> <span class='ocrx_word' id='word_1_377' title='bbox 1449 1644 1589 1665; x_wconf 89' lang='lat' dir='ltr'><em>monere</em></span> <span class='ocrx_word' id='word_1_378' title='bbox 1611 1645 1673 1665; x_wconf 91' lang='lat' dir='ltr'><em>nos</em></span> <span class='ocrx_word' id='word_1_379' title='bbox 1697 1633 1832 1674; x_wconf 87' lang='lat' dir='ltr'><em>debuit,</em></span> <span class='ocrx_word' id='word_1_380' title='bbox 1860 1635 1943 1677; x_wconf 88' lang='lat' dir='ltr'><em>quid</em></span> <span class='ocrx_word' id='word_1_381' title='bbox 1965 1648 2025 1668; x_wconf 90' lang='lat' dir='ltr'><em>su·-</em></span> 
     </span>
     <span class='ocr_line' id='line_1_30' title="bbox 141 1686 2022 1731; baseline 0.002 -12"><span class='ocrx_word' id='word_1_382' title='bbox 141 1688 258 1731; x_wconf 86' lang='lat' dir='ltr'><em>perius</em></span> <span class='ocrx_word' id='word_1_383' title='bbox 280 1688 512 1731; x_wconf 85' lang='lat' dir='ltr'><em>postularet.“</em></span> <span class='ocrx_word' id='word_1_384' title='bbox 546 1688 808 1719; x_wconf 62' lang='lat' dir='ltr'><em>GARATONJUS.</em></span> <span class='ocrx_word' id='word_1_385' title='bbox 855 1686 926 1718; x_wconf 78' lang='lat' dir='ltr'><em>Cfr.</em></span> <span class='ocrx_word' id='word_1_386' title='bbox 950 1697 1014 1728; x_wconf 88' lang='lat' dir='ltr'><em>pro</em></span> <span class='ocrx_word' id='word_1_387' title='bbox 1037 1687 1146 1718; x_wconf 89' lang='lat' dir='ltr'><em>Sestio</em></span> <span class='ocrx_word' id='word_1_388' title='bbox 1171 1688 1209 1719; x_wconf 92' lang='lat' dir='ltr'><em>C.</em></span> <span class='ocrx_word' id='word_1_389' title='bbox 1235 1688 1313 1720; x_wconf 88' lang='lat' dir='ltr'><em>LX.</em></span> <span class='ocrx_word' id='word_1_390' title='bbox 1337 1690 1367 1729; x_wconf 86' lang='lat'><em>§.</em></span> <span class='ocrx_word' id='word_1_391' title='bbox 1395 1686 1465 1719; x_wconf 84' lang='lat'><em>128.</em></span> <span class='ocrx_word' id='word_1_392' title='bbox 1500 1698 1600 1730; x_wconf 79' lang='lat' dir='ltr'><em>quem</em></span> <span class='ocrx_word' id='word_1_393' title='bbox 1621 1687 1713 1718; x_wconf 85' lang='lat' dir='ltr'><em>enim</em></span> <span class='ocrx_word' id='word_1_394' title='bbox 1734 1699 1899 1731; x_wconf 79' lang='lat' dir='ltr'><em>umquam</em></span> <span class='ocrx_word' id='word_1_395' title='bbox 1921 1702 2022 1722; x_wconf 80' lang='lat' dir='ltr'><em>sena-</em></span> 
     </span>
     <span class='ocr_line' id='line_1_31' title="bbox 142 1739 2023 1784; baseline 0.002 -11"><span class='ocrx_word' id='word_1_396' title='bbox 142 1747 201 1774; x_wconf 72' lang='lat' dir='ltr'><em>tus</em></span> <span class='ocrx_word' id='word_1_397' title='bbox 228 1741 355 1781; x_wconf 76' lang='lat' dir='ltr'><em>ciuem,</em></span> <span class='ocrx_word' id='word_1_398' title='bbox 391 1740 461 1772; x_wconf 87' lang='lat' dir='ltr'><em>nisi</em></span> <span class='ocrx_word' id='word_1_399' title='bbox 490 1753 543 1772; x_wconf 88' lang='lat' dir='ltr'><em>me</em></span> <span class='ocrx_word' id='word_1_400' title='bbox 571 1739 769 1773; x_wconf 74' lang='lat' dir='ltr'><em>nationibus</em></span> <span class='ocrx_word' id='word_1_401' title='bbox 794 1740 921 1772; x_wconf 81' lang='lat' dir='ltr'><em>exteris</em></span> <span class='ocrx_word' id='word_1_402' title='bbox 950 1740 1219 1772; x_wconf 70' lang='lat' dir='ltr'><em>commendauit?</em></span> <span class='ocrx_word' id='word_1_403' title='bbox 1255 1741 1355 1773; x_wconf 77' lang='lat' dir='ltr'><em>cuins</em></span> <span class='ocrx_word' id='word_1_404' title='bbox 1382 1751 1547 1784; x_wconf 79' lang='lat' dir='ltr'><em>umquam</em></span> <span class='ocrx_word' id='word_1_405' title='bbox 1573 1744 1717 1783; x_wconf 78' lang='lat' dir='ltr'><em>propter</em></span> <span class='ocrx_word' id='word_1_406' title='bbox 1744 1741 1913 1781; x_wconf 77' lang='lat' dir='ltr'><em>salutem,</em></span> <span class='ocrx_word' id='word_1_407' title='bbox 1951 1743 2023 1776; x_wconf 87' lang='lat' dir='ltr'><em>nisi</em></span> 
     </span>
     <span class='ocr_line' id='line_1_32' title="bbox 143 1793 1190 1837; baseline -0.001 -11"><span class='ocrx_word' id='word_1_408' title='bbox 143 1805 255 1826; x_wconf 87' lang='lat' dir='ltr'><em>meam</em></span> <span class='ocrx_word' id='word_1_409' title='bbox 276 1799 416 1825; x_wconf 76' lang='lat' dir='ltr'><em>senatus</em></span> <span class='ocrx_word' id='word_1_410' title='bbox 434 1794 574 1837; x_wconf 78' lang='lat' dir='ltr'><em>publice</em></span> <span class='ocrx_word' id='word_1_411' title='bbox 596 1793 698 1825; x_wconf 83' lang='lat' dir='ltr'><em>sociis</em></span> <span class='ocrx_word' id='word_1_412' title='bbox 715 1793 842 1836; x_wconf 79' lang='lat' dir='ltr'><em>populi</em></span> <span class='ocrx_word' id='word_1_413' title='bbox 863 1793 910 1824; x_wconf 83' lang='lat' dir='ltr'><em>R.</em></span> <span class='ocrx_word' id='word_1_414' title='bbox 930 1793 1071 1835; x_wconf 79' lang='lat' dir='ltr'><em>gratias</em></span> <span class='ocrx_word' id='word_1_415' title='bbox 1094 1794 1190 1836; x_wconf 82' lang='lat' dir='ltr'><em>egit?</em></span> 
     </span>
    </p>

    <p class='ocr_par' dir='ltr' id='par_1_6' title="bbox 140 1843 2024 2047">
     <span class='ocr_line' id='line_1_33' title="bbox 225 1843 2024 1891; baseline 0 -13"><span class='ocrx_word' id='word_1_416' title='bbox 225 1846 294 1879; x_wconf 86' lang='lat' dir='ltr'><em>Illo</em></span> <span class='ocrx_word' id='word_1_417' title='bbox 325 1846 362 1878; x_wconf 85' lang='lat' dir='ltr'><em>S.</em></span> <span class='ocrx_word' id='word_1_418' title='bbox 389 1845 426 1878; x_wconf 88' lang='lat' dir='ltr'><em>C.</em></span> <span class='ocrx_word' id='word_1_419' title='bbox 455 1846 548 1889; x_wconf 80' lang='lat' dir='ltr'><em>quod</em></span> <span class='ocrx_word' id='word_1_420' title='bbox 574 1846 611 1878; x_wconf 85' lang='lat' dir='ltr'><em>in</em></span> <span class='ocrx_word' id='word_1_421' title='bbox 641 1850 861 1878; x_wconf 80' lang='lat' dir='ltr'><em>monumento</em></span> <span class='ocrx_word' id='word_1_422' title='bbox 887 1844 987 1877; x_wconf 81' lang='lat' dir='ltr'><em>Mari</em></span> <span class='ocrx_word' id='word_1_423' title='bbox 1010 1844 1153 1888; x_wconf 76' lang='lat' dir='ltr'><em>factum</em></span> <span class='ocrx_word' id='word_1_424' title='bbox 1182 1846 1246 1891; x_wconf 85' lang='lat' dir='ltr'><em>est)</em></span> <span class='ocrx_word' id='word_1_425' title='bbox 1290 1847 1337 1879; x_wconf 91' lang='lat' dir='ltr'><em>In</em></span> <span class='ocrx_word' id='word_1_426' title='bbox 1365 1846 1530 1889; x_wconf 86' lang='lat' dir='ltr'><em>templo</em></span> <span class='ocrx_word' id='word_1_427' title='bbox 1558 1843 1730 1877; x_wconf 82' lang='lat' dir='ltr'><em>scilicet</em></span> <span class='ocrx_word' id='word_1_428' title='bbox 1756 1845 1952 1878; x_wconf 81' lang='lat' dir='ltr'><em>Honoris</em></span> <span class='ocrx_word' id='word_1_429' title='bbox 1984 1852 2024 1878; x_wconf 90' lang='lat' dir='ltr'><em>et</em></span> 
     </span>
     <span class='ocr_line' id='line_1_34' title="bbox 140 1897 2022 1941; baseline -0.001 -8"><span class='ocrx_word' id='word_1_430' title='bbox 140 1898 362 1939; x_wconf 86' lang='lat' dir='ltr'><em>Uirtutis,</em></span> <span class='ocrx_word' id='word_1_431' title='bbox 399 1899 443 1930; x_wconf 90' lang='lat' dir='ltr'><em>in</em></span> <span class='ocrx_word' id='word_1_432' title='bbox 471 1910 551 1941; x_wconf 90' lang='lat' dir='ltr'><em>quo</em></span> <span class='ocrx_word' id='word_1_433' title='bbox 582 1904 724 1929; x_wconf 87' lang='lat' dir='ltr'><em>actum</em></span> <span class='ocrx_word' id='word_1_434' title='bbox 753 1897 939 1940; x_wconf 87' lang='lat' dir='ltr'><em>primum</em></span> <span class='ocrx_word' id='word_1_435' title='bbox 969 1897 1150 1930; x_wconf 87' lang='lat' dir='ltr'><em>uidetur</em></span> <span class='ocrx_word' id='word_1_436' title='bbox 1179 1899 1226 1930; x_wconf 88' lang='lat' dir='ltr'><em>de</em></span> <span class='ocrx_word' id='word_1_437' title='bbox 1261 1899 1553 1931; x_wconf 84' lang='lat' dir='ltr'><em>restitutione</em></span> <span class='ocrx_word' id='word_1_438' title='bbox 1583 1897 1822 1930; x_wconf 88' lang='lat' dir='ltr'><em>Ciceronis.</em></span> <span class='ocrx_word' id='word_1_439' title='bbox 1859 1899 2022 1931; x_wconf 78' lang='lat' dir='ltr'><strong>SCHOLIA</strong></span> 
     </span>
     <span class='ocr_line' id='line_1_35' title="bbox 140 1950 2020 1994; baseline -0.001 -8"><span class='ocrx_word' id='word_1_440' title='bbox 140 1952 402 1986; x_wconf 78' lang='lat' dir='ltr'><em>AMBROSIANA.</em></span> <span class='ocrx_word' id='word_1_441' title='bbox 447 1951 613 1985; x_wconf 82' lang='lat' dir='ltr'><em>Garatoni</em></span> <span class='ocrx_word' id='word_1_442' title='bbox 636 1950 678 1982; x_wconf 87' lang='lat' dir='ltr'><em>de</em></span> <span class='ocrx_word' id='word_1_443' title='bbox 699 1951 790 1983; x_wconf 88' lang='lat' dir='ltr'><em>Mari</em></span> <span class='ocrx_word' id='word_1_444' title='bbox 811 1957 1034 1983; x_wconf 90' lang='lat' dir='ltr'><em>monumento</em></span> <span class='ocrx_word' id='word_1_445' title='bbox 1062 1952 1241 1992; x_wconf 85' lang='lat' dir='ltr'><em>diatriben,</em></span> <span class='ocrx_word' id='word_1_446' title='bbox 1269 1964 1369 1994; x_wconf 87' lang='lat' dir='ltr'><em>quam</em></span> <span class='ocrx_word' id='word_1_447' title='bbox 1392 1953 1452 1985; x_wconf 88' lang='lat' dir='ltr'><em>ille</em></span> <span class='ocrx_word' id='word_1_448' title='bbox 1473 1952 1517 1984; x_wconf 91' lang='lat' dir='ltr'><em>ad</em></span> <span class='ocrx_word' id='word_1_449' title='bbox 1539 1951 1665 1983; x_wconf 88' lang='lat' dir='ltr'><em>calcem</em></span> <span class='ocrx_word' id='word_1_450' title='bbox 1690 1951 1772 1983; x_wconf 88' lang='lat' dir='ltr'><em>Cur.</em></span> <span class='ocrx_word' id='word_1_451' title='bbox 1797 1951 1870 1983; x_wconf 84' lang='lat' dir='ltr'><em>Sec.</em></span> <span class='ocrx_word' id='word_1_452' title='bbox 1892 1951 2020 1993; x_wconf 88' lang='lat' dir='ltr'><em>reiecit,</em></span> 
     </span>
     <span class='ocr_line' id='line_1_36' title="bbox 140 2004 1204 2047; baseline -0.002 -9"><span class='ocrx_word' id='word_1_453' title='bbox 140 2016 204 2038; x_wconf 83' lang='lat' dir='ltr'><em>nos</em></span> <span class='ocrx_word' id='word_1_454' title='bbox 225 2004 359 2047; x_wconf 85' lang='lat' dir='ltr'><em>Proleg.</em></span> <span class='ocrx_word' id='word_1_455' title='bbox 381 2006 423 2038; x_wconf 91' lang='lat' dir='ltr'><em>L.</em></span> <span class='ocrx_word' id='word_1_456' title='bbox 444 2006 505 2036; x_wconf 94' lang='grc' dir='ltr'><strong>ΠΙ.</strong></span> <span class='ocrx_word' id='word_1_457' title='bbox 532 2006 569 2037; x_wconf 92' lang='lat' dir='ltr'><em>C.</em></span> <span class='ocrx_word' id='word_1_458' title='bbox 592 2005 638 2038; x_wconf 84' lang='lat' dir='ltr'><em>V.</em></span> <span class='ocrx_word' id='word_1_459' title='bbox 664 2015 696 2047; x_wconf 93' lang='lat' dir='ltr'><em>p.</em></span> <span class='ocrx_word' id='word_1_460' title='bbox 719 2004 964 2037; x_wconf 21' lang='lat' dir='ltr'><em>XtC-XCV-</em></span> <span class='ocrx_word' id='word_1_461' title='bbox 987 2004 1204 2036; x_wconf 86' lang='lat' dir='ltr'><em>inseruimus.</em></span> 
     </span>
    </p>

    <p class='ocr_par' dir='ltr' id='par_1_7' title="bbox 136 2056 2019 2418">
     <span class='ocr_line' id='line_1_37' title="bbox 231 2056 2019 2103; baseline -0.001 -13"><span class='ocrx_word' id='word_1_462' title='bbox 231 2057 330 2090; x_wconf 83' lang='lat' dir='ltr'><em>Unus</em></span> <span class='ocrx_word' id='word_1_463' title='bbox 352 2060 442 2092; x_wconf 87' lang='lat' dir='ltr'><em>enim</em></span> <span class='ocrx_word' id='word_1_464' title='bbox 456 2058 537 2103; x_wconf 77' lang='lat' dir='ltr'><em>fuit</em></span> <span class='ocrx_word' id='word_1_465' title='bbox 560 2059 603 2092; x_wconf 76' lang='lat' dir='ltr'><em>de</em></span> <span class='ocrx_word' id='word_1_466' title='bbox 623 2057 891 2102; x_wconf 78' lang='lat' dir='ltr'><em>magistratibus</em></span> <span class='ocrx_word' id='word_1_467' title='bbox 912 2063 976 2090; x_wconf 75' lang='lat' dir='ltr'><em>aut</em></span> <span class='ocrx_word' id='word_1_468' title='bbox 995 2057 1342 2101; x_wconf 76' lang='lat' dir='ltr'><em>promagistratibus)</em></span> <span class='ocrx_word' id='word_1_469' title='bbox 1381 2057 1589 2090; x_wconf 86' lang='lat' dir='ltr'><em>Posteriores</em></span> <span class='ocrx_word' id='word_1_470' title='bbox 1613 2057 1695 2089; x_wconf 88' lang='lat' dir='ltr'><em>duas</em></span> <span class='ocrx_word' id='word_1_471' title='bbox 1715 2056 1878 2088; x_wconf 87' lang='lat' dir='ltr'><em>dictiones</em></span> <span class='ocrx_word' id='word_1_472' title='bbox 1900 2056 2019 2089; x_wconf 81' lang='lat' dir='ltr'><em>remisi</em></span> 
     </span>
     <span class='ocr_line' id='line_1_38' title="bbox 137 2109 2017 2154; baseline -0.001 -11"><span class='ocrx_word' id='word_1_473' title='bbox 137 2110 176 2143; x_wconf 90' lang='lat' dir='ltr'><em>in</em></span> <span class='ocrx_word' id='word_1_474' title='bbox 203 2110 319 2142; x_wconf 90' lang='lat' dir='ltr'><em>locum</em></span> <span class='ocrx_word' id='word_1_475' title='bbox 348 2123 463 2151; x_wconf 86' lang='lat' dir='ltr'><em>suum,</em></span> <span class='ocrx_word' id='word_1_476' title='bbox 495 2112 588 2142; x_wconf 91' lang='lat' dir='ltr'><em>unde</em></span> <span class='ocrx_word' id='word_1_477' title='bbox 610 2110 854 2154; x_wconf 81' lang='lat' dir='ltr'><em>quinquaginta</em></span> <span class='ocrx_word' id='word_1_478' title='bbox 881 2110 1012 2152; x_wconf 85' lang='lat' dir='ltr'><em>aliquot</em></span> <span class='ocrx_word' id='word_1_479' title='bbox 1038 2112 1135 2143; x_wconf 90' lang='lat' dir='ltr'><em>annis</em></span> <span class='ocrx_word' id='word_1_480' title='bbox 1157 2110 1330 2151; x_wconf 81' lang='lat' dir='ltr'><em>afuerant,</em></span> <span class='ocrx_word' id='word_1_481' title='bbox 1369 2110 1629 2143; x_wconf 86' lang='lat' dir='ltr'><em>fideiubentibus</em></span> <span class='ocrx_word' id='word_1_482' title='bbox 1652 2122 1732 2142; x_wconf 89' lang='lat' dir='ltr'><em>mss.</em></span> <span class='ocrx_word' id='word_1_483' title='bbox 1755 2109 1880 2141; x_wconf 87' lang='lat' dir='ltr'><em>nostris</em></span> <span class='ocrx_word' id='word_1_484' title='bbox 1903 2110 2017 2142; x_wconf 89' lang='lat' dir='ltr'><em>omni-</em></span> 
     </span>
     <span class='ocr_line' id='line_1_39' title="bbox 137 2162 2018 2206; baseline -0.001 -11"><span class='ocrx_word' id='word_1_485' title='bbox 137 2163 213 2195; x_wconf 78' lang='lat' dir='ltr'><em>bus.</em></span> <span class='ocrx_word' id='word_1_486' title='bbox 250 2164 470 2196; x_wconf 78' lang='lat' dir='ltr'><em>GRUTERUS.</em></span> <span class='ocrx_word' id='word_1_487' title='bbox 516 2164 729 2196; x_wconf 86' lang='lat' dir='ltr'><em>Confirmant</em></span> <span class='ocrx_word' id='word_1_488' title='bbox 760 2164 848 2195; x_wconf 85' lang='lat' dir='ltr'><em>hanc</em></span> <span class='ocrx_word' id='word_1_489' title='bbox 876 2163 1080 2206; x_wconf 86' lang='lat' dir='ltr'><em>scripturam</em></span> <span class='ocrx_word' id='word_1_490' title='bbox 1116 2176 1232 2196; x_wconf 87' lang='lat' dir='ltr'><em>omnes</em></span> <span class='ocrx_word' id='word_1_491' title='bbox 1255 2164 1363 2196; x_wconf 85' lang='lat' dir='ltr'><em>nostri</em></span> <span class='ocrx_word' id='word_1_492' title='bbox 1389 2163 1506 2194; x_wconf 86' lang='lat' dir='ltr'><em>codd..</em></span> <span class='ocrx_word' id='word_1_493' title='bbox 1549 2163 1637 2195; x_wconf 91' lang='lat' dir='ltr'><em>Puto</em></span> <span class='ocrx_word' id='word_1_494' title='bbox 1660 2169 1774 2195; x_wconf 81' lang='lat' dir='ltr'><em>tamen</em></span> <span class='ocrx_word' id='word_1_495' title='bbox 1798 2173 1842 2193; x_wconf 78' lang='lat' dir='ltr'><em>ex</em></span> <span class='ocrx_word' id='word_1_496' title='bbox 1864 2162 2018 2204; x_wconf 87' lang='lat' dir='ltr'><em>margine</em></span> 
     </span>
     <span class='ocr_line' id='line_1_40' title="bbox 136 2215 2017 2261; baseline 0 -14"><span class='ocrx_word' id='word_1_497' title='bbox 136 2215 175 2248; x_wconf 89' lang='lat' dir='ltr'><em>iu</em></span> <span class='ocrx_word' id='word_1_498' title='bbox 196 2221 396 2248; x_wconf 78' lang='lat' dir='ltr'><em>contextum</em></span> <span class='ocrx_word' id='word_1_499' title='bbox 418 2216 610 2260; x_wconf 85' lang='lat' dir='ltr'><em>inrepsisse.</em></span> <span class='ocrx_word' id='word_1_500' title='bbox 646 2217 854 2249; x_wconf 73' lang='lat' dir='ltr'><em>GRAEUIUS.</em></span> <span class='ocrx_word' id='word_1_501' title='bbox 899 2216 939 2247; x_wconf 89' lang='lat' dir='ltr'><em>In</em></span> <span class='ocrx_word' id='word_1_502' title='bbox 963 2216 1015 2247; x_wconf 87' lang='lat' dir='ltr'><em>ed.</em></span> <span class='ocrx_word' id='word_1_503' title='bbox 1041 2216 1184 2248; x_wconf 87' lang='lat' dir='ltr'><em>Gruteri</em></span> <span class='ocrx_word' id='word_1_504' title='bbox 1213 2216 1350 2248; x_wconf 85' lang='lat' dir='ltr'><em>additur</em></span> <span class='ocrx_word' id='word_1_505' title='bbox 1373 2222 1437 2249; x_wconf 83' lang='lat' dir='ltr'><em>aut</em></span> <span class='ocrx_word' id='word_1_506' title='bbox 1458 2227 1526 2260; x_wconf 79' lang='lat' dir='ltr'><em>pro</em></span> <span class='ocrx_word' id='word_1_507' title='bbox 1548 2216 1834 2261; x_wconf 80' lang='lat' dir='ltr'><em>magistratibus,</em></span> <span class='ocrx_word' id='word_1_508' title='bbox 1870 2215 1961 2256; x_wconf 91' lang='lat' dir='ltr'><em>quod</em></span> <span class='ocrx_word' id='word_1_509' title='bbox 1984 2221 2017 2247; x_wconf 91' lang='lat' dir='ltr'><em>et</em></span> 
     </span>
     <span class='ocr_line' id='line_1_41' title="bbox 138 2268 2017 2313; baseline 0 -13"><span class='ocrx_word' id='word_1_510' title='bbox 138 2268 308 2301; x_wconf 85' lang='lat' dir='ltr'><em>Graeuius</em></span> <span class='ocrx_word' id='word_1_511' title='bbox 330 2269 496 2308; x_wconf 84' lang='lat' dir='ltr'><em>seruauit,</em></span> <span class='ocrx_word' id='word_1_512' title='bbox 527 2270 590 2301; x_wconf 89' lang='lat' dir='ltr'><em>etsi</em></span> <span class='ocrx_word' id='word_1_513' title='bbox 611 2275 805 2313; x_wconf 84' lang='lat' dir='ltr'><em>suspectum</em></span> <span class='ocrx_word' id='word_1_514' title='bbox 826 2269 957 2300; x_wconf 84' lang='lat' dir='ltr'><em>habuit.</em></span> <span class='ocrx_word' id='word_1_515' title='bbox 1002 2269 1130 2302; x_wconf 88' lang='lat' dir='ltr'><em>Omisit</em></span> <span class='ocrx_word' id='word_1_516' title='bbox 1151 2270 1283 2313; x_wconf 88' lang='lat' dir='ltr'><em>primus</em></span> <span class='ocrx_word' id='word_1_517' title='bbox 1305 2268 1435 2308; x_wconf 76' lang='lat' dir='ltr'><em>Aldu53</em></span> <span class='ocrx_word' id='word_1_518' title='bbox 1468 2269 1565 2300; x_wconf 91' lang='lat' dir='ltr'><em>bene.</em></span> <span class='ocrx_word' id='word_1_519' title='bbox 1609 2270 1672 2301; x_wconf 89' lang='lat' dir='ltr'><em>Est</em></span> <span class='ocrx_word' id='word_1_520' title='bbox 1694 2275 1811 2300; x_wconf 89' lang='lat' dir='ltr'><em>contra</em></span> <span class='ocrx_word' id='word_1_521' title='bbox 1833 2274 2017 2300; x_wconf 88' lang='lat' dir='ltr'><em>consuetu-</em></span> 
     </span>
     <span class='ocr_line' id='line_1_42' title="bbox 139 2320 2014 2367; baseline 0.001 -15"><span class='ocrx_word' id='word_1_522' title='bbox 139 2320 255 2353; x_wconf 88' lang='lat' dir='ltr'><em>dinem</em></span> <span class='ocrx_word' id='word_1_523' title='bbox 275 2322 312 2354; x_wconf 91' lang='lat' dir='ltr'><em>in</em></span> <span class='ocrx_word' id='word_1_524' title='bbox 334 2322 400 2354; x_wconf 91' lang='lat' dir='ltr'><em>hoc</em></span> <span class='ocrx_word' id='word_1_525' title='bbox 422 2322 540 2355; x_wconf 86' lang='lat' dir='ltr'><em>uerb0.</em></span> <span class='ocrx_word' id='word_1_526' title='bbox 585 2323 704 2354; x_wconf 86' lang='lat' dir='ltr'><em>Cicero</em></span> <span class='ocrx_word' id='word_1_527' title='bbox 728 2333 802 2362; x_wconf 83' lang='lat' dir='ltr'><em>eos,</em></span> <span class='ocrx_word' id='word_1_528' title='bbox 829 2321 889 2364; x_wconf 84' lang='lat' dir='ltr'><em>qui</em></span> <span class='ocrx_word' id='word_1_529' title='bbox 910 2328 990 2354; x_wconf 88' lang='lat' dir='ltr'><em>sunt</em></span> <span class='ocrx_word' id='word_1_530' title='bbox 1011 2323 1048 2355; x_wconf 88' lang='lat' dir='ltr'><em>in</em></span> <span class='ocrx_word' id='word_1_531' title='bbox 1069 2323 1257 2367; x_wconf 86' lang='lat' dir='ltr'><em>prouincia,</em></span> <span class='ocrx_word' id='word_1_532' title='bbox 1280 2322 1494 2364; x_wconf 85' lang='lat' dir='ltr'><em>magistratus</em></span> <span class='ocrx_word' id='word_1_533' title='bbox 1519 2321 1613 2354; x_wconf 84' lang='lat' dir='ltr'><em>dicit.</em></span> <span class='ocrx_word' id='word_1_534' title='bbox 1634 2333 1670 2354; x_wconf 91' lang='lat' dir='ltr'><em>u.</em></span> <span class='ocrx_word' id='word_1_535' title='bbox 1693 2322 1809 2354; x_wconf 89' lang='lat' dir='ltr'><em>Clau..</em></span> <span class='ocrx_word' id='word_1_536' title='bbox 1854 2322 1901 2353; x_wconf 89' lang='lat' dir='ltr'><em>Et</em></span> <span class='ocrx_word' id='word_1_537' title='bbox 1921 2321 2014 2361; x_wconf 85' lang='lat' dir='ltr'><em>alibi,</em></span> 
     </span>
     <span class='ocr_line' id='line_1_43' title="bbox 137 2372 2013 2418; baseline 0.001 -14"><span class='ocrx_word' id='word_1_538' title='bbox 137 2372 199 2405; x_wconf 89' lang='lat' dir='ltr'><em>ubi</em></span> <span class='ocrx_word' id='word_1_539' title='bbox 222 2372 287 2404; x_wconf 92' lang='lat' dir='ltr'><em>hoc</em></span> <span class='ocrx_word' id='word_1_540' title='bbox 305 2375 434 2407; x_wconf 90' lang='lat' dir='ltr'><em>SCtum</em></span> <span class='ocrx_word' id='word_1_541' title='bbox 456 2381 704 2415; x_wconf 86' lang='lat' dir='ltr'><em>conmemorat,</em></span> <span class='ocrx_word' id='word_1_542' title='bbox 741 2381 875 2407; x_wconf 85' lang='lat' dir='ltr'><em>tantum</em></span> <span class='ocrx_word' id='word_1_543' title='bbox 899 2375 1114 2418; x_wconf 83' lang='lat' dir='ltr'><em>magistratus</em></span> <span class='ocrx_word' id='word_1_544' title='bbox 1136 2380 1379 2408; x_wconf 88' lang='lat' dir='ltr'><em>conmemorat.</em></span> <span class='ocrx_word' id='word_1_545' title='bbox 1412 2375 1640 2406; x_wconf 78' lang='lat' dir='ltr'><em>ERNESTIUS.</em></span> <span class='ocrx_word' id='word_1_546' title='bbox 1683 2374 1798 2406; x_wconf 85' lang='lat' dir='ltr'><em>Etiam</em></span> <span class='ocrx_word' id='word_1_547' title='bbox 1820 2375 1894 2407; x_wconf 89' lang='lat' dir='ltr'><em>cod.</em></span> <span class='ocrx_word' id='word_1_548' title='bbox 1919 2386 2013 2406; x_wconf 87' lang='lat' dir='ltr'><em>meus</em></span> 
     </span>
    </p>
   </div>
   <div class='ocr_carea' id='block_1_3' title="bbox 139 2425 2011 2511">
    <p class='ocr_par' dir='ltr' id='par_1_8' title="bbox 139 2425 2011 2511">
     <span class='ocr_line' id='line_1_44' title="bbox 139 2425 2011 2471; baseline 0.001 -12"><span class='ocrx_word' id='word_1_549' title='bbox 139 2431 174 2457; x_wconf 83' lang='lat' dir='ltr'><em>et</em></span> <span class='ocrx_word' id='word_1_550' title='bbox 195 2425 307 2466; x_wconf 66' lang='lat' dir='ltr'><em>Barb„</em></span> <span class='ocrx_word' id='word_1_551' title='bbox 329 2427 442 2470; x_wconf 68' lang='lat' dir='ltr'><em>Rom„</em></span> <span class='ocrx_word' id='word_1_552' title='bbox 465 2434 500 2460; x_wconf 88' lang='lat' dir='ltr'><em>et</em></span> <span class='ocrx_word' id='word_1_553' title='bbox 520 2428 637 2460; x_wconf 83' lang='lat' dir='ltr'><em>ambae</em></span> <span class='ocrx_word' id='word_1_554' title='bbox 659 2429 747 2462; x_wconf 86' lang='lat' dir='ltr'><em>Uen.</em></span> <span class='ocrx_word' id='word_1_555' title='bbox 770 2428 901 2460; x_wconf 88' lang='lat' dir='ltr'><em>addunt</em></span> <span class='ocrx_word' id='word_1_556' title='bbox 921 2429 1027 2461; x_wconf 85' lang='lat' dir='ltr'><em>uerba</em></span> <span class='ocrx_word' id='word_1_557' title='bbox 1047 2429 1118 2461; x_wconf 89' lang='lat' dir='ltr'><em>illa.</em></span> <span class='ocrx_word' id='word_1_558' title='bbox 1164 2429 1250 2471; x_wconf 86' lang='lat' dir='ltr'><em>Quis</em></span> <span class='ocrx_word' id='word_1_559' title='bbox 1272 2434 1386 2460; x_wconf 89' lang='lat' dir='ltr'><em>autem</em></span> <span class='ocrx_word' id='word_1_560' title='bbox 1408 2427 1524 2467; x_wconf 86' lang='lat' dir='ltr'><em>nescit,</em></span> <span class='ocrx_word' id='word_1_561' title='bbox 1547 2426 1584 2458; x_wconf 91' lang='lat' dir='ltr'><em>in</em></span> <span class='ocrx_word' id='word_1_562' title='bbox 1605 2426 1792 2470; x_wconf 84' lang='lat' dir='ltr'><em>prouinciis</em></span> <span class='ocrx_word' id='word_1_563' title='bbox 1814 2427 1919 2460; x_wconf 86' lang='lat' dir='ltr'><em>fuisse</em></span> <span class='ocrx_word' id='word_1_564' title='bbox 1941 2438 2011 2459; x_wconf 84' lang='lat' dir='ltr'><em>non</em></span> 
     </span>
     <span class='ocr_line' id='line_1_45' title="bbox 1531 2480 1592 2511; baseline 0.016 -1"><span class='ocrx_word' id='word_1_565' title='bbox 1531 2480 1592 2511; x_wconf 72' lang='lat'><em>37*</em></span> 
     </span>
    </p>
   </div>
  </div>
 </body>
</html>
