<?xml version="1.0" encoding="UTF-8"?>
<!DOCTYPE html PUBLIC "-//W3C//DTD XHTML 1.0 Transitional//EN"
    "http://www.w3.org/TR/xhtml1/DTD/xhtml1-transitional.dtd">
<html xmlns="http://www.w3.org/1999/xhtml" xml:lang="en" lang="en">
 <head>
  <title>
</title>
<meta http-equiv="Content-Type" content="text/html;charset=utf-8" />
  <meta name='ocr-system' content='tesseract 3.04.00' />
  <meta name='ocr-capabilities' content='ocr_page ocr_carea ocr_par ocr_line ocrx_word'/>
</head>
<body>
  <div class='ocr_page' id='page_1' title='image "./oratioprocnplanc00ciceuoft/oratioprocnplanc00ciceuoft_0250.png"; bbox 0 0 2185 2720; ppageno 0'>
   <div class='ocr_carea' id='block_1_1' title="bbox 119 143 1346 177">
    <p class='ocr_par' dir='ltr' id='par_1_1' title="bbox 119 143 1346 177">
     <span class='ocr_line' id='line_1_1' title="bbox 119 143 1346 177; baseline -0.002 0"><span class='ocrx_word' id='word_1_1' title='bbox 119 151 172 177; x_wconf 76' lang='lat'><strong>132</strong></span> <span class='ocrx_word' id='word_1_2' title='bbox 773 143 1346 174; x_wconf 85' lang='lat' dir='ltr'><strong>COMMENTARIUS.</strong></span> 
     </span>
    </p>
   </div>
   <div class='ocr_carea' id='block_1_2' title="bbox 120 216 2027 1577">
    <p class='ocr_par' dir='ltr' id='par_1_2' title="bbox 120 216 2012 564">
     <span class='ocr_line' id='line_1_2' title="bbox 120 216 2007 262; baseline 0.001 -13"><span class='ocrx_word' id='word_1_3' title='bbox 120 219 220 250; x_wconf 78' lang='lat' dir='ltr'><strong>edere</strong></span> <span class='ocrx_word' id='word_1_4' title='bbox 242 217 395 262; x_wconf 80' lang='lat' dir='ltr'><strong>profecto</strong></span> <span class='ocrx_word' id='word_1_5' title='bbox 418 217 477 251; x_wconf 97' lang='grc'><strong>1135</strong></span> <span class='ocrx_word' id='word_1_6' title='bbox 502 217 610 249; x_wconf 89' lang='lat' dir='ltr'><strong>tribus</strong></span> <span class='ocrx_word' id='word_1_7' title='bbox 634 216 791 251; x_wconf 85' lang='lat' dir='ltr'><strong>debuisti.</strong></span> <span class='ocrx_word' id='word_1_8' title='bbox 834 219 924 251; x_wconf 86' lang='lat' dir='ltr'><strong>Nam</strong></span> <span class='ocrx_word' id='word_1_9' title='bbox 949 219 977 250; x_wconf 89' lang='lat' dir='ltr'><strong>si</strong></span> <span class='ocrx_word' id='word_1_10' title='bbox 1000 218 1230 252; x_wconf 85' lang='lat' dir='ltr'><strong>Uoltinienses</strong></span> <span class='ocrx_word' id='word_1_11' title='bbox 1253 223 1312 250; x_wconf 84' lang='lat' dir='ltr'><strong>aut</strong></span> <span class='ocrx_word' id='word_1_12' title='bbox 1333 218 1513 251; x_wconf 85' lang='lat' dir='ltr'><strong>Terentini</strong></span> <span class='ocrx_word' id='word_1_13' title='bbox 1535 231 1554 251; x_wconf 90' lang='lat' dir='ltr'><strong>a</strong></span> <span class='ocrx_word' id='word_1_14' title='bbox 1575 226 1608 251; x_wconf 91' lang='lat' dir='ltr'><strong>te</strong></span> <span class='ocrx_word' id='word_1_15' title='bbox 1630 219 1756 253; x_wconf 89' lang='lat' dir='ltr'><strong>iudices</strong></span> <span class='ocrx_word' id='word_1_16' title='bbox 1780 226 1891 253; x_wconf 82' lang='lat' dir='ltr'><strong>essent</strong></span> <span class='ocrx_word' id='word_1_17' title='bbox 1912 219 2007 252; x_wconf 85' lang='lat' dir='ltr'><strong>dele-</strong></span> 
     </span>
     <span class='ocr_line' id='line_1_3' title="bbox 123 270 2007 316; baseline 0.002 -15"><span class='ocrx_word' id='word_1_18' title='bbox 123 270 185 310; x_wconf 79' lang='lat' dir='ltr'><strong>cti,</strong></span> <span class='ocrx_word' id='word_1_19' title='bbox 220 272 391 312; x_wconf 88' lang='lat' dir='ltr'><strong>quomodo</strong></span> <span class='ocrx_word' id='word_1_20' title='bbox 416 271 553 303; x_wconf 82' lang='lat' dir='ltr'><strong>tandem</strong></span> <span class='ocrx_word' id='word_1_21' title='bbox 575 276 659 313; x_wconf 84' lang='lat' dir='ltr'><strong>aput</strong></span> <span class='ocrx_word' id='word_1_22' title='bbox 683 282 758 312; x_wconf 90' lang='lat' dir='ltr'><strong>eos,</strong></span> <span class='ocrx_word' id='word_1_23' title='bbox 791 271 946 303; x_wconf 90' lang='lat' dir='ltr'><strong>homines</strong></span> <span class='ocrx_word' id='word_1_24' title='bbox 970 272 1212 304; x_wconf 83' lang='lat' dir='ltr'><strong>seuerissumos</strong></span> <span class='ocrx_word' id='word_1_25' title='bbox 1236 277 1270 302; x_wconf 89' lang='lat' dir='ltr'><strong>et</strong></span> <span class='ocrx_word' id='word_1_26' title='bbox 1291 271 1519 313; x_wconf 87' lang='lat' dir='ltr'><strong>grauissumos</strong></span> <span class='ocrx_word' id='word_1_27' title='bbox 1542 271 1641 315; x_wconf 88' lang='lat' dir='ltr'><strong>(conl.</strong></span> <span class='ocrx_word' id='word_1_28' title='bbox 1665 274 1695 313; x_wconf 83' lang='lat'><strong>§.</strong></span> <span class='ocrx_word' id='word_1_29' title='bbox 1719 274 1804 316; x_wconf 80' lang='lat'><strong>58.),</strong></span> <span class='ocrx_word' id='word_1_30' title='bbox 1840 273 2007 313; x_wconf 88' lang='lat' dir='ltr'><strong>Plancius,</strong></span> 
     </span>
     <span class='ocr_line' id='line_1_4' title="bbox 123 322 2009 367; baseline 0.002 -13"><span class='ocrx_word' id='word_1_31' title='bbox 123 323 151 354; x_wconf 87' lang='lat' dir='ltr'><strong>si</strong></span> <span class='ocrx_word' id='word_1_32' title='bbox 174 323 282 354; x_wconf 88' lang='lat' dir='ltr'><strong>tribus</strong></span> <span class='ocrx_word' id='word_1_33' title='bbox 305 323 382 355; x_wconf 83' lang='lat' dir='ltr'><strong>istas</strong></span> <span class='ocrx_word' id='word_1_34' title='bbox 405 323 629 366; x_wconf 81' lang='lat' dir='ltr'>corrupisset,</span> <span class='ocrx_word' id='word_1_35' title='bbox 675 322 857 355; x_wconf 88' lang='lat' dir='ltr'><strong>defendere</strong></span> <span class='ocrx_word' id='word_1_36' title='bbox 888 335 923 355; x_wconf 90' lang='lat' dir='ltr'><strong>se</strong></span> <span class='ocrx_word' id='word_1_37' title='bbox 944 330 1059 367; x_wconf 85' lang='lat' dir='ltr'><strong>posset</strong></span> <span class='ocrx_word' id='word_1_38' title='bbox 1090 323 1198 366; x_wconf 88' lang='grc'><strong>(00111.</strong></span> <span class='ocrx_word' id='word_1_39' title='bbox 1223 323 1253 364; x_wconf 85' lang='lat'><strong>§.</strong></span> <span class='ocrx_word' id='word_1_40' title='bbox 1277 323 1329 355; x_wconf 83' lang='lat'><strong>45.</strong></span> <span class='ocrx_word' id='word_1_41' title='bbox 1356 330 1444 355; x_wconf 76' lang='lat' dir='ltr'><strong>extr.</strong></span> <span class='ocrx_word' id='word_1_42' title='bbox 1469 330 1503 356; x_wconf 86' lang='lat' dir='ltr'><strong>et</strong></span> <span class='ocrx_word' id='word_1_43' title='bbox 1527 326 1557 366; x_wconf 84' lang='lat'><strong>§.</strong></span> <span class='ocrx_word' id='word_1_44' title='bbox 1580 326 1680 365; x_wconf 79' lang='lat'><strong>46.)?</strong></span> <span class='ocrx_word' id='word_1_45' title='bbox 1726 325 1828 367; x_wconf 90' lang='lat' dir='ltr'><strong>Quod</strong></span> <span class='ocrx_word' id='word_1_46' title='bbox 1850 336 1928 357; x_wconf 92' lang='lat' dir='ltr'><strong>cum</strong></span> <span class='ocrx_word' id='word_1_47' title='bbox 1954 325 2009 357; x_wconf 89' lang='lat' dir='ltr'><strong>di-</strong></span> 
     </span>
     <span class='ocr_line' id='line_1_5' title="bbox 122 375 2009 420; baseline 0.001 -13"><span class='ocrx_word' id='word_1_48' title='bbox 122 375 228 408; x_wconf 72' lang='lat' dir='ltr'><strong>xisset</strong></span> <span class='ocrx_word' id='word_1_49' title='bbox 251 376 387 413; x_wconf 83' lang='lat' dir='ltr'><strong>Cicero,</strong></span> <span class='ocrx_word' id='word_1_50' title='bbox 411 376 541 417; x_wconf 90' lang='lat' dir='ltr'><strong>subito,</strong></span> <span class='ocrx_word' id='word_1_51' title='bbox 565 382 604 408; x_wconf 83' lang='lat' dir='ltr'><strong>ut</strong></span> <span class='ocrx_word' id='word_1_52' title='bbox 630 376 816 407; x_wconf 84' lang='lat' dir='ltr'>declararet</span> <span class='ocrx_word' id='word_1_53' title='bbox 838 376 979 418; x_wconf 85' lang='lat' dir='ltr'><strong>cogitari</strong></span> <span class='ocrx_word' id='word_1_54' title='bbox 1002 377 1036 408; x_wconf 89' lang='lat' dir='ltr'><strong>id</strong></span> <span class='ocrx_word' id='word_1_55' title='bbox 1060 377 1160 419; x_wconf 86' lang='lat' dir='ltr'><strong>plane</strong></span> <span class='ocrx_word' id='word_1_56' title='bbox 1182 387 1252 407; x_wconf 90' lang='lat' dir='ltr'><strong>non</strong></span> <span class='ocrx_word' id='word_1_57' title='bbox 1274 387 1382 418; x_wconf 87' lang='lat' dir='ltr'><strong>posse,</strong></span> <span class='ocrx_word' id='word_1_58' title='bbox 1405 388 1425 408; x_wconf 88' lang='lat' dir='ltr'><strong>a</strong></span> <span class='ocrx_word' id='word_1_59' title='bbox 1446 377 1582 408; x_wconf 82' lang='lat' dir='ltr'>Plancio</span> <span class='ocrx_word' id='word_1_60' title='bbox 1606 377 1681 409; x_wconf 83' lang='lat' dir='ltr'><strong>illas</strong></span> <span class='ocrx_word' id='word_1_61' title='bbox 1704 378 1812 409; x_wconf 88' lang='lat' dir='ltr'><strong>tribus</strong></span> <span class='ocrx_word' id='word_1_62' title='bbox 1834 383 2009 420; x_wconf 86' lang='lat' dir='ltr'><strong>corruptas</strong></span> 
     </span>
     <span class='ocr_line' id='line_1_6' title="bbox 125 427 2010 472; baseline 0.001 -12"><span class='ocrx_word' id='word_1_63' title='bbox 125 440 211 465; x_wconf 84' lang='lat' dir='ltr'><strong>esse,</strong></span> <span class='ocrx_word' id='word_1_64' title='bbox 236 427 404 459; x_wconf 88' lang='lat' dir='ltr'><strong>conuertit</strong></span> <span class='ocrx_word' id='word_1_65' title='bbox 426 439 461 459; x_wconf 88' lang='lat' dir='ltr'><strong>se</strong></span> <span class='ocrx_word' id='word_1_66' title='bbox 483 428 524 459; x_wconf 91' lang='lat' dir='ltr'><strong>ad</strong></span> <span class='ocrx_word' id='word_1_67' title='bbox 549 430 770 461; x_wconf 80' lang='lat' dir='ltr'><strong>Laterensem</strong></span> <span class='ocrx_word' id='word_1_68' title='bbox 793 428 958 470; x_wconf 86' lang='lat' dir='ltr'><strong>dicitque:</strong></span> <span class='ocrx_word' id='word_1_69' title='bbox 990 431 1092 462; x_wconf 84' lang='lat' dir='ltr'><strong>immo</strong></span> <span class='ocrx_word' id='word_1_70' title='bbox 1116 440 1198 460; x_wconf 85' lang='lat' dir='ltr'><strong>uero</strong></span> <span class='ocrx_word' id='word_1_71' title='bbox 1221 434 1258 460; x_wconf 83' lang='lat' dir='ltr'><strong>tu</strong></span> <span class='ocrx_word' id='word_1_72' title='bbox 1283 430 1367 472; x_wconf 85' lang='lat' dir='ltr'><strong>quid</strong></span> <span class='ocrx_word' id='word_1_73' title='bbox 1389 430 1542 462; x_wconf 76' lang='lat' dir='ltr'><strong>diceres?</strong></span> <span class='ocrx_word' id='word_1_74' title='bbox 1574 429 1610 461; x_wconf 87' lang='lat' dir='ltr'><strong>id</strong></span> <span class='ocrx_word' id='word_1_75' title='bbox 1636 437 1700 470; x_wconf 89' lang='lat' dir='ltr'><strong>est,</strong></span> <span class='ocrx_word' id='word_1_76' title='bbox 1727 430 1833 461; x_wconf 90' lang='lat' dir='ltr'><strong>immo</strong></span> <span class='ocrx_word' id='word_1_77' title='bbox 1854 440 1939 461; x_wconf 86' lang='lat' dir='ltr'><strong>uero</strong></span> <span class='ocrx_word' id='word_1_78' title='bbox 1961 436 2010 470; x_wconf 86' lang='lat' dir='ltr'><strong>tu,</strong></span> 
     </span>
     <span class='ocr_line' id='line_1_7' title="bbox 123 479 2012 525; baseline 0 -12"><span class='ocrx_word' id='word_1_79' title='bbox 123 481 152 513; x_wconf 85' lang='lat' dir='ltr'><strong>si</strong></span> <span class='ocrx_word' id='word_1_80' title='bbox 176 480 251 512; x_wconf 80' lang='lat' dir='ltr'><strong>illos</strong></span> <span class='ocrx_word' id='word_1_81' title='bbox 275 479 452 522; x_wconf 84' lang='lat' dir='ltr'><strong>delegisses</strong></span> <span class='ocrx_word' id='word_1_82' title='bbox 476 480 621 522; x_wconf 72' lang='lat' dir='ltr'><strong>iudices,</strong></span> <span class='ocrx_word' id='word_1_83' title='bbox 656 480 827 524; x_wconf 90' lang='lat' dir='ltr'><strong>quomodo</strong></span> <span class='ocrx_word' id='word_1_84' title='bbox 850 481 960 513; x_wconf 89' lang='lat' dir='ltr'><strong>ullum</strong></span> <span class='ocrx_word' id='word_1_85' title='bbox 986 481 1124 513; x_wconf 85' lang='lat' dir='ltr'><strong>Plancio</strong></span> <span class='ocrx_word' id='word_1_86' title='bbox 1153 480 1284 512; x_wconf 82' lang='lat' dir='ltr'><strong>crimen</strong></span> <span class='ocrx_word' id='word_1_87' title='bbox 1306 481 1440 513; x_wconf 90' lang='lat' dir='ltr'><strong>obicere</strong></span> <span class='ocrx_word' id='word_1_88' title='bbox 1460 494 1592 524; x_wconf 89' lang='lat' dir='ltr'><strong>posses,</strong></span> <span class='ocrx_word' id='word_1_89' title='bbox 1629 483 1721 525; x_wconf 88' lang='lat' dir='ltr'><strong>quod</strong></span> <span class='ocrx_word' id='word_1_90' title='bbox 1746 482 1798 515; x_wconf 86' lang='lat' dir='ltr'><strong>illi</strong></span> <span class='ocrx_word' id='word_1_91' title='bbox 1819 481 1895 514; x_wconf 84' lang='lat' dir='ltr'><strong>iure</strong></span> <span class='ocrx_word' id='word_1_92' title='bbox 1917 481 2012 513; x_wconf 85' lang='lat' dir='ltr'><strong>obie-</strong></span> 
     </span>
     <span class='ocr_line' id='line_1_8' title="bbox 127 531 491 564; baseline 0 0"><span class='ocrx_word' id='word_1_93' title='bbox 127 539 219 564; x_wconf 78' lang='lat' dir='ltr'><strong>ctum</strong></span> <span class='ocrx_word' id='word_1_94' title='bbox 244 531 491 564; x_wconf 80' lang='lat' dir='ltr'><strong>concederent?</strong></span> 
     </span>
    </p>

    <p class='ocr_par' dir='ltr' id='par_1_3' title="bbox 127 584 2015 735">
     <span class='ocr_line' id='line_1_9' title="bbox 212 584 2015 629; baseline 0.001 -13"><span class='ocrx_word' id='word_1_95' title='bbox 212 584 287 617; x_wconf 76' lang='lat' dir='ltr'><strong>Aut</strong></span> <span class='ocrx_word' id='word_1_96' title='bbox 309 590 396 627; x_wconf 79' lang='lat' dir='ltr'><strong>aput</strong></span> <span class='ocrx_word' id='word_1_97' title='bbox 420 585 560 618; x_wconf 79' lang='lat' dir='ltr'><strong>tribulis</strong></span> <span class='ocrx_word' id='word_1_98' title='bbox 583 597 662 617; x_wconf 80' lang='lat' dir='ltr'><strong>suos</strong></span> <span class='ocrx_word' id='word_1_99' title='bbox 686 586 830 628; x_wconf 82' lang='lat' dir='ltr'><strong>iudices)</strong></span> <span class='ocrx_word' id='word_1_100' title='bbox 876 585 1167 629; x_wconf 86' lang='lat' dir='ltr'><strong>Praepositionem</strong></span> <span class='ocrx_word' id='word_1_101' title='bbox 1190 591 1294 629; x_wconf 81' lang='lat' dir='ltr'><strong>aput,</strong></span> <span class='ocrx_word' id='word_1_102' title='bbox 1323 597 1425 628; x_wconf 88' lang='lat' dir='ltr'><strong>quam</strong></span> <span class='ocrx_word' id='word_1_103' title='bbox 1446 587 1596 620; x_wconf 84' lang='lat' dir='ltr'><strong>familiae</strong></span> <span class='ocrx_word' id='word_1_104' title='bbox 1615 588 1735 620; x_wconf 79' lang='lat' dir='ltr'><strong>tertiae</strong></span> <span class='ocrx_word' id='word_1_105' title='bbox 1757 586 1888 620; x_wconf 90' lang='lat' dir='ltr'><strong>codices</strong></span> <span class='ocrx_word' id='word_1_106' title='bbox 1910 586 2015 619; x_wconf 83' lang='lat' dir='ltr'><strong>omit-</strong></span> 
     </span>
     <span class='ocr_line' id='line_1_10' title="bbox 127 638 2012 682; baseline 0.001 -13"><span class='ocrx_word' id='word_1_107' title='bbox 127 643 221 675; x_wconf 87' lang='lat' dir='ltr'><strong>tunt,</strong></span> <span class='ocrx_word' id='word_1_108' title='bbox 255 638 365 679; x_wconf 88' lang='lat' dir='ltr'><strong>repeti</strong></span> <span class='ocrx_word' id='word_1_109' title='bbox 393 638 543 680; x_wconf 86' lang='lat' dir='ltr'><strong>postulat</strong></span> <span class='ocrx_word' id='word_1_110' title='bbox 571 638 731 669; x_wconf 88' lang='lat' dir='ltr'><strong>Tulliana</strong></span> <span class='ocrx_word' id='word_1_111' title='bbox 759 638 923 680; x_wconf 86' lang='lat' dir='ltr'><strong>loquendi</strong></span> <span class='ocrx_word' id='word_1_112' title='bbox 954 638 1179 678; x_wconf 86' lang='lat' dir='ltr'><strong>consuetudo,</strong></span> <span class='ocrx_word' id='word_1_113' title='bbox 1215 638 1257 669; x_wconf 88' lang='lat' dir='ltr'><strong>de</strong></span> <span class='ocrx_word' id='word_1_114' title='bbox 1287 650 1352 681; x_wconf 89' lang='lat' dir='ltr'><strong>qua</strong></span> <span class='ocrx_word' id='word_1_115' title='bbox 1382 639 1462 670; x_wconf 87' lang='lat' dir='ltr'><strong>uide</strong></span> <span class='ocrx_word' id='word_1_116' title='bbox 1491 652 1576 682; x_wconf 85' lang='lat' dir='ltr'><strong>quae</strong></span> <span class='ocrx_word' id='word_1_117' title='bbox 1606 641 1678 673; x_wconf 78' lang='lat' dir='ltr'><strong>dixi</strong></span> <span class='ocrx_word' id='word_1_118' title='bbox 1707 640 1817 673; x_wconf 85' lang='lat' dir='ltr'><strong>Praef.</strong></span> <span class='ocrx_word' id='word_1_119' title='bbox 1846 640 1890 672; x_wconf 86' lang='lat' dir='ltr'><strong>ad</strong></span> <span class='ocrx_word' id='word_1_120' title='bbox 1911 641 2012 674; x_wconf 88' lang='lat' dir='ltr'><strong>Uarr.</strong></span> 
     </span>
     <span class='ocr_line' id='line_1_11' title="bbox 128 689 1870 735; baseline 0.002 -15"><span class='ocrx_word' id='word_1_121' title='bbox 128 691 237 721; x_wconf 85' lang='lat' dir='ltr'><strong>Lectt.</strong></span> <span class='ocrx_word' id='word_1_122' title='bbox 264 701 307 721; x_wconf 74' lang='lat' dir='ltr'><strong>ex</strong></span> <span class='ocrx_word' id='word_1_123' title='bbox 329 690 402 721; x_wconf 91' lang='lat' dir='ltr'><strong>cod.</strong></span> <span class='ocrx_word' id='word_1_124' title='bbox 426 689 500 721; x_wconf 79' lang='lat' dir='ltr'><strong>Erf.</strong></span> <span class='ocrx_word' id='word_1_125' title='bbox 524 696 614 721; x_wconf 90' lang='lat' dir='ltr'><strong>enot.</strong></span> <span class='ocrx_word' id='word_1_126' title='bbox 637 702 671 733; x_wconf 90' lang='lat' dir='ltr'><strong>p.</strong></span> <span class='ocrx_word' id='word_1_127' title='bbox 695 691 802 722; x_wconf 87' lang='lat' dir='ltr'>XVII</span> <span class='ocrx_word' id='word_1_128' title='bbox 824 703 918 733; x_wconf 90' lang='lat' dir='ltr'><strong>sqq..</strong></span> <span class='ocrx_word' id='word_1_129' title='bbox 964 692 1125 723; x_wconf 72' lang='lat' dir='ltr'><strong>Ceterum</strong></span> <span class='ocrx_word' id='word_1_130' title='bbox 1146 690 1207 722; x_wconf 87' lang='lat' dir='ltr'><strong>cfr.</strong></span> <span class='ocrx_word' id='word_1_131' title='bbox 1231 691 1332 724; x_wconf 85' lang='lat' dir='ltr'><strong>etiam</strong></span> <span class='ocrx_word' id='word_1_132' title='bbox 1356 692 1489 735; x_wconf 85' lang='lat' dir='ltr'><strong>Proleg.</strong></span> <span class='ocrx_word' id='word_1_133' title='bbox 1512 694 1554 726; x_wconf 88' lang='lat' dir='ltr'><strong>L.</strong></span> <span class='ocrx_word' id='word_1_134' title='bbox 1577 694 1621 725; x_wconf 87' lang='lat' dir='ltr'><strong>II.</strong></span> <span class='ocrx_word' id='word_1_135' title='bbox 1647 694 1685 725; x_wconf 89' lang='lat' dir='ltr'><strong>C.</strong></span> <span class='ocrx_word' id='word_1_136' title='bbox 1709 694 1737 725; x_wconf 90' lang='lat' dir='ltr'><strong>I.</strong></span> <span class='ocrx_word' id='word_1_137' title='bbox 1765 694 1795 734; x_wconf 84' lang='lat'><strong>§.</strong></span> <span class='ocrx_word' id='word_1_138' title='bbox 1819 693 1870 725; x_wconf 84' lang='grc'><strong>8..</strong></span> 
     </span>
    </p>

    <p class='ocr_par' dir='ltr' id='par_1_4' title="bbox 130 742 2026 1298">
     <span class='ocr_line' id='line_1_12' title="bbox 215 742 2015 787; baseline 0 -13"><span class='ocrx_word' id='word_1_139' title='bbox 215 742 326 782; x_wconf 83' lang='lat' dir='ltr'><strong>Quem</strong></span> <span class='ocrx_word' id='word_1_140' title='bbox 355 743 505 775; x_wconf 83' lang='lat' dir='ltr'><strong>iudicem</strong></span> <span class='ocrx_word' id='word_1_141' title='bbox 530 755 571 775; x_wconf 81' lang='lat' dir='ltr'><strong>ex</strong></span> <span class='ocrx_word' id='word_1_142' title='bbox 594 743 666 774; x_wconf 85' lang='lat' dir='ltr'><strong>illis</strong></span> <span class='ocrx_word' id='word_1_143' title='bbox 689 749 752 775; x_wconf 81' lang='lat' dir='ltr'><strong>aut</strong></span> <span class='ocrx_word' id='word_1_144' title='bbox 775 745 921 775; x_wconf 74' lang='lat' dir='ltr'><strong>tacitum</strong></span> <span class='ocrx_word' id='word_1_145' title='bbox 942 749 1062 775; x_wconf 79' lang='lat' dir='ltr'><strong>testem</strong></span> <span class='ocrx_word' id='word_1_146' title='bbox 1082 743 1241 782; x_wconf 77' lang='lat' dir='ltr'><strong>haberes,</strong></span> <span class='ocrx_word' id='word_1_147' title='bbox 1270 750 1334 776; x_wconf 73' lang='lat' dir='ltr'><strong>aut</strong></span> <span class='ocrx_word' id='word_1_148' title='bbox 1357 757 1439 777; x_wconf 85' lang='lat' dir='ltr'><strong>uero</strong></span> <span class='ocrx_word' id='word_1_149' title='bbox 1462 746 1567 778; x_wconf 78' lang='lat' dir='ltr'><strong>etiam</strong></span> <span class='ocrx_word' id='word_1_150' title='bbox 1589 746 1771 787; x_wconf 74' lang='lat' dir='ltr'><strong>excitares)</strong></span> <span class='ocrx_word' id='word_1_151' title='bbox 1815 745 1906 778; x_wconf 90' lang='lat' dir='ltr'><strong>Male</strong></span> <span class='ocrx_word' id='word_1_152' title='bbox 1933 744 2015 776; x_wconf 88' lang='lat' dir='ltr'><strong>haec</strong></span> 
     </span>
     <span class='ocr_line' id='line_1_13' title="bbox 130 795 2017 839; baseline -0.001 -11"><span class='ocrx_word' id='word_1_153' title='bbox 130 795 323 834; x_wconf 86' lang='lat' dir='ltr'><strong>Manutius,</strong></span> <span class='ocrx_word' id='word_1_154' title='bbox 348 807 450 837; x_wconf 86' lang='lat' dir='ltr'><strong>quem</strong></span> <span class='ocrx_word' id='word_1_155' title='bbox 472 795 578 827; x_wconf 89' lang='lat' dir='ltr'><strong>secuti</strong></span> <span class='ocrx_word' id='word_1_156' title='bbox 600 800 678 826; x_wconf 87' lang='lat' dir='ltr'><strong>suut</strong></span> <span class='ocrx_word' id='word_1_157' title='bbox 702 795 880 827; x_wconf 79' lang='lat' dir='ltr'><strong>VVeiskius</strong></span> <span class='ocrx_word' id='word_1_158' title='bbox 907 802 940 827; x_wconf 90' lang='lat' dir='ltr'><strong>et</strong></span> <span class='ocrx_word' id='word_1_159' title='bbox 965 795 1148 835; x_wconf 83' lang='lat' dir='ltr'><strong>Wolffius,</strong></span> <span class='ocrx_word' id='word_1_160' title='bbox 1171 796 1219 827; x_wconf 80' lang='lat' dir='ltr'><strong>ita</strong></span> <span class='ocrx_word' id='word_1_161' title='bbox 1241 797 1483 839; x_wconf 85' lang='lat' dir='ltr'><strong>interpretatus</strong></span> <span class='ocrx_word' id='word_1_162' title='bbox 1505 804 1570 830; x_wconf 87' lang='lat' dir='ltr'><strong>est:</strong></span> <span class='ocrx_word' id='word_1_163' title='bbox 1594 797 1775 837; x_wconf 91' lang='lat' dir='ltr'><strong>„Iudicem</strong></span> <span class='ocrx_word' id='word_1_164' title='bbox 1795 810 1839 829; x_wconf 83' lang='lat' dir='ltr'><strong>ex</strong></span> <span class='ocrx_word' id='word_1_165' title='bbox 1861 797 1929 829; x_wconf 87' lang='lat' dir='ltr'><strong>illis</strong></span> <span class='ocrx_word' id='word_1_166' title='bbox 1955 808 2017 828; x_wconf 82' lang='lat' dir='ltr'><strong>ne-</strong></span> 
     </span>
     <span class='ocr_line' id='line_1_14' title="bbox 132 847 2017 887; baseline 0.001 -9"><span class='ocrx_word' id='word_1_167' title='bbox 132 847 279 887; x_wconf 90' lang='lat' dir='ltr'><strong>minem,</strong></span> <span class='ocrx_word' id='word_1_168' title='bbox 305 847 478 879; x_wconf 87' lang='lat' dir='ltr'><strong>neminem</strong></span> <span class='ocrx_word' id='word_1_169' title='bbox 502 847 642 878; x_wconf 89' lang='lat' dir='ltr'><strong>tacitum</strong></span> <span class='ocrx_word' id='word_1_170' title='bbox 665 853 783 878; x_wconf 81' lang='lat' dir='ltr'><strong>testem</strong></span> <span class='ocrx_word' id='word_1_171' title='bbox 802 848 962 879; x_wconf 86' lang='lat' dir='ltr'><strong>haberes:</strong></span> <span class='ocrx_word' id='word_1_172' title='bbox 993 847 1229 880; x_wconf 85' lang='lat' dir='ltr'><strong>testimonium</strong></span> <span class='ocrx_word' id='word_1_173' title='bbox 1253 849 1344 880; x_wconf 88' lang='lat' dir='ltr'><strong>enim</strong></span> <span class='ocrx_word' id='word_1_174' title='bbox 1367 850 1408 880; x_wconf 89' lang='lat' dir='ltr'><strong>de</strong></span> <span class='ocrx_word' id='word_1_175' title='bbox 1430 850 1546 881; x_wconf 83' lang='lat' dir='ltr'><strong>Planci</strong></span> <span class='ocrx_word' id='word_1_176' title='bbox 1568 851 1762 882; x_wconf 85' lang='lat' dir='ltr'><strong>innocentia</strong></span> <span class='ocrx_word' id='word_1_177' title='bbox 1784 862 1900 882; x_wconf 88' lang='lat' dir='ltr'><strong>omnes</strong></span> <span class='ocrx_word' id='word_1_178' title='bbox 1924 850 2017 882; x_wconf 90' lang='lat' dir='ltr'><strong>dice-</strong></span> 
     </span>
     <span class='ocr_line' id='line_1_15' title="bbox 132 898 2018 944; baseline 0.002 -13"><span class='ocrx_word' id='word_1_179' title='bbox 132 901 250 931; x_wconf 75' lang='lat' dir='ltr'><strong>rent.“</strong></span> <span class='ocrx_word' id='word_1_180' title='bbox 295 901 418 941; x_wconf 71' lang='lat' dir='ltr'><strong>Neque</strong></span> <span class='ocrx_word' id='word_1_181' title='bbox 446 900 625 942; x_wconf 86' lang='lat' dir='ltr'><strong>quisquam</strong></span> <span class='ocrx_word' id='word_1_182' title='bbox 646 900 860 942; x_wconf 85' lang='lat' dir='ltr'><strong>reliquorum</strong></span> <span class='ocrx_word' id='word_1_183' title='bbox 884 899 1055 931; x_wconf 79' lang='lat' dir='ltr'><strong>editorum</strong></span> <span class='ocrx_word' id='word_1_184' title='bbox 1084 898 1202 931; x_wconf 87' lang='lat' dir='ltr'><strong>falsam</strong></span> <span class='ocrx_word' id='word_1_185' title='bbox 1224 901 1310 932; x_wconf 89' lang='grc'><strong>113110</strong></span> <span class='ocrx_word' id='word_1_186' title='bbox 1334 902 1653 944; x_wconf 83' lang='lat' dir='ltr'><strong>interpretationem</strong></span> <span class='ocrx_word' id='word_1_187' title='bbox 1677 915 1747 935; x_wconf 86' lang='lat' dir='ltr'><strong>esse</strong></span> <span class='ocrx_word' id='word_1_188' title='bbox 1767 903 1917 943; x_wconf 89' lang='lat' dir='ltr'><strong>monuit,</strong></span> <span class='ocrx_word' id='word_1_189' title='bbox 1951 901 2018 934; x_wconf 89' lang='lat' dir='ltr'><strong>nisi</strong></span> 
     </span>
     <span class='ocr_line' id='line_1_16' title="bbox 134 951 2019 996; baseline 0.002 -14"><span class='ocrx_word' id='word_1_190' title='bbox 134 951 227 994; x_wconf 88' lang='lat' dir='ltr'><strong>quod</strong></span> <span class='ocrx_word' id='word_1_191' title='bbox 257 963 404 991; x_wconf 88' lang='lat' dir='ltr'><strong>comma,</strong></span> <span class='ocrx_word' id='word_1_192' title='bbox 440 952 530 994; x_wconf 88' lang='lat' dir='ltr'><strong>quod</strong></span> <span class='ocrx_word' id='word_1_193' title='bbox 560 959 627 984; x_wconf 89' lang='lat' dir='ltr'><strong>tres</strong></span> <span class='ocrx_word' id='word_1_194' title='bbox 657 952 709 983; x_wconf 92' lang='lat' dir='ltr'><strong>illi</strong></span> <span class='ocrx_word' id='word_1_195' title='bbox 732 952 878 983; x_wconf 86' lang='lat' dir='ltr'><strong>editores</strong></span> <span class='ocrx_word' id='word_1_196' title='bbox 908 958 985 994; x_wconf 87' lang='lat' dir='ltr'><strong>post</strong></span> <span class='ocrx_word' id='word_1_197' title='bbox 1008 952 1082 984; x_wconf 88' lang='lat' dir='ltr'><strong>illis</strong></span> <span class='ocrx_word' id='word_1_198' title='bbox 1103 960 1308 994; x_wconf 88' lang='lat' dir='ltr'><strong>posuerunt,</strong></span> <span class='ocrx_word' id='word_1_199' title='bbox 1341 954 1466 996; x_wconf 85' lang='lat' dir='ltr'><strong>reliqui</strong></span> <span class='ocrx_word' id='word_1_200' title='bbox 1494 967 1563 986; x_wconf 90' lang='lat' dir='ltr'><strong>non</strong></span> <span class='ocrx_word' id='word_1_201' title='bbox 1587 956 1722 987; x_wconf 85' lang='lat' dir='ltr'><strong>habent.</strong></span> <span class='ocrx_word' id='word_1_202' title='bbox 1766 955 1945 989; x_wconf 84' lang='lat' dir='ltr'><strong>Nimirum</strong></span> <span class='ocrx_word' id='word_1_203' title='bbox 1967 955 2019 987; x_wconf 88' lang='lat' dir='ltr'><strong>illi</strong></span> 
     </span>
     <span class='ocr_line' id='line_1_17' title="bbox 135 1003 2020 1049; baseline 0.003 -14"><span class='ocrx_word' id='word_1_204' title='bbox 135 1004 242 1036; x_wconf 74' lang='lat' dir='ltr'><strong>tribus</strong></span> <span class='ocrx_word' id='word_1_205' title='bbox 265 1005 351 1036; x_wconf 88' lang='grc'><strong>113110</strong></span> <span class='ocrx_word' id='word_1_206' title='bbox 373 1004 555 1046; x_wconf 84' lang='lat' dir='ltr'><strong>periodum</strong></span> <span class='ocrx_word' id='word_1_207' title='bbox 575 1005 738 1036; x_wconf 89' lang='lat' dir='ltr'><strong>membris</strong></span> <span class='ocrx_word' id='word_1_208' title='bbox 769 1011 921 1037; x_wconf 83' lang='lat' dir='ltr'><strong>constare</strong></span> <span class='ocrx_word' id='word_1_209' title='bbox 943 1004 1031 1035; x_wconf 85' lang='lat' dir='ltr'><strong>male</strong></span> <span class='ocrx_word' id='word_1_210' title='bbox 1055 1003 1184 1046; x_wconf 84' lang='lat' dir='ltr'><strong>opinati</strong></span> <span class='ocrx_word' id='word_1_211' title='bbox 1205 1012 1300 1046; x_wconf 89' lang='lat' dir='ltr'><strong>sunt,</strong></span> <span class='ocrx_word' id='word_1_212' title='bbox 1339 1018 1424 1049; x_wconf 87' lang='lat' dir='ltr'><strong>quae</strong></span> <span class='ocrx_word' id='word_1_213' title='bbox 1447 1007 1578 1039; x_wconf 89' lang='lat' dir='ltr'><strong>duobus</strong></span> <span class='ocrx_word' id='word_1_214' title='bbox 1601 1014 1733 1039; x_wconf 86' lang='grc'><strong>1311111111</strong></span> <span class='ocrx_word' id='word_1_215' title='bbox 1754 1014 1894 1040; x_wconf 86' lang='lat' dir='ltr'><strong>constat.</strong></span> <span class='ocrx_word' id='word_1_216' title='bbox 1938 1009 2020 1041; x_wconf 89' lang='lat' dir='ltr'><strong>Non</strong></span> 
     </span>
     <span class='ocr_line' id='line_1_18' title="bbox 135 1056 2020 1104; baseline 0.003 -16"><span class='ocrx_word' id='word_1_217' title='bbox 135 1057 227 1088; x_wconf 88' lang='lat' dir='ltr'><strong>enim</strong></span> <span class='ocrx_word' id='word_1_218' title='bbox 256 1056 428 1098; x_wconf 81' lang='lat' dir='ltr'><strong>integrum</strong></span> <span class='ocrx_word' id='word_1_219' title='bbox 464 1057 655 1088; x_wconf 86' lang='lat' dir='ltr'><strong>membrum</strong></span> <span class='ocrx_word' id='word_1_220' title='bbox 688 1063 747 1088; x_wconf 89' lang='lat' dir='ltr'><strong>aut</strong></span> <span class='ocrx_word' id='word_1_221' title='bbox 776 1063 826 1089; x_wconf 89' lang='lat' dir='ltr'><strong>est</strong></span> <span class='ocrx_word' id='word_1_222' title='bbox 853 1064 911 1089; x_wconf 86' lang='lat' dir='ltr'><strong>aut</strong></span> <span class='ocrx_word' id='word_1_223' title='bbox 940 1068 1010 1089; x_wconf 89' lang='lat' dir='ltr'><strong>esse</strong></span> <span class='ocrx_word' id='word_1_224' title='bbox 1033 1063 1161 1099; x_wconf 83' lang='lat' dir='ltr'><strong>potest,</strong></span> <span class='ocrx_word' id='word_1_225' title='bbox 1195 1070 1296 1101; x_wconf 80' lang='lat' dir='ltr'><strong>quem</strong></span> <span class='ocrx_word' id='word_1_226' title='bbox 1324 1060 1473 1091; x_wconf 76' lang='lat' dir='ltr'><strong>iudicem</strong></span> <span class='ocrx_word' id='word_1_227' title='bbox 1501 1073 1541 1092; x_wconf 77' lang='lat' dir='ltr'><strong>ex</strong></span> <span class='ocrx_word' id='word_1_228' title='bbox 1564 1061 1637 1092; x_wconf 88' lang='lat' dir='ltr'><strong>illis</strong></span> <span class='ocrx_word' id='word_1_229' title='bbox 1658 1061 1816 1100; x_wconf 75' lang='lat' dir='ltr'><strong>haberes,</strong></span> <span class='ocrx_word' id='word_1_230' title='bbox 1847 1066 1898 1092; x_wconf 86' lang='lat' dir='ltr'><strong>set</strong></span> <span class='ocrx_word' id='word_1_231' title='bbox 1921 1073 2020 1104; x_wconf 83' lang='lat' dir='ltr'><strong>quem</strong></span> 
     </span>
     <span class='ocr_line' id='line_1_19' title="bbox 135 1109 2021 1157; baseline 0.003 -17"><span class='ocrx_word' id='word_1_232' title='bbox 135 1109 285 1141; x_wconf 79' lang='lat' dir='ltr'><strong>iudicem</strong></span> <span class='ocrx_word' id='word_1_233' title='bbox 308 1122 348 1141; x_wconf 76' lang='lat' dir='ltr'><strong>ex</strong></span> <span class='ocrx_word' id='word_1_234' title='bbox 371 1109 444 1140; x_wconf 77' lang='lat' dir='ltr'><strong>illis</strong></span> <span class='ocrx_word' id='word_1_235' title='bbox 468 1110 613 1142; x_wconf 78' lang='lat' dir='ltr'><strong>tacitum</strong></span> <span class='ocrx_word' id='word_1_236' title='bbox 635 1116 754 1142; x_wconf 82' lang='lat' dir='ltr'><strong>testem</strong></span> <span class='ocrx_word' id='word_1_237' title='bbox 775 1110 916 1143; x_wconf 76' lang='lat' dir='ltr'><strong>haberes</strong></span> <span class='ocrx_word' id='word_1_238' title='bbox 922 1135 934 1149; x_wconf 91' lang='lat'><strong>,</strong></span> <span class='ocrx_word' id='word_1_239' title='bbox 958 1109 1049 1152; x_wconf 89' lang='lat' dir='ltr'><strong>quod</strong></span> <span class='ocrx_word' id='word_1_240' title='bbox 1073 1110 1201 1142; x_wconf 84' lang='lat' dir='ltr'><strong>dictum</strong></span> <span class='ocrx_word' id='word_1_241' title='bbox 1224 1111 1344 1143; x_wconf 89' lang='lat' dir='ltr'><strong>eodem</strong></span> <span class='ocrx_word' id='word_1_242' title='bbox 1365 1111 1480 1151; x_wconf 88' lang='lat' dir='ltr'><strong>modo,</strong></span> <span class='ocrx_word' id='word_1_243' title='bbox 1506 1124 1572 1154; x_wconf 90' lang='lat' dir='ltr'><strong>quo</strong></span> <span class='ocrx_word' id='word_1_244' title='bbox 1594 1113 1695 1155; x_wconf 91' lang='lat' dir='ltr'><strong>paulo</strong></span> <span class='ocrx_word' id='word_1_245' title='bbox 1720 1119 1808 1156; x_wconf 88' lang='lat' dir='ltr'><strong>post,</strong></span> <span class='ocrx_word' id='word_1_246' title='bbox 1836 1126 1935 1157; x_wconf 82' lang='lat' dir='ltr'><strong>quem</strong></span> <span class='ocrx_word' id='word_1_247' title='bbox 1956 1114 2021 1146; x_wconf 78' lang='lat' dir='ltr'><strong>lta-</strong></span> 
     </span>
     <span class='ocr_line' id='line_1_20' title="bbox 136 1161 2026 1205; baseline 0.002 -12"><span class='ocrx_word' id='word_1_248' title='bbox 136 1161 189 1194; x_wconf 78' lang='lat' dir='ltr'><strong>bet</strong></span> <span class='ocrx_word' id='word_1_249' title='bbox 211 1162 367 1194; x_wconf 79' lang='lat' dir='ltr'><strong>uicinum</strong></span> <span class='ocrx_word' id='word_1_250' title='bbox 391 1162 563 1194; x_wconf 79' lang='lat' dir='ltr'><strong>tribulem.</strong></span> <span class='ocrx_word' id='word_1_251' title='bbox 608 1162 731 1193; x_wconf 89' lang='lat' dir='ltr'><strong>Sensus</strong></span> <span class='ocrx_word' id='word_1_252' title='bbox 761 1163 865 1205; x_wconf 87' lang='lat' dir='ltr'><strong>igitur</strong></span> <span class='ocrx_word' id='word_1_253' title='bbox 893 1163 950 1194; x_wconf 88' lang='grc'><strong>1110</strong></span> <span class='ocrx_word' id='word_1_254' title='bbox 979 1168 1045 1194; x_wconf 86' lang='lat' dir='ltr'><strong>est:</strong></span> <span class='ocrx_word' id='word_1_255' title='bbox 1079 1174 1179 1194; x_wconf 87' lang='lat' dir='ltr'><strong>nemo</strong></span> <span class='ocrx_word' id='word_1_256' title='bbox 1202 1163 1308 1195; x_wconf 82' lang='lat' dir='ltr'><strong>iudex</strong></span> <span class='ocrx_word' id='word_1_257' title='bbox 1337 1176 1380 1196; x_wconf 75' lang='lat' dir='ltr'><strong>ex</strong></span> <span class='ocrx_word' id='word_1_258' title='bbox 1402 1164 1469 1195; x_wconf 90' lang='lat' dir='ltr'><strong>illis</strong></span> <span class='ocrx_word' id='word_1_259' title='bbox 1492 1170 1551 1196; x_wconf 88' lang='lat' dir='ltr'><strong>aut</strong></span> <span class='ocrx_word' id='word_1_260' title='bbox 1571 1165 1712 1197; x_wconf 81' lang='lat' dir='ltr'><strong>tacendo</strong></span> <span class='ocrx_word' id='word_1_261' title='bbox 1735 1166 1910 1197; x_wconf 88' lang='lat' dir='ltr'><strong>Plancium</strong></span> <span class='ocrx_word' id='word_1_262' title='bbox 1934 1165 2026 1197; x_wconf 79' lang='lat' dir='ltr'><strong>deli-</strong></span> 
     </span>
     <span class='ocr_line' id='line_1_21' title="bbox 136 1213 2024 1255; baseline 0.004 -11"><span class='ocrx_word' id='word_1_263' title='bbox 136 1220 244 1253; x_wconf 84' lang='lat' dir='ltr'><strong>ctum,</strong></span> <span class='ocrx_word' id='word_1_264' title='bbox 268 1213 361 1246; x_wconf 88' lang='lat' dir='ltr'><strong>cuius</strong></span> <span class='ocrx_word' id='word_1_265' title='bbox 382 1221 585 1255; x_wconf 85' lang='lat' dir='ltr'><strong>accussatur,</strong></span> <span class='ocrx_word' id='word_1_266' title='bbox 609 1214 804 1247; x_wconf 86' lang='lat' dir='ltr'><strong>conmisisse</strong></span> <span class='ocrx_word' id='word_1_267' title='bbox 825 1221 1020 1255; x_wconf 83' lang='lat' dir='ltr'><strong>testaretur,</strong></span> <span class='ocrx_word' id='word_1_268' title='bbox 1040 1221 1099 1247; x_wconf 88' lang='lat' dir='ltr'><strong>aut</strong></span> <span class='ocrx_word' id='word_1_269' title='bbox 1119 1215 1229 1248; x_wconf 89' lang='lat' dir='ltr'><strong>iussus</strong></span> <span class='ocrx_word' id='word_1_270' title='bbox 1250 1228 1270 1248; x_wconf 93' lang='lat' dir='ltr'><strong>a</strong></span> <span class='ocrx_word' id='word_1_271' title='bbox 1291 1222 1325 1249; x_wconf 84' lang='lat' dir='ltr'><strong>te</strong></span> <span class='ocrx_word' id='word_1_272' title='bbox 1346 1216 1580 1249; x_wconf 85' lang='lat' dir='ltr'><strong>testimonium</strong></span> <span class='ocrx_word' id='word_1_273' title='bbox 1602 1217 1715 1250; x_wconf 84' lang='lat' dir='ltr'><strong>dicere</strong></span> <span class='ocrx_word' id='word_1_274' title='bbox 1734 1229 1805 1250; x_wconf 89' lang='grc'><strong>11011</strong></span> <span class='ocrx_word' id='word_1_275' title='bbox 1826 1218 2024 1251; x_wconf 86' lang='lat' dir='ltr'><strong>defenderet</strong></span> 
     </span>
     <span class='ocr_line' id='line_1_22' title="bbox 137 1265 1965 1298; baseline 0.003 -1"><span class='ocrx_word' id='word_1_276' title='bbox 137 1265 253 1297; x_wconf 85' lang='lat' dir='ltr'><strong>Planci</strong></span> <span class='ocrx_word' id='word_1_277' title='bbox 275 1266 515 1298; x_wconf 85' lang='lat' dir='ltr'><strong>innocentiam.</strong></span> <span class='ocrx_word' id='word_1_278' title='bbox 1961 1291 1965 1294; x_wconf 92' lang='lat'>·</span> 
     </span>
    </p>

    <p class='ocr_par' dir='ltr' id='par_1_5' title="bbox 139 1319 2027 1577">
     <span class='ocr_line' id='line_1_23' title="bbox 223 1319 2025 1366; baseline 0.003 -16"><span class='ocrx_word' id='word_1_279' title='bbox 223 1319 365 1351; x_wconf 77' lang='lat' dir='ltr'><strong>Etenim</strong></span> <span class='ocrx_word' id='word_1_280' title='bbox 387 1320 418 1351; x_wconf 84' lang='lat' dir='ltr'><strong>si</strong></span> <span class='ocrx_word' id='word_1_281' title='bbox 441 1332 519 1352; x_wconf 82' lang='lat' dir='ltr'><strong>reus</strong></span> <span class='ocrx_word' id='word_1_282' title='bbox 543 1320 654 1353; x_wconf 81' lang='lat' dir='ltr'><strong>tribus</strong></span> <span class='ocrx_word' id='word_1_283' title='bbox 677 1321 811 1359; x_wconf 77' lang='lat' dir='ltr'><strong>ederet,</strong></span> <span class='ocrx_word' id='word_1_284' title='bbox 841 1320 1035 1354; x_wconf 81' lang='lat' dir='ltr'><strong>Uoltiniam</strong></span> <span class='ocrx_word' id='word_1_285' title='bbox 1055 1340 1099 1347; x_wconf 92' lang='lat'><strong>—-</strong></span> <span class='ocrx_word' id='word_1_286' title='bbox 1119 1323 1296 1366; x_wconf 77' lang='lat' dir='ltr'><strong>edidisset)</strong></span> <span class='ocrx_word' id='word_1_287' title='bbox 1326 1323 1455 1362; x_wconf 83' lang='lat' dir='ltr'><strong>Erunt,</strong></span> <span class='ocrx_word' id='word_1_288' title='bbox 1481 1323 1540 1366; x_wconf 90' lang='lat' dir='ltr'><strong>qui</strong></span> <span class='ocrx_word' id='word_1_289' title='bbox 1565 1323 1736 1366; x_wconf 87' lang='lat' dir='ltr'><strong>quomodo</strong></span> <span class='ocrx_word' id='word_1_290' title='bbox 1758 1323 1841 1356; x_wconf 84' lang='lat' dir='ltr'><strong>haec</strong></span> <span class='ocrx_word' id='word_1_291' title='bbox 1863 1335 1941 1357; x_wconf 91' lang='lat' dir='ltr'><strong>cum</strong></span> <span class='ocrx_word' id='word_1_292' title='bbox 1961 1336 2025 1356; x_wconf 87' lang='lat' dir='ltr'><strong>au-</strong></span> 
     </span>
     <span class='ocr_line' id='line_1_24' title="bbox 139 1372 2026 1419; baseline 0.002 -15"><span class='ocrx_word' id='word_1_293' title='bbox 139 1372 368 1404; x_wconf 81' lang='lat' dir='ltr'><strong>tecedentibus</strong></span> <span class='ocrx_word' id='word_1_294' title='bbox 399 1372 616 1412; x_wconf 85' lang='lat' dir='ltr'><strong>cohaereant,</strong></span> <span class='ocrx_word' id='word_1_295' title='bbox 649 1384 720 1403; x_wconf 87' lang='grc'><strong>11011</strong></span> <span class='ocrx_word' id='word_1_296' title='bbox 747 1373 826 1405; x_wconf 90' lang='lat' dir='ltr'><strong>satis</strong></span> <span class='ocrx_word' id='word_1_297' title='bbox 849 1374 1058 1417; x_wconf 83' lang='lat' dir='ltr'><strong>intellegant.</strong></span> <span class='ocrx_word' id='word_1_298' title='bbox 1103 1377 1220 1418; x_wconf 84' lang='lat' dir='ltr'><strong>Itaque</strong></span> <span class='ocrx_word' id='word_1_299' title='bbox 1244 1376 1503 1415; x_wconf 87' lang='lat' dir='ltr'><strong>monendumst,</strong></span> <span class='ocrx_word' id='word_1_300' title='bbox 1536 1377 1739 1408; x_wconf 79' lang='lat' dir='ltr'><strong>sententiam</strong></span> <span class='ocrx_word' id='word_1_301' title='bbox 1766 1388 1905 1416; x_wconf 88' lang='lat' dir='ltr'><strong>eorum,</strong></span> <span class='ocrx_word' id='word_1_302' title='bbox 1938 1387 2026 1419; x_wconf 89' lang='lat' dir='ltr'><strong>quae</strong></span> 
     </span>
     <span class='ocr_line' id='line_1_25' title="bbox 139 1424 2025 1471; baseline 0.002 -14"><span class='ocrx_word' id='word_1_303' title='bbox 139 1426 202 1457; x_wconf 82' lang='lat' dir='ltr'><strong>hac</strong></span> <span class='ocrx_word' id='word_1_304' title='bbox 226 1425 255 1466; x_wconf 86' lang='lat'><strong>§.</strong></span> <span class='ocrx_word' id='word_1_305' title='bbox 280 1425 331 1455; x_wconf 64' lang='lat'><strong>45.</strong></span> <span class='ocrx_word' id='word_1_306' title='bbox 359 1424 447 1455; x_wconf 87' lang='lat' dir='ltr'><strong>dicta</strong></span> <span class='ocrx_word' id='word_1_307' title='bbox 468 1431 562 1464; x_wconf 89' lang='lat' dir='ltr'><strong>sunt,</strong></span> <span class='ocrx_word' id='word_1_308' title='bbox 589 1426 676 1456; x_wconf 86' lang='lat' dir='ltr'><strong>hanc</strong></span> <span class='ocrx_word' id='word_1_309' title='bbox 699 1437 786 1457; x_wconf 81' lang='lat' dir='ltr'><strong>esse:</strong></span> <span class='ocrx_word' id='word_1_310' title='bbox 811 1427 998 1459; x_wconf 86' lang='lat' dir='ltr'><strong>Uoltiniam</strong></span> <span class='ocrx_word' id='word_1_311' title='bbox 1021 1427 1150 1459; x_wconf 86' lang='lat' dir='ltr'><strong>tribum</strong></span> <span class='ocrx_word' id='word_1_312' title='bbox 1172 1428 1254 1460; x_wconf 83' lang='lat' dir='ltr'><strong>dicis</strong></span> <span class='ocrx_word' id='word_1_313' title='bbox 1277 1440 1296 1459; x_wconf 93' lang='lat' dir='ltr'><strong>a</strong></span> <span class='ocrx_word' id='word_1_314' title='bbox 1318 1428 1454 1460; x_wconf 89' lang='lat' dir='ltr'><strong>Plancio</strong></span> <span class='ocrx_word' id='word_1_315' title='bbox 1477 1435 1691 1471; x_wconf 79' lang='lat' dir='ltr'><strong>corruptam,</strong></span> <span class='ocrx_word' id='word_1_316' title='bbox 1717 1428 1941 1461; x_wconf 87' lang='lat' dir='ltr'><strong>Terentinam</strong></span> <span class='ocrx_word' id='word_1_317' title='bbox 1962 1430 2025 1461; x_wconf 89' lang='lat' dir='ltr'><strong>ha-</strong></span> 
     </span>
     <span class='ocr_line' id='line_1_26' title="bbox 139 1477 2027 1523; baseline 0.003 -14"><span class='ocrx_word' id='word_1_318' title='bbox 139 1478 251 1510; x_wconf 88' lang='lat' dir='ltr'><strong>buisse</strong></span> <span class='ocrx_word' id='word_1_319' title='bbox 278 1489 355 1508; x_wconf 87' lang='lat' dir='ltr'><strong>eum</strong></span> <span class='ocrx_word' id='word_1_320' title='bbox 375 1477 541 1508; x_wconf 86' lang='lat' dir='ltr'><strong>uenalem.</strong></span> <span class='ocrx_word' id='word_1_321' title='bbox 586 1477 703 1519; x_wconf 86' lang='lat' dir='ltr'><strong>Itaque</strong></span> <span class='ocrx_word' id='word_1_322' title='bbox 726 1478 826 1510; x_wconf 88' lang='lat' dir='ltr'><strong>edere</strong></span> <span class='ocrx_word' id='word_1_323' title='bbox 848 1480 907 1511; x_wconf 86' lang='lat' dir='ltr'><strong>has</strong></span> <span class='ocrx_word' id='word_1_324' title='bbox 930 1480 1038 1512; x_wconf 84' lang='lat' dir='ltr'><strong>tribus</strong></span> <span class='ocrx_word' id='word_1_325' title='bbox 1062 1480 1225 1520; x_wconf 89' lang='lat' dir='ltr'><strong>debuisti,</strong></span> <span class='ocrx_word' id='word_1_326' title='bbox 1257 1480 1360 1523; x_wconf 89' lang='lat' dir='ltr'><strong>idque</strong></span> <span class='ocrx_word' id='word_1_327' title='bbox 1384 1492 1423 1512; x_wconf 94' lang='lat' dir='ltr'><strong>eo</strong></span> <span class='ocrx_word' id='word_1_328' title='bbox 1445 1481 1567 1523; x_wconf 82' lang='lat' dir='ltr'><strong>magis,</strong></span> <span class='ocrx_word' id='word_1_329' title='bbox 1599 1493 1666 1523; x_wconf 91' lang='lat' dir='ltr'><strong>quo</strong></span> <span class='ocrx_word' id='word_1_330' title='bbox 1690 1482 1813 1514; x_wconf 89' lang='lat' dir='ltr'><strong>certius</strong></span> <span class='ocrx_word' id='word_1_331' title='bbox 1837 1488 1904 1522; x_wconf 87' lang='lat' dir='ltr'><strong>est,</strong></span> <span class='ocrx_word' id='word_1_332' title='bbox 1922 1483 2027 1514; x_wconf 88' lang='lat' dir='ltr'><strong>Plan-</strong></span> 
     </span>
     <span class='ocr_line' id='line_1_27' title="bbox 140 1529 2026 1577; baseline 0.004 -17"><span class='ocrx_word' id='word_1_333' title='bbox 140 1530 248 1569; x_wconf 86' lang='lat' dir='ltr'><strong>cium,</strong></span> <span class='ocrx_word' id='word_1_334' title='bbox 279 1529 309 1561; x_wconf 88' lang='lat' dir='ltr'><strong>si</strong></span> <span class='ocrx_word' id='word_1_335' title='bbox 331 1529 538 1572; x_wconf 86' lang='lat' dir='ltr'><strong>corrupisset</strong></span> <span class='ocrx_word' id='word_1_336' title='bbox 559 1529 666 1562; x_wconf 87' lang='lat' dir='ltr'><strong>tribus</strong></span> <span class='ocrx_word' id='word_1_337' title='bbox 688 1530 782 1572; x_wconf 88' lang='lat' dir='ltr'><strong>illas,</strong></span> <span class='ocrx_word' id='word_1_338' title='bbox 816 1532 969 1563; x_wconf 86' lang='lat' dir='ltr'><strong>minume</strong></span> <span class='ocrx_word' id='word_1_339' title='bbox 991 1532 1031 1564; x_wconf 89' lang='lat' dir='ltr'><strong>ab</strong></span> <span class='ocrx_word' id='word_1_340' title='bbox 1054 1532 1221 1564; x_wconf 89' lang='lat' dir='ltr'><strong>iudicibus</strong></span> <span class='ocrx_word' id='word_1_341' title='bbox 1242 1544 1359 1564; x_wconf 87' lang='lat' dir='ltr'><strong>earum</strong></span> <span class='ocrx_word' id='word_1_342' title='bbox 1382 1533 1552 1573; x_wconf 84' lang='lat' dir='ltr'><strong>tribuum,</strong></span> <span class='ocrx_word' id='word_1_343' title='bbox 1587 1533 1784 1566; x_wconf 89' lang='lat' dir='ltr'><strong>hominibus</strong></span> <span class='ocrx_word' id='word_1_344' title='bbox 1806 1535 2026 1577; x_wconf 86' lang='lat' dir='ltr'><strong>grauissumis</strong></span> 
     </span>
    </p>
   </div>
   <div class='ocr_carea' id='block_1_3' title="bbox 142 1581 2027 1631">
    <p class='ocr_par' dir='ltr' id='par_1_6' title="bbox 142 1581 2027 1631">
     <span class='ocr_line' id='line_1_28' title="bbox 142 1581 2027 1631; baseline 0.003 -17"><span class='ocrx_word' id='word_1_345' title='bbox 142 1589 176 1614; x_wconf 87' lang='lat' dir='ltr'><strong>et</strong></span> <span class='ocrx_word' id='word_1_346' title='bbox 197 1581 447 1621; x_wconf 85' lang='lat' dir='ltr'><strong>seuerissumis,</strong></span> <span class='ocrx_word' id='word_1_347' title='bbox 471 1581 663 1614; x_wconf 83' lang='lat' dir='ltr'><strong>absolutum</strong></span> <span class='ocrx_word' id='word_1_348' title='bbox 683 1582 769 1615; x_wconf 85' lang='lat' dir='ltr'><strong>sore.</strong></span> <span class='ocrx_word' id='word_1_349' title='bbox 813 1586 946 1617; x_wconf 89' lang='lat' dir='ltr'><strong>Uerum</strong></span> <span class='ocrx_word' id='word_1_350' title='bbox 968 1591 1026 1616; x_wconf 87' lang='lat' dir='ltr'><strong>tua</strong></span> <span class='ocrx_word' id='word_1_351' title='bbox 1048 1596 1161 1617; x_wconf 81' lang='lat' dir='ltr'><strong>caussa</strong></span> <span class='ocrx_word' id='word_1_352' title='bbox 1183 1586 1262 1617; x_wconf 82' lang='lat' dir='ltr'><strong>istas</strong></span> <span class='ocrx_word' id='word_1_353' title='bbox 1285 1586 1393 1617; x_wconf 88' lang='lat' dir='ltr'><strong>tribus</strong></span> <span class='ocrx_word' id='word_1_354' title='bbox 1415 1597 1486 1617; x_wconf 89' lang='lat' dir='ltr'><strong>non</strong></span> <span class='ocrx_word' id='word_1_355' title='bbox 1507 1585 1654 1626; x_wconf 87' lang='lat' dir='ltr'><strong>edidisti,</strong></span> <span class='ocrx_word' id='word_1_356' title='bbox 1680 1587 1772 1629; x_wconf 89' lang='lat' dir='ltr'><strong>quod</strong></span> <span class='ocrx_word' id='word_1_357' title='bbox 1793 1588 2027 1631; x_wconf 82' lang='lat' dir='ltr'><strong>praeuidebas,</strong></span> 
     </span>
    </p>
   </div>
   <div class='ocr_carea' id='block_1_4' title="bbox 142 1633 2027 1682">
    <p class='ocr_par' dir='ltr' id='par_1_7' title="bbox 142 1633 2027 1682">
     <span class='ocr_line' id='line_1_29' title="bbox 142 1633 2027 1682; baseline 0.004 -17"><span class='ocrx_word' id='word_1_358' title='bbox 142 1633 235 1674; x_wconf 82' lang='lat' dir='ltr'><strong>fore,</strong></span> <span class='ocrx_word' id='word_1_359' title='bbox 271 1640 310 1664; x_wconf 87' lang='lat' dir='ltr'><strong>ut</strong></span> <span class='ocrx_word' id='word_1_360' title='bbox 340 1633 468 1664; x_wconf 90' lang='lat' dir='ltr'><strong>iudices</strong></span> <span class='ocrx_word' id='word_1_361' title='bbox 499 1645 542 1664; x_wconf 80' lang='lat' dir='ltr'><strong>ex</strong></span> <span class='ocrx_word' id='word_1_362' title='bbox 564 1635 604 1666; x_wconf 89' lang='grc'><strong>115</strong></span> <span class='ocrx_word' id='word_1_363' title='bbox 629 1635 749 1668; x_wconf 90' lang='lat' dir='ltr'><strong>delecti</strong></span> <span class='ocrx_word' id='word_1_364' title='bbox 775 1648 891 1669; x_wconf 87' lang='lat' dir='ltr'><strong>omnes</strong></span> <span class='ocrx_word' id='word_1_365' title='bbox 914 1637 1143 1669; x_wconf 87' lang='lat' dir='ltr'><strong>innocentiam</strong></span> <span class='ocrx_word' id='word_1_366' title='bbox 1172 1639 1223 1670; x_wconf 89' lang='lat' dir='ltr'><strong>rei</strong></span> <span class='ocrx_word' id='word_1_367' title='bbox 1246 1644 1462 1670; x_wconf 75' lang='lat' dir='ltr'><strong>testarentur.</strong></span> <span class='ocrx_word' id='word_1_368' title='bbox 1506 1639 1597 1670; x_wconf 83' lang='lat' dir='ltr'><strong>Nam</strong></span> <span class='ocrx_word' id='word_1_369' title='bbox 1619 1639 1774 1671; x_wconf 88' lang='lat' dir='ltr'><strong>Plancius</strong></span> <span class='ocrx_word' id='word_1_370' title='bbox 1799 1640 1937 1682; x_wconf 88' lang='lat' dir='ltr'><strong>quidem</strong></span> <span class='ocrx_word' id='word_1_371' title='bbox 1957 1641 2027 1672; x_wconf 90' lang='lat' dir='ltr'><strong>mi-</strong></span> 
     </span>
    </p>
   </div>
   <div class='ocr_carea' id='block_1_5' title="bbox 142 1685 2028 1774">
    <p class='ocr_par' dir='ltr' id='par_1_8' title="bbox 142 1685 2028 1774">
     <span class='ocr_line' id='line_1_30' title="bbox 143 1685 2028 1731; baseline 0.004 -13"><span class='ocrx_word' id='word_1_372' title='bbox 143 1698 246 1718; x_wconf 85' lang='lat' dir='ltr'><strong>nume</strong></span> <span class='ocrx_word' id='word_1_373' title='bbox 269 1685 408 1728; x_wconf 85' lang='lat' dir='ltr'><strong>fugisset</strong></span> <span class='ocrx_word' id='word_1_374' title='bbox 431 1686 653 1720; x_wconf 86' lang='lat' dir='ltr'><strong>Uoltiniensis</strong></span> <span class='ocrx_word' id='word_1_375' title='bbox 675 1696 734 1721; x_wconf 84' lang='lat' dir='ltr'><strong>aut</strong></span> <span class='ocrx_word' id='word_1_376' title='bbox 756 1690 890 1722; x_wconf 88' lang='lat' dir='ltr'><strong>tribulis</strong></span> <span class='ocrx_word' id='word_1_377' title='bbox 913 1702 990 1722; x_wconf 90' lang='lat' dir='ltr'><strong>suos</strong></span> <span class='ocrx_word' id='word_1_378' title='bbox 1014 1690 1158 1731; x_wconf 85' lang='lat' dir='ltr'><strong>iudices,</strong></span> <span class='ocrx_word' id='word_1_379' title='bbox 1180 1702 1240 1723; x_wconf 87' lang='lat' dir='ltr'><strong>sua</strong></span> <span class='ocrx_word' id='word_1_380' title='bbox 1260 1690 1368 1722; x_wconf 87' lang='lat' dir='ltr'><strong>fretus</strong></span> <span class='ocrx_word' id='word_1_381' title='bbox 1391 1690 1602 1731; x_wconf 78' lang='lat' dir='ltr'><strong>innocentia,</strong></span> <span class='ocrx_word' id='word_1_382' title='bbox 1635 1691 1782 1723; x_wconf 86' lang='lat' dir='ltr'><strong>duarum</strong></span> <span class='ocrx_word' id='word_1_383' title='bbox 1802 1693 1941 1725; x_wconf 81' lang='lat' dir='ltr'><strong>anrum</strong></span> <span class='ocrx_word' id='word_1_384' title='bbox 1962 1693 2028 1725; x_wconf 84' lang='lat' dir='ltr'><strong>tri-</strong></span> 
     </span>
     <span class='ocr_line' id='line_1_31' title="bbox 142 1738 762 1774; baseline 0.006 -4"><span class='ocrx_word' id='word_1_385' title='bbox 142 1740 248 1771; x_wconf 87' lang='lat' dir='ltr'><strong>buum</strong></span> <span class='ocrx_word' id='word_1_386' title='bbox 270 1738 465 1771; x_wconf 82' lang='lat' dir='ltr'><strong>hominibus</strong></span> <span class='ocrx_word' id='word_1_387' title='bbox 488 1751 648 1772; x_wconf 81' lang='lat' dir='ltr'><strong>maxume</strong></span> <span class='ocrx_word' id='word_1_388' title='bbox 671 1748 762 1774; x_wconf 83' lang='lat' dir='ltr'><strong>nota.</strong></span> 
     </span>
    </p>
   </div>
   <div class='ocr_carea' id='block_1_6' title="bbox 143 1791 2029 1894">
    <p class='ocr_par' dir='ltr' id='par_1_9' title="bbox 143 1791 2029 1894">
     <span class='ocr_line' id='line_1_32' title="bbox 229 1791 2029 1840; baseline 0.006 -18"><span class='ocrx_word' id='word_1_389' title='bbox 229 1792 269 1823; x_wconf 84' lang='lat' dir='ltr'><strong>Si</strong></span> <span class='ocrx_word' id='word_1_390' title='bbox 288 1804 365 1824; x_wconf 82' lang='lat' dir='ltr'><strong>reus</strong></span> <span class='ocrx_word' id='word_1_391' title='bbox 389 1791 499 1824; x_wconf 80' lang='lat' dir='ltr'><strong>tribus</strong></span> <span class='ocrx_word' id='word_1_392' title='bbox 522 1794 652 1833; x_wconf 80' lang='lat' dir='ltr'><strong>ederet,</strong></span> <span class='ocrx_word' id='word_1_393' title='bbox 682 1794 875 1827; x_wconf 81' lang='lat' dir='ltr'><strong>Uoltiniam</strong></span> <span class='ocrx_word' id='word_1_394' title='bbox 887 1792 1047 1837; x_wconf 78' lang='lat' dir='ltr'><strong>fortasse</strong></span> <span class='ocrx_word' id='word_1_395' title='bbox 1068 1796 1239 1828; x_wconf 79' lang='lat' dir='ltr'><strong>Plancius</strong></span> <span class='ocrx_word' id='word_1_396' title='bbox 1256 1802 1404 1840; x_wconf 80' lang='lat' dir='ltr'><strong>propter</strong></span> <span class='ocrx_word' id='word_1_397' title='bbox 1428 1796 1714 1829; x_wconf 76' lang='lat' dir='ltr'><strong>necessitudinem</strong></span> <span class='ocrx_word' id='word_1_398' title='bbox 1735 1810 1777 1830; x_wconf 86' lang='lat' dir='ltr'><strong>ac</strong></span> <span class='ocrx_word' id='word_1_399' title='bbox 1798 1797 2029 1838; x_wconf 73' lang='lat' dir='ltr'><strong>uicinitatem,</strong></span> 
     </span>
     <span class='ocr_line' id='line_1_33' title="bbox 143 1846 2029 1894; baseline 0.003 -15"><span class='ocrx_word' id='word_1_400' title='bbox 143 1858 243 1879; x_wconf 78' lang='lat' dir='ltr'><strong>suam</strong></span> <span class='ocrx_word' id='word_1_401' title='bbox 266 1848 348 1877; x_wconf 75' lang='lat' dir='ltr'><strong>uero</strong></span> <span class='ocrx_word' id='word_1_402' title='bbox 371 1850 460 1876; x_wconf 81' lang='lat' dir='ltr'><strong>certe</strong></span> <span class='ocrx_word' id='word_1_403' title='bbox 482 1846 658 1890; x_wconf 78' lang='lat' dir='ltr'><strong>edidisset)</strong></span> <span class='ocrx_word' id='word_1_404' title='bbox 704 1849 791 1879; x_wconf 89' lang='lat' dir='ltr'><strong>Cum</strong></span> <span class='ocrx_word' id='word_1_405' title='bbox 814 1854 893 1879; x_wconf 86' lang='lat' dir='ltr'><strong>ante</strong></span> <span class='ocrx_word' id='word_1_406' title='bbox 912 1847 1136 1880; x_wconf 87' lang='lat' dir='ltr'><strong>Garatonium</strong></span> <span class='ocrx_word' id='word_1_407' title='bbox 1158 1848 1194 1879; x_wconf 90' lang='lat' dir='ltr'><strong>in</strong></span> <span class='ocrx_word' id='word_1_408' title='bbox 1212 1849 1368 1880; x_wconf 87' lang='lat' dir='ltr'><strong>omnibus</strong></span> <span class='ocrx_word' id='word_1_409' title='bbox 1392 1848 1596 1879; x_wconf 86' lang='lat' dir='ltr'><strong>editionibus</strong></span> <span class='ocrx_word' id='word_1_410' title='bbox 1619 1849 1674 1880; x_wconf 87' lang='lat' dir='ltr'><strong>hic</strong></span> <span class='ocrx_word' id='word_1_411' title='bbox 1699 1850 1792 1881; x_wconf 89' lang='lat' dir='ltr'><strong>locus</strong></span> <span class='ocrx_word' id='word_1_412' title='bbox 1815 1850 1862 1881; x_wconf 89' lang='lat' dir='ltr'><strong>ita</strong></span> <span class='ocrx_word' id='word_1_413' title='bbox 1883 1851 2029 1894; x_wconf 86' lang='lat' dir='ltr'><strong>scriptus</strong></span> 
     </span>
    </p>
   </div>
   <div class='ocr_carea' id='block_1_7' title="bbox 143 1897 2030 2308">
    <p class='ocr_par' dir='ltr' id='par_1_10' title="bbox 143 1897 2030 2308">
     <span class='ocr_line' id='line_1_34' title="bbox 144 1897 2029 1945; baseline 0.004 -16"><span class='ocrx_word' id='word_1_414' title='bbox 144 1903 286 1936; x_wconf 66' lang='lat' dir='ltr'><strong>extaret,</strong></span> <span class='ocrx_word' id='word_1_415' title='bbox 309 1898 341 1928; x_wconf 88' lang='lat' dir='ltr'><strong>si</strong></span> <span class='ocrx_word' id='word_1_416' title='bbox 363 1909 443 1929; x_wconf 84' lang='lat' dir='ltr'><strong>reus</strong></span> <span class='ocrx_word' id='word_1_417' title='bbox 467 1898 578 1930; x_wconf 84' lang='lat' dir='ltr'><strong>tribus</strong></span> <span class='ocrx_word' id='word_1_418' title='bbox 600 1897 657 1941; x_wconf 84' lang='lat' dir='ltr'><strong>(al.</strong></span> <span class='ocrx_word' id='word_1_419' title='bbox 683 1899 825 1942; x_wconf 83' lang='lat' dir='ltr'><strong>tribum)</strong></span> <span class='ocrx_word' id='word_1_420' title='bbox 848 1901 973 1939; x_wconf 77' lang='lat' dir='ltr'><strong>ederet,</strong></span> <span class='ocrx_word' id='word_1_421' title='bbox 1006 1900 1199 1933; x_wconf 78' lang='lat' dir='ltr'><strong>Uoltiniam</strong></span> <span class='ocrx_word' id='word_1_422' title='bbox 1211 1900 1371 1944; x_wconf 81' lang='lat' dir='ltr'><strong>fortasse</strong></span> <span class='ocrx_word' id='word_1_423' title='bbox 1389 1901 1559 1934; x_wconf 76' lang='lat' dir='ltr'><strong>Plancius</strong></span> <span class='ocrx_word' id='word_1_424' title='bbox 1576 1907 1723 1945; x_wconf 73' lang='lat' dir='ltr'><strong>propter</strong></span> <span class='ocrx_word' id='word_1_425' title='bbox 1745 1903 1966 1936; x_wconf 73' lang='lat' dir='ltr'><strong>uicinitatem</strong></span> <span class='ocrx_word' id='word_1_426' title='bbox 1987 1917 2029 1937; x_wconf 84' lang='lat' dir='ltr'><strong>ac</strong></span> 
     </span>
     <span class='ocr_line' id='line_1_35' title="bbox 143 1950 2029 1996; baseline 0.002 -13"><span class='ocrx_word' id='word_1_427' title='bbox 143 1950 430 1983; x_wconf 78' lang='lat' dir='ltr'><strong>necessitudinem.</strong></span> <span class='ocrx_word' id='word_1_428' title='bbox 452 1963 551 1982; x_wconf 83' lang='lat' dir='ltr'><strong>suam</strong></span> <span class='ocrx_word' id='word_1_429' title='bbox 573 1964 640 1984; x_wconf 80' lang='lat' dir='ltr'><strong>uon</strong></span> <span class='ocrx_word' id='word_1_430' title='bbox 664 1953 845 1991; x_wconf 81' lang='lat' dir='ltr'><strong>edidisset,</strong></span> <span class='ocrx_word' id='word_1_431' title='bbox 877 1960 967 1984; x_wconf 87' lang='lat' dir='ltr'><strong>recte</strong></span> <span class='ocrx_word' id='word_1_432' title='bbox 985 1953 1045 1984; x_wconf 90' lang='lat' dir='ltr'><strong>ille</strong></span> <span class='ocrx_word' id='word_1_433' title='bbox 1068 1953 1226 1985; x_wconf 86' lang='lat' dir='ltr'><strong>uitiosam</strong></span> <span class='ocrx_word' id='word_1_434' title='bbox 1251 1954 1369 1992; x_wconf 89' lang='lat' dir='ltr'><strong>istam,</strong></span> <span class='ocrx_word' id='word_1_435' title='bbox 1398 1960 1432 1985; x_wconf 86' lang='lat' dir='ltr'><strong>et</strong></span> <span class='ocrx_word' id='word_1_436' title='bbox 1453 1954 1552 1985; x_wconf 90' lang='lat' dir='ltr'><strong>unice</strong></span> <span class='ocrx_word' id='word_1_437' title='bbox 1576 1965 1710 1994; x_wconf 89' lang='lat' dir='ltr'><strong>ueram,</strong></span> <span class='ocrx_word' id='word_1_438' title='bbox 1745 1965 1847 1996; x_wconf 84' lang='lat' dir='ltr'><strong>quam</strong></span> <span class='ocrx_word' id='word_1_439' title='bbox 1867 1967 1928 1987; x_wconf 88' lang='lat' dir='ltr'><strong>nos</strong></span> <span class='ocrx_word' id='word_1_440' title='bbox 1951 1967 2029 1988; x_wconf 90' lang='lat' dir='ltr'><strong>cum</strong></span> 
     </span>
     <span class='ocr_line' id='line_1_36' title="bbox 145 2002 2028 2048; baseline 0.003 -14"><span class='ocrx_word' id='word_1_441' title='bbox 145 2002 278 2034; x_wconf 89' lang='lat' dir='ltr'><strong>Orellio</strong></span> <span class='ocrx_word' id='word_1_442' title='bbox 302 2003 507 2045; x_wconf 86' lang='lat' dir='ltr'><strong>recepimus,</strong></span> <span class='ocrx_word' id='word_1_443' title='bbox 544 2003 747 2045; x_wconf 84' lang='lat' dir='ltr'><strong>scripturam</strong></span> <span class='ocrx_word' id='word_1_444' title='bbox 775 2016 846 2036; x_wconf 89' lang='lat' dir='ltr'><strong>esse</strong></span> <span class='ocrx_word' id='word_1_445' title='bbox 869 2005 994 2038; x_wconf 88' lang='lat' dir='ltr'><strong>docuit.</strong></span> <span class='ocrx_word' id='word_1_446' title='bbox 1041 2006 1144 2048; x_wconf 89' lang='lat' dir='ltr'><strong>Quod</strong></span> <span class='ocrx_word' id='word_1_447' title='bbox 1168 2017 1372 2048; x_wconf 86' lang='lat' dir='ltr'><strong>quamquam</strong></span> <span class='ocrx_word' id='word_1_448' title='bbox 1394 2006 1511 2038; x_wconf 88' lang='lat' dir='ltr'><strong>multis</strong></span> <span class='ocrx_word' id='word_1_449' title='bbox 1535 2013 1568 2038; x_wconf 85' lang='lat' dir='ltr'><strong>et</strong></span> <span class='ocrx_word' id='word_1_450' title='bbox 1589 2007 1766 2039; x_wconf 86' lang='lat' dir='ltr'><strong>inutilibus</strong></span> <span class='ocrx_word' id='word_1_451' title='bbox 1790 2007 1893 2039; x_wconf 85' lang='lat' dir='ltr'><strong>etiam</strong></span> <span class='ocrx_word' id='word_1_452' title='bbox 1914 2008 2028 2040; x_wconf 87' lang='lat' dir='ltr'><strong>uerbis</strong></span> 
     </span>
     <span class='ocr_line' id='line_1_37' title="bbox 145 2054 2028 2104; baseline 0.004 -20"><span class='ocrx_word' id='word_1_453' title='bbox 145 2054 276 2094; x_wconf 87' lang='lat' dir='ltr'><strong>docuit,</strong></span> <span class='ocrx_word' id='word_1_454' title='bbox 299 2060 412 2086; x_wconf 84' lang='lat' dir='ltr'><strong>tamen</strong></span> <span class='ocrx_word' id='word_1_455' title='bbox 435 2055 659 2097; x_wconf 87' lang='lat' dir='ltr'><strong>quorumdam</strong></span> <span class='ocrx_word' id='word_1_456' title='bbox 690 2056 856 2088; x_wconf 77' lang='lat' dir='ltr'><strong>lectorum</strong></span> <span class='ocrx_word' id='word_1_457' title='bbox 878 2059 985 2100; x_wconf 82' lang='lat' dir='ltr'><strong>gratia</strong></span> <span class='ocrx_word' id='word_1_458' title='bbox 1009 2059 1176 2101; x_wconf 85' lang='lat' dir='ltr'><strong>integram</strong></span> <span class='ocrx_word' id='word_1_459' title='bbox 1201 2059 1272 2090; x_wconf 89' lang='grc'><strong>01115</strong></span> <span class='ocrx_word' id='word_1_460' title='bbox 1295 2059 1548 2090; x_wconf 80' lang='lat' dir='ltr'><strong>adnotationem</strong></span> <span class='ocrx_word' id='word_1_461' title='bbox 1571 2060 1626 2091; x_wconf 91' lang='lat' dir='ltr'><strong>hic</strong></span> <span class='ocrx_word' id='word_1_462' title='bbox 1648 2061 1876 2092; x_wconf 86' lang='lat' dir='ltr'><strong>recudendam</strong></span> <span class='ocrx_word' id='word_1_463' title='bbox 1898 2060 2028 2104; x_wconf 85' lang='lat' dir='ltr'><strong>putaui.</strong></span> 
     </span>
     <span class='ocr_line' id='line_1_38' title="bbox 144 2107 2030 2152; baseline 0.004 -15"><span class='ocrx_word' id='word_1_464' title='bbox 144 2107 283 2149; x_wconf 89' lang='lat' dir='ltr'><strong>„Quam</strong></span> <span class='ocrx_word' id='word_1_465' title='bbox 306 2107 370 2138; x_wconf 87' lang='lat' dir='ltr'><strong>sibi</strong></span> <span class='ocrx_word' id='word_1_466' title='bbox 393 2107 433 2138; x_wconf 87' lang='lat' dir='ltr'><strong>ab</strong></span> <span class='ocrx_word' id='word_1_467' title='bbox 456 2114 663 2139; x_wconf 85' lang='lat' dir='ltr'><strong>accussatore</strong></span> <span class='ocrx_word' id='word_1_468' title='bbox 686 2108 813 2140; x_wconf 88' lang='lat' dir='ltr'><strong>tribum</strong></span> <span class='ocrx_word' id='word_1_469' title='bbox 837 2109 892 2140; x_wconf 91' lang='lat' dir='ltr'><strong>edi</strong></span> <span class='ocrx_word' id='word_1_470' title='bbox 914 2111 1029 2151; x_wconf 83' lang='lat' dir='ltr'><strong>uellet,</strong></span> <span class='ocrx_word' id='word_1_471' title='bbox 1053 2111 1314 2143; x_wconf 88' lang='lat' dir='ltr'><strong>ederePlancius</strong></span> <span class='ocrx_word' id='word_1_472' title='bbox 1338 2111 1532 2152; x_wconf 81' lang='lat' dir='ltr'><strong>dubitasset,</strong></span> <span class='ocrx_word' id='word_1_473' title='bbox 1555 2118 1613 2143; x_wconf 88' lang='lat' dir='ltr'><strong>aut</strong></span> <span class='ocrx_word' id='word_1_474' title='bbox 1632 2113 1734 2145; x_wconf 82' lang='lat' dir='ltr'><strong>etiam</strong></span> <span class='ocrx_word' id='word_1_475' title='bbox 1756 2125 1826 2145; x_wconf 89' lang='grc'><strong>11011</strong></span> <span class='ocrx_word' id='word_1_476' title='bbox 1849 2112 2030 2144; x_wconf 82' lang='lat' dir='ltr'><strong>edidisset?</strong></span> 
     </span>
     <span class='ocr_line' id='line_1_39' title="bbox 146 2159 2030 2206; baseline 0.003 -17"><span class='ocrx_word' id='word_1_477' title='bbox 146 2170 247 2201; x_wconf 89' lang='lat' dir='ltr'><strong>quam</strong></span> <span class='ocrx_word' id='word_1_478' title='bbox 271 2159 313 2190; x_wconf 93' lang='lat' dir='ltr'><strong>ob</strong></span> <span class='ocrx_word' id='word_1_479' title='bbox 337 2162 509 2192; x_wconf 74' lang='lat' dir='ltr'><strong>caussam?</strong></span> <span class='ocrx_word' id='word_1_480' title='bbox 548 2160 590 2191; x_wconf 92' lang='lat' dir='ltr'><strong>ob</strong></span> <span class='ocrx_word' id='word_1_481' title='bbox 614 2172 705 2199; x_wconf 84' lang='lat' dir='ltr'><strong>eam,</strong></span> <span class='ocrx_word' id='word_1_482' title='bbox 740 2172 825 2202; x_wconf 85' lang='lat' dir='ltr'><strong>quae</strong></span> <span class='ocrx_word' id='word_1_483' title='bbox 846 2173 1007 2194; x_wconf 80' lang='lat' dir='ltr'><strong>maxume</strong></span> <span class='ocrx_word' id='word_1_484' title='bbox 1029 2163 1070 2194; x_wconf 89' lang='lat' dir='ltr'><strong>ad</strong></span> <span class='ocrx_word' id='word_1_485' title='bbox 1095 2163 1263 2194; x_wconf 86' lang='lat' dir='ltr'><strong>edendum</strong></span> <span class='ocrx_word' id='word_1_486' title='bbox 1285 2163 1452 2206; x_wconf 82' lang='lat' dir='ltr'><strong>inpellere</strong></span> <span class='ocrx_word' id='word_1_487' title='bbox 1476 2164 1655 2196; x_wconf 87' lang='lat' dir='ltr'><strong>debuisset.</strong></span> <span class='ocrx_word' id='word_1_488' title='bbox 1699 2166 1834 2197; x_wconf 91' lang='lat' dir='ltr'><strong>Deinde</strong></span> <span class='ocrx_word' id='word_1_489' title='bbox 1856 2177 1924 2196; x_wconf 90' lang='lat' dir='ltr'><strong>non</strong></span> <span class='ocrx_word' id='word_1_490' title='bbox 1946 2175 2030 2195; x_wconf 89' lang='lat' dir='ltr'><strong>con-</strong></span> 
     </span>
     <span class='ocr_line' id='line_1_40' title="bbox 148 2210 2028 2261; baseline 0.004 -19"><span class='ocrx_word' id='word_1_491' title='bbox 148 2211 256 2251; x_wconf 84' lang='lat' dir='ltr'><strong>uenit,</strong></span> <span class='ocrx_word' id='word_1_492' title='bbox 290 2210 500 2252; x_wconf 84' lang='lat' dir='ltr'><strong>facultatem,</strong></span> <span class='ocrx_word' id='word_1_493' title='bbox 536 2223 620 2254; x_wconf 88' lang='lat' dir='ltr'><strong>quae</strong></span> <span class='ocrx_word' id='word_1_494' title='bbox 642 2214 844 2244; x_wconf 83' lang='lat' dir='ltr'><strong>accussatori</strong></span> <span class='ocrx_word' id='word_1_495' title='bbox 867 2214 1025 2255; x_wconf 88' lang='lat' dir='ltr'><strong>dabatur,</strong></span> <span class='ocrx_word' id='word_1_496' title='bbox 1061 2216 1265 2247; x_wconf 88' lang='lat' dir='ltr'><strong>inminutam</strong></span> <span class='ocrx_word' id='word_1_497' title='bbox 1294 2216 1330 2247; x_wconf 89' lang='grc'><strong>111</strong></span> <span class='ocrx_word' id='word_1_498' title='bbox 1353 2228 1412 2248; x_wconf 86' lang='lat' dir='ltr'><strong>reo</strong></span> <span class='ocrx_word' id='word_1_499' title='bbox 1436 2216 1573 2259; x_wconf 84' lang='lat' dir='ltr'><strong>fingere.</strong></span> <span class='ocrx_word' id='word_1_500' title='bbox 1618 2218 1730 2249; x_wconf 89' lang='lat' dir='ltr'><strong>Facile</strong></span> <span class='ocrx_word' id='word_1_501' title='bbox 1759 2217 1962 2261; x_wconf 86' lang='lat' dir='ltr'><strong>perspicitur</strong></span> <span class='ocrx_word' id='word_1_502' title='bbox 1984 2227 2028 2249; x_wconf 80' lang='lat' dir='ltr'><strong>ex</strong></span> 
     </span>
     <span class='ocr_line' id='line_1_41' title="bbox 146 2263 2027 2308; baseline 0.004 -14"><span class='ocrx_word' id='word_1_503' title='bbox 146 2263 206 2302; x_wconf 83' lang='lat' dir='ltr'><strong>iis,</strong></span> <span class='ocrx_word' id='word_1_504' title='bbox 231 2276 314 2305; x_wconf 88' lang='lat' dir='ltr'><strong>quae</strong></span> <span class='ocrx_word' id='word_1_505' title='bbox 338 2265 439 2307; x_wconf 87' lang='lat' dir='ltr'><strong>paulo</strong></span> <span class='ocrx_word' id='word_1_506' title='bbox 462 2271 539 2296; x_wconf 87' lang='grc'><strong>31110</strong></span> <span class='ocrx_word' id='word_1_507' title='bbox 562 2265 709 2296; x_wconf 84' lang='lat' dir='ltr'><strong>uidimus</strong></span> <span class='ocrx_word' id='word_1_508' title='bbox 734 2276 761 2296; x_wconf 92' lang='grc'><strong>0.</strong></span> <span class='ocrx_word' id='word_1_509' title='bbox 789 2267 854 2306; x_wconf 87' lang='grc'><strong>16.,</strong></span> <span class='ocrx_word' id='word_1_510' title='bbox 878 2267 1063 2308; x_wconf 88' lang='lat' dir='ltr'><strong>Plancium,</strong></span> <span class='ocrx_word' id='word_1_511' title='bbox 1087 2269 1116 2300; x_wconf 91' lang='lat' dir='ltr'><strong>si</strong></span> <span class='ocrx_word' id='word_1_512' title='bbox 1138 2269 1189 2300; x_wconf 91' lang='lat' dir='ltr'><strong>ius</strong></span> <span class='ocrx_word' id='word_1_513' title='bbox 1213 2268 1340 2308; x_wconf 83' lang='lat' dir='ltr'><strong>fuisset,</strong></span> <span class='ocrx_word' id='word_1_514' title='bbox 1366 2269 1474 2300; x_wconf 87' lang='lat' dir='ltr'><strong>tribus</strong></span> <span class='ocrx_word' id='word_1_515' title='bbox 1497 2269 1539 2300; x_wconf 89' lang='lat' dir='ltr'><strong>ad</strong></span> <span class='ocrx_word' id='word_1_516' title='bbox 1561 2269 1780 2301; x_wconf 86' lang='lat' dir='ltr'><strong>iudicandum</strong></span> <span class='ocrx_word' id='word_1_517' title='bbox 1805 2270 1923 2301; x_wconf 88' lang='lat' dir='ltr'><strong>saltem</strong></span> <span class='ocrx_word' id='word_1_518' title='bbox 1947 2268 2027 2301; x_wconf 89' lang='lat' dir='ltr'><strong>duas</strong></span> 
     </span>
    </p>
   </div>
   <div class='ocr_carea' id='block_1_8' title="bbox 148 2314 2029 2414">
    <p class='ocr_par' dir='ltr' id='par_1_11' title="bbox 148 2314 2029 2414">
     <span class='ocr_line' id='line_1_42' title="bbox 148 2314 2029 2364; baseline 0.004 -18"><span class='ocrx_word' id='word_1_519' title='bbox 148 2314 247 2346; x_wconf 89' lang='lat' dir='ltr'><strong>edere</strong></span> <span class='ocrx_word' id='word_1_520' title='bbox 272 2316 425 2348; x_wconf 87' lang='lat' dir='ltr'><strong>debuisse</strong></span> <span class='ocrx_word' id='word_1_521' title='bbox 450 2318 544 2358; x_wconf 80' lang='lat' dir='ltr'><strong>[haec</strong></span> <span class='ocrx_word' id='word_1_522' title='bbox 567 2329 636 2348; x_wconf 94' lang='lat' dir='ltr'><strong>non</strong></span> <span class='ocrx_word' id='word_1_523' title='bbox 657 2329 739 2348; x_wconf 89' lang='lat' dir='ltr'><strong>uera</strong></span> <span class='ocrx_word' id='word_1_524' title='bbox 762 2330 849 2358; x_wconf 88' lang='lat' dir='ltr'><strong>esse,</strong></span> <span class='ocrx_word' id='word_1_525' title='bbox 884 2330 927 2350; x_wconf 80' lang='lat' dir='ltr'><strong>ex</strong></span> <span class='ocrx_word' id='word_1_526' title='bbox 953 2319 1085 2362; x_wconf 86' lang='lat' dir='ltr'><strong>Proleg.</strong></span> <span class='ocrx_word' id='word_1_527' title='bbox 1108 2332 1142 2363; x_wconf 87' lang='lat' dir='ltr'><strong>p.</strong></span> <span class='ocrx_word' id='word_1_528' title='bbox 1165 2321 1324 2353; x_wconf 68' lang='lat' dir='ltr'>LXXVI</span> <span class='ocrx_word' id='word_1_529' title='bbox 1348 2333 1397 2363; x_wconf 87' lang='lat' dir='ltr'><strong>sq.</strong></span> <span class='ocrx_word' id='word_1_530' title='bbox 1425 2322 1559 2353; x_wconf 88' lang='lat' dir='ltr'><strong>abunde</strong></span> <span class='ocrx_word' id='word_1_531' title='bbox 1582 2323 1713 2364; x_wconf 85' lang='lat' dir='ltr'><strong>patet.].</strong></span> <span class='ocrx_word' id='word_1_532' title='bbox 1758 2321 1827 2354; x_wconf 91' lang='lat' dir='ltr'><strong>Ubi</strong></span> <span class='ocrx_word' id='word_1_533' title='bbox 1847 2332 1938 2352; x_wconf 88' lang='grc'><strong>1111110</strong></span> <span class='ocrx_word' id='word_1_534' title='bbox 1963 2322 2029 2364; x_wconf 85' lang='lat' dir='ltr'><strong>igi-</strong></span> 
     </span>
     <span class='ocr_line' id='line_1_43' title="bbox 148 2367 2028 2414; baseline 0.005 -16"><span class='ocrx_word' id='word_1_535' title='bbox 148 2374 205 2399; x_wconf 82' lang='lat' dir='ltr'><strong>tur</strong></span> <span class='ocrx_word' id='word_1_536' title='bbox 235 2367 311 2407; x_wconf 82' lang='lat' dir='ltr'><strong>illa,</strong></span> <span class='ocrx_word' id='word_1_537' title='bbox 351 2369 386 2399; x_wconf 92' lang='lat' dir='ltr'><strong>in</strong></span> <span class='ocrx_word' id='word_1_538' title='bbox 411 2382 475 2411; x_wconf 85' lang='lat' dir='ltr'><strong>qua</strong></span> <span class='ocrx_word' id='word_1_539' title='bbox 506 2382 582 2401; x_wconf 82' lang='grc'><strong>011111</strong></span> <span class='ocrx_word' id='word_1_540' title='bbox 604 2370 800 2402; x_wconf 86' lang='lat' dir='ltr'><strong>Atinatibus</strong></span> <span class='ocrx_word' id='word_1_541' title='bbox 830 2371 899 2402; x_wconf 87' lang='lat' dir='ltr'><strong>suis</strong></span> <span class='ocrx_word' id='word_1_542' title='bbox 921 2371 1075 2403; x_wconf 86' lang='lat' dir='ltr'><strong>Plancius</strong></span> <span class='ocrx_word' id='word_1_543' title='bbox 1105 2373 1364 2414; x_wconf 79' lang='lat' dir='ltr'><strong>numerabatur,</strong></span> <span class='ocrx_word' id='word_1_544' title='bbox 1399 2374 1539 2406; x_wconf 87' lang='lat' dir='ltr'><strong>adsidua</strong></span> <span class='ocrx_word' id='word_1_545' title='bbox 1569 2374 1700 2407; x_wconf 63' lang='grc'><strong>1111100</strong></span> <span class='ocrx_word' id='word_1_546' title='bbox 1730 2385 1886 2405; x_wconf 89' lang='lat' dir='ltr'><strong>sermone</strong></span> <span class='ocrx_word' id='word_1_547' title='bbox 1918 2385 2028 2407; x_wconf 81' lang='lat' dir='ltr'><strong>comes</strong></span> 
     </span>
    </p>
   </div>
   <div class='ocr_carea' id='block_1_9' title="bbox 148 2419 2027 2471">
    <p class='ocr_par' dir='ltr' id='par_1_12' title="bbox 148 2419 2027 2471">
     <span class='ocr_line' id='line_1_44' title="bbox 148 2419 2027 2471; baseline 0.004 -19"><span class='ocrx_word' id='word_1_548' title='bbox 148 2419 322 2452; x_wconf 82' lang='lat' dir='ltr'><strong>Uoltiniae</strong></span> <span class='ocrx_word' id='word_1_549' title='bbox 346 2420 556 2455; x_wconf 81' lang='lat' dir='ltr'><strong>Terentina?</strong></span> <span class='ocrx_word' id='word_1_550' title='bbox 600 2423 694 2455; x_wconf 88' lang='lat' dir='ltr'><strong>Haec</strong></span> <span class='ocrx_word' id='word_1_551' title='bbox 717 2434 795 2465; x_wconf 88' lang='lat' dir='ltr'><strong>ego,</strong></span> <span class='ocrx_word' id='word_1_552' title='bbox 819 2434 904 2466; x_wconf 83' lang='lat' dir='ltr'><strong>quae</strong></span> <span class='ocrx_word' id='word_1_553' title='bbox 926 2423 1032 2456; x_wconf 84' lang='lat' dir='ltr'><strong>cuiuis</strong></span> <span class='ocrx_word' id='word_1_554' title='bbox 1056 2435 1233 2457; x_wconf 85' lang='lat' dir='ltr'><strong>occurrere</strong></span> <span class='ocrx_word' id='word_1_555' title='bbox 1256 2433 1431 2467; x_wconf 83' lang='lat' dir='ltr'><strong>necessest,</strong></span> <span class='ocrx_word' id='word_1_556' title='bbox 1455 2438 1524 2459; x_wconf 90' lang='lat' dir='ltr'><strong>non</strong></span> <span class='ocrx_word' id='word_1_557' title='bbox 1545 2433 1698 2470; x_wconf 85' lang='lat' dir='ltr'><strong>poteram</strong></span> <span class='ocrx_word' id='word_1_558' title='bbox 1720 2437 1789 2458; x_wconf 90' lang='lat' dir='ltr'><strong>nou</strong></span> <span class='ocrx_word' id='word_1_559' title='bbox 1811 2426 2027 2471; x_wconf 74' lang='lat' dir='ltr'><strong>intellegere3</strong></span> 
     </span>
    </p>
   </div>
   <div class='ocr_carea' id='block_1_10' title="bbox 1708 2516 1720 2523">
    <p class='ocr_par' dir='ltr' id='par_1_13' title="bbox 1708 2516 1720 2523">
     <span class='ocr_line' id='line_1_45' title="bbox 1708 2516 1720 2523; baseline 0 0"><span class='ocrx_word' id='word_1_560' title='bbox 1708 2516 1720 2523; x_wconf 62' lang='lat' dir='ltr'><em>t</em></span> 
     </span>
    </p>
   </div>
  </div>
 </body>
</html>
