2185 2720
875 124 900 153 C
920 124 949 152 A
968 125 1010 154 P.
1049 123 1158 153 XVII.
1184 123 1212 164 §.
1233 128 1368 157 41—43.
2011 130 2063 156 131

167 199 448 245 permiscuerunt
471 211 557 239 esse,
582 199 619 231 hi
641 198 707 230 loci
729 198 933 242 probabunt.
979 199 1049 231 Cic.
1074 199 1136 231 Or.
1163 199 1233 238 IX,
1259 210 1310 242 29.
1340 200 1412 240 Qui
1434 198 1606 243 (Pericles)
1629 200 1662 233 si
1683 200 1781 232 tenui
1799 211 1926 243 genere
1948 205 2064 232 utere—

171 259 247 292 tur,
283 266 473 297 numquam
500 254 542 286 ab
569 253 807 296 Aristophane
830 258 936 296 poeta
949 252 1115 296 fulgere,
1151 259 1290 292 tonare,
1317 254 1586 297 permiscere
1609 253 1796 286 Graeciam
1826 254 1940 284 dictus
1963 258 2060 286 esset.

167 305 263 337 Idem
286 307 329 337 II.
360 314 478 338 contra
502 307 644 338 Rullum
670 305 849 344 XXXIII,
884 317 936 348 91·
970 306 1140 338 Homines
1168 319 1234 338 non
1264 306 1404 338 inerant
1432 307 1468 338 in
1492 306 1591 345 urbe,
1626 307 1686 350 qui
1707 306 1810 338 malis
1833 305 2060 344 contionibus,

167 359 377 391 turbulentis
401 366 541 392 senatus
567 358 753 397 consultis,
785 359 916 402 iniquis
940 360 1085 402 inperiis
1108 371 1179 390 rem
1197 360 1376 402 publicam
1399 360 1651 398 miscerent,
1691 365 1723 391 et
1747 371 1863 391 reram
1886 369 2059 390 nouarum

164 424 324 444 caussam
350 413 506 456 aliquam
526 417 742 455 quaererent.
785 411 880 442 Idem
903 423 966 454 pro
990 412 1064 442 Mil.
1084 412 1146 449 IX,
1172 413 1222 443 25.
1247 412 1463 444 Conuocabat
1487 411 1597 443 tribus
1606 425 1617 451 ,-
1642 424 1677 444 se
1699 411 1957 455 interponebat3
1981 411 2058 442 Col-

166 465 276 497 linam
308 478 435 497 nouam
465 466 598 497 delectu
627 465 957 507 perclitissumorum
981 465 1113 497 ciuium
1135 465 1377 498 conscribebat.
1421 465 1562 506 Quanto
1585 465 1646 497 ille
1663 466 1800 509 plura
1828 463 2056 503 miscebat,

164 524 262 550 tanto
284 520 340 551 hic
362 519 477 561 magis
500 520 536 550 in
560 518 632 549 clies
656 517 925 550 conualescebat.

247 573 277 614 §.
301 571 354 603 42.
400 572 459 603 Set
473 571 618 615 factum.
641 576 740 602 tuum
763 583 784 602 a
809 571 981 602 sententia
1012 571 1100 613 legis
1122 570 1222 602 cloceo
1245 569 1456 614 discrepare)
1502 569 1605 612 Quod
1629 582 1696 613 quo
1720 581 1820 602 sensu
1842 568 1887 600 sit
1912 568 2052 609 dictum,

161 624 240 657 satis
265 629 315 655 est
337 635 356 655 a
380 636 436 655 me
459 625 592 666 Proleg.
619 624 661 655 L.
686 623 745 653 IlI.
770 623 807 654 C.
832 623 892 654 ΙΙΙ.
918 623 948 664 §.
972 624 1002 654 5.
1025 635 1059 665 p.
1083 624 1276 655 LXXVIII
1299 635 1348 666 sq.
1371 624 1512 666 planum
1535 622 1673 654 factum.

243 677 295 709 Et
321 678 404 710 illut
434 678 596 710 acerbum
626 676 798 708 iudicium
826 676 857 707 si
875 693 918 699 —
941 677 992 708 ita
1011 675 1179 718 fecisses,
1216 682 1256 708 ut
1280 694 1319 699 —-
1349 689 1416 708 non
1439 676 1539 721 modo
1568 688 1635 708 non
1659 675 1834 720 quererer)
1878 673 2052 707 Uidentur

159 728 281 769 uerba,
316 731 399 762 illut
426 730 587 762 acerbum
612 729 801 766 iudicium,
833 740 896 771 per
926 740 961 760 se
992 729 1194 768 consistere,
1227 740 1289 759 nec
1318 729 1464 760 uerbum
1493 741 1559 771 quo
1588 735 1820 761 sustententur
1848 726 2050 764 desiderare,

160 781 254 824 quasi
278 782 381 815 dicat:
417 783 479 821 Et,
505 782 597 824 quod
619 781 779 813 acerbum
806 781 970 812 iudicium
994 788 1062 821 est,
1089 782 1136 821 si,
1160 781 1448 824 quemadmodum
1471 783 1506 813 in
1530 783 1564 814 S.
1589 783 1627 813 C.
1652 788 1685 813 et
1708 783 1780 824 lege
1801 780 1966 823 scriptum
1989 783 2049 817 est,

157 833 205 865 ita
226 833 379 875 fecisses,
402 841 442 866 ut
463 835 499 866 in
522 834 698 866 Plancium
722 840 755 865 et
779 845 875 865 suam
898 833 1026 864 tribum
1050 834 1289 874 Terentinam,
1314 840 1347 866 et
1369 835 1409 865 ab
1433 846 1472 866 eo
1497 835 1689 866 obseruatas
1712 834 1844 871 ederes,
1877 833 1936 874 (sic
1959 831 2049 863 enim

158 886 234 929 lego
257 888 452 929 postulante
474 888 659 926 sententia,
683 898 751 919 non
774 886 925 928 ederent)
950 898 1018 917 non
1042 886 1144 917 modo
1171 898 1240 919 non
1264 899 1444 930 quererer,
1467 894 1518 920 set
1539 888 1705 919 iudicibus
1729 887 1827 918 editis
1851 887 1902 925 iis,
1928 885 2049 928 quibus

157 939 273 970 Planci
295 939 469 983 integritas
495 947 575 972 nota
598 946 701 975 esset,
736 940 929 972 absolutum
950 939 1123 971 Plancium
1146 947 1315 982 putarem.
1342 941 1557 972 MANt'TlL·S.
1600 941 1774 972 Ferratius
1796 952 1830 983 p.
1856 950 1906 971 22.
1931 937 2050 969 arctis-

156 1003 252 1023 snme
275 992 510 1036 coniungenda
532 994 653 1032 uerba,
678 994 729 1025 Et
753 994 835 1025 illut
860 993 1020 1025 acerbum
1042 993 1213 1025 iudicium
1235 1007 1302 1026 non
1326 996 1425 1027 modo
1448 1007 1515 1026 non
1539 1006 1711 1037 quererer,
1734 999 1841 1036 putat,
1863 991 2048 1035 parenthe-

155 1056 298 1086 seosque
320 1045 424 1088 signis
447 1046 601 1086 inclusit,
626 1058 711 1088 quae
734 1046 909 1078 interiecta
931 1052 1026 1084 sunt,
1057 1047 1104 1085 si,
1129 1048 1415 1089 quemadmodum
1437 1066 1480 1072 —
1502 1048 1627 1079 ederes.
1674 1047 1849 1084 Mirumst,
1874 1049 2046 1081 neutrum,

153 1109 216 1129 nec
238 1098 378 1130 omnino
403 1111 609 1141 quemquam
633 1100 804 1131 editorum
829 1099 972 1137 uidisse,
998 1099 1102 1141 uerba
1127 1100 1209 1131 illut
1230 1099 1390 1131 acerbum
1415 1102 1584 1132 iudicium
1604 1099 1754 1143 pendere
1772 1110 1791 1129 a
1813 1097 1919 1128 uerbo
1934 1095 2048 1140 fecis-

154 1161 231 1190 ses,
249 1157 282 1182 et
305 1152 481 1183 subaudiri
507 1153 548 1183 ad
573 1153 718 1184 uerbum
742 1164 903 1197 quererer
926 1151 1059 1182 debere.
1105 1152 1223 1194 Itaque
1245 1164 1395 1193 comma,
1419 1153 1509 1196 quod
1534 1159 1612 1184 ante
1634 1164 1688 1184 me
1711 1152 1801 1183 inter
1824 1150 1995 1183 iudicium
2013 1153 2046 1179 et

150 1204 184 1236 si
206 1209 278 1235 erat
300 1205 468 1246 positum,
499 1206 623 1237 deleui.

244 1257 291 1289 Ut
320 1258 402 1290 lzuic
430 1264 463 1290 et
493 1260 604 1302 suam)
650 1260 756 1291 Recte
780 1257 986 1290 Garatonius
1010 1258 1074 1288 hoc
1096 1257 1218 1290 melius
1243 1271 1328 1298 esse,
1364 1271 1465 1301 quam
1498 1258 1587 1301 quod
1620 1267 1695 1291 ante
1719 1270 1797 1290 eum
1825 1257 1861 1289 in
1886 1255 2042 1288 omnibus

149 1308 356 1341 editionibus
379 1311 543 1354 scriptum
568 1318 657 1352 erat,
685 1318 724 1344 ut
747 1312 783 1343 in
807 1312 898 1343 hunc
920 1317 952 1343 et
975 1324 1093 1349 suam,
1117 1312 1308 1351 contendit,
1333 1313 1499 1343 rationem
1521 1311 1677 1345 adferens
1701 1314 1802 1345 haue:
1826 1310 2042 1352 „edebantur

149 1361 276 1393 etenim
298 1373 378 1402 reo,
402 1370 441 1395 ut
464 1377 567 1397 unam
587 1371 701 1408 posset
723 1365 866 1403 reicere,
900 1364 990 1406 quod
1014 1370 1106 1406 patet
1129 1376 1172 1395 ex
1196 1376 1224 1395 c.
1251 1366 1351 1397 16..“

231 1415 283 1446 Et
305 1428 404 1449 suam
427 1424 460 1450 et
482 1419 524 1450 ab
547 1420 609 1451 hoc
629 1418 829 1449 obseruatas
854 1417 966 1449 tribus
989 1418 1118 1459 ederes)
1165 1417 1201 1448 Si
1225 1418 1283 1460 qui
1307 1419 1438 1457 tribus,
1462 1418 1551 1460 quod
1575 1430 1699 1449 nomen
1723 1418 1786 1449 soli
1809 1419 1836 1449 B
1860 1423 1894 1449 et
1916 1417 1944 1448 E
1968 1426 2042 1447 ser·-

148 1473 291 1507 uarunt,
318 1475 356 1499 ut
379 1470 535 1511 spurium
560 1471 694 1502 abicere
717 1470 818 1508 uelit,
849 1470 877 1501 is
901 1476 1066 1501 necessest
1088 1476 1165 1501 ante
1189 1471 1303 1501 onmia
1327 1472 1492 1514 exemplis
1517 1471 1649 1509 doceat,
1675 1483 1738 1513 per
1761 1468 2042 1502 consuetudinem

148 1520 289 1552 latinam
311 1532 438 1552 nomen
461 1522 540 1554 illut
565 1523 600 1553 in
624 1523 688 1554 hoc
711 1522 875 1564 loquendi
897 1533 1020 1564 genere
1043 1523 1155 1554 omitti
1178 1524 1291 1554 licere.
1337 1523 1408 1555 Csr.
1433 1525 1533 1555 etiam
1557 1524 1689 1566 Proleg.
1705 1526 1746 1556 L.
1764 1525 1807 1555 II.
1833 1525 1871 1555 C.
1891 1523 1917 1554 I.
1942 1522 1972 1564 §.
1990 1521 2039 1553 8..

231 1574 284 1605 Iis
313 1575 487 1606 iudicibus
517 1576 635 1616 editis)
679 1575 746 1607 Hic
769 1587 905 1618 quoque
931 1575 993 1606 etsi
1017 1577 1061 1608 iis
1092 1588 1282 1618 pronomen
1311 1577 1375 1607 soli
1397 1578 1424 1608 B
1449 1583 1481 1608 et
1503 1578 1532 1608 E
1557 1577 1699 1616 habent,
1733 1584 1846 1609 tamen
1869 1575 1957 1607 abici
1978 1585 2040 1605 ne—

148 1626 238 1668 quit,
275 1637 352 1657 cum
379 1627 545 1658 eiusmodi
568 1628 735 1660 iudicibus
760 1628 874 1667 editis,
913 1623 971 1670 qui
995 1635 1094 1660 testes
1119 1630 1209 1660 idem
1232 1641 1302 1661 esse
1324 1631 1473 1673 possint,
1511 1631 1630 1662 Cicero
1660 1643 1695 1663 se
1719 1630 1895 1662 Plancium
1917 1634 2038 1672 putare

146 1678 340 1710 absolutum
369 1679 468 1711 dicat.
514 1681 632 1723 Itaque
665 1693 855 1725 pronomen
894 1682 972 1712 illut
1008 1683 1233 1713 necessarium
1269 1684 1311 1714 ad
1342 1683 1526 1715 sententiae
1553 1684 1783 1726 integritatem
1811 1689 1871 1715 est.
1916 1683 2039 1722 Neque

146 1737 282 1774 poterat
305 1732 357 1763 uis
381 1733 456 1771 illa,
485 1746 569 1775 quae
592 1733 626 1765 in
651 1735 856 1776 pronomine
880 1736 991 1773 istost‚
1024 1735 1087 1766 soli
1111 1736 1267 1768 iudicum
1292 1737 1424 1767 nomini
1447 1736 1563 1767 tribui.
1607 1737 1657 1768 Ita
1680 1737 1770 1768 enim
1792 1736 1876 1768 falsa
1898 1733 2039 1777 cogitari

147 1784 318 1828 oppositio
341 1791 476 1827 poterat
499 1787 597 1818 haec:
622 1788 730 1818 nullis
754 1788 927 1820 iudicibus
951 1789 1064 1820 editis.

230 1837 355 1880 ZVeque
377 1851 469 1870 nunc
491 1841 600 1871 multo
623 1854 720 1872 secus
745 1842 926 1883 existumo)
971 1843 1093 1883 Neque
1115 1853 1206 1872 nunc
1229 1847 1360 1880 metuo,
1385 1853 1428 1873 ne
1451 1842 1605 1874 Plancius
1629 1842 1669 1874 ab
1693 1842 1750 1881 iis,
1782 1854 1866 1885 quos
1889 1841 2036 1881 edidisti,

145 1889 314 1922 iudicibus
343 1891 630 1934 condempnetur,
666 1893 834 1935 siquidem
865 1895 916 1925 illi
946 1906 988 1925 ex
1017 1895 1057 1925 iis
1082 1895 1237 1926 tribubus
1269 1894 1409 1934 delecti,
1449 1907 1529 1937 quas
1553 1908 1620 1926 non
1646 1896 1834 1928 criminaris
1859 1901 2035 1938 corruptas

145 1954 234 1983 esse,
262 1949 363 1976 testes
387 1956 457 1976 esse
480 1957 549 1976 non
572 1952 715 1988 possunt
737 1958 799 1978 nce
822 1948 997 1978 Plancium
1021 1948 1172 1979 criminis
1196 1948 1409 1978 conuincere.
1457 1948 1527 1979 Cfr.
1553 1949 1591 1980 C.
1614 1950 1749 1980 XVIII.
1778 1949 1807 1990 §.
1831 1949 1883 1981 46.
1901 1972 1909 1980 .

226 1996 378 2039 Ignotis)
422 1999 558 2041 Ignotos
581 1999 708 2030 iudices
731 2000 820 2032 dixit
844 2013 911 2032 non
935 2006 1069 2031 tantum
1093 2000 1151 2041 qui
1174 2001 1349 2031 Plancium
1375 2001 1591 2043 ignorarent,
1630 2009 1668 2033 ut
1690 2003 1934 2045 interpretatur
1956 2001 2035 2034 Ma-

142 2049 276 2089 nutius,
308 2056 359 2081 set
390 2051 448 2092 qui
472 2052 586 2083 delicti
614 2053 734 2092 etiam,
771 2053 863 2095 quod
886 2064 905 2084 a
927 2052 1064 2083 Plancio
1089 2053 1294 2085 conmissum
1317 2047 1511 2086 Late'rensis
1534 2055 1712 2096 arguebat,
1746 2067 1815 2087 non
1838 2056 1916 2087 satis
1938 2055 2034 2098 gnari

142 2109 264 2135 essent.
310 2102 381 2135 Cfr.
406 2105 444 2135 C.
468 2106 603 2137 XVIII.
629 2106 658 2146 ἕ.
686 2107 756 2137 46..
1481 2147 1484 2150 ι

225 2157 270 2188 In
302 2157 449 2190 tenebris
480 2170 584 2202 qaam
614 2159 650 2190 in
682 2160 758 2192 luce
785 2172 945 2192 caussam
974 2159 1112 2191 uersari
1139 2160 1311 2205 maluisti)
1355 2161 1433 2192 Hoc
1462 2160 1534 2203 ipse
1561 2160 1680 2193 Cicero
1709 2161 1894 2193 accuratius
1926 2161 1955 2203 ς.
1980 2160 2031 2193 46.

141 2209 300 2253 explicat.

228 2264 258 2305 ς.
281 2263 332 2294 45.
376 2264 534 2296 Uoltinia
557 2264 668 2297 tribus
687 2283 730 2288 —
753 2265 924 2308 uenalem)
968 2266 1024 2297 Ex
1046 2266 1242 2298 Laterensis
1272 2266 1454 2306 sententia,
1478 2278 1548 2298 non
1572 2279 1615 2299 ex
1641 2267 1814 2299 Ciceronis
1838 2268 1926 2299 dicta
1948 2278 2029 2307 esse,

139 2313 238 2346 facile
260 2316 482 2357 intellegitur.
574 2348 577 2350 ,

225 2367 322 2407 Quid
343 2370 473 2401 (liceret
497 2375 584 2413 aput
614 2369 858 2411 Uoltiniensis,
895 2376 958 2402 aut
979 2378 1067 2416 aput
1090 2372 1230 2404 tribulis
1253 2385 1332 2405 suos
1355 2372 1512 2405 iudices?
1539 2374 1642 2405 immo
1665 2386 1747 2406 uero
1770 2380 1809 2406 tu
1833 2375 1920 2418 quid
1940 2374 2033 2406 diee-

140 2419 234 2463 res-⁹)
280 2421 366 2452 Cum
390 2423 580 2455 Uoltiniam
605 2423 732 2454 tribum
755 2435 773 2455 a
788 2424 923 2455 Plancio
949 2431 1155 2467 corruptam,
1184 2432 1217 2456 et
1231 2426 1453 2457 Terentinam
1476 2426 1633 2459 habuisse
1656 2439 1734 2459 eum
1757 2429 1913 2459 uenalem
1937 2426 2029 2466 dicis,

1555 2480 1611 2511 29*
