2185 2720
196 187 231 213 si
844 173 1425 204 COMMENTARIUS.

197 253 324 291 babile,
364 250 562 283 Ciceronem
590 248 646 280 hic
669 260 804 291 quoque
827 250 995 282 incumbit
1017 249 1209 293 scripsisse,
1246 246 1448 291 praesertim
1469 257 1547 278 cum
1568 248 1758 282 Arusianus
1779 250 1923 282 Messius
1945 262 1979 294 p.
2004 251 2077 284 582.

201 306 252 337 ed.
277 304 358 336 Mai.
383 304 463 334 haec
487 302 590 333 uerba
613 299 768 332 adferens
791 302 966 335 incumbat
989 303 1122 334 scribat.
1169 302 1204 333 Si
1227 301 1339 344 ipsum
1361 299 1570 343 praebuisset
1593 301 1776 341 incumbit,
1802 303 2015 345 recepissem.

283 358 332 389 Et
358 356 399 388 ab
422 368 477 394 e0,
501 356 560 398 qui
583 355 642 386 hos
674 354 840 394 dimouit,
867 356 988 398 potius
1018 367 1121 398 quam
1143 354 1184 386 ab
1207 355 1270 392 iis,
1301 354 1361 397 qui
1385 353 1420 384 in
1444 358 1477 384 te
1499 352 1612 396 ipsum
1635 353 1880 393 incubuerunt,
1907 361 1938 387 te
1960 356 2084 399 depul-

201 422 275 442 sum
294 408 416 452 putas)
461 405 671 438 Erfurtensis
694 417 757 448 pro
782 407 929 439 dimouit
954 406 1055 438 habet
1077 407 1239 438 demouit.
1264 407 1471 438 GRAEUIUS.
1515 405 1701 437 Lambinus
1724 406 1792 437 iam
1813 406 1948 448 pridem
1969 408 2083 440 clemo-

202 463 254 495 uit
287 471 383 491 more
411 471 471 491 suo
503 458 663 489 ediderat.
709 458 840 490 Tamen
875 465 970 490 caute
1001 459 1168 490 Graeuius
1200 465 1328 490 ceteros
1355 458 1464 489 omnis
1493 457 1614 498 libros,
1650 458 1686 490 in
1711 459 1831 501 quibus
1860 459 1927 490 mei
1950 470 2084 501 quoque

203 520 298 552 sunt,
326 524 394 543 nou
418 512 578 544 deseruit.
624 509 714 542 Uide
735 511 761 541 I.
785 511 863 542 Act.
887 511 924 542 in
947 513 1048 544 Uerr.
1076 522 1123 551 15--
1149 516 1181 540 et
1203 522 1267 553 pro
1293 511 1388 542 Caec.
1416 511 1485 542 15..
1517 510 1778 542 GARATONIUS.
1824 511 1986 552 Reliquas
2012 511 2086 542 etli-

204 572 319 597 torum
341 563 382 594 ad
407 564 440 595 h.
464 564 577 595 locum
601 562 834 593 adnotationes
857 574 1036 606 meamque
1064 562 1105 592 de
1126 573 1226 594 sensu
1249 562 1320 594 eius
1344 563 1546 594 sententiam
1567 563 1647 594 uide
1669 563 1802 607 Proleg.
1824 564 1867 596 L.
1884 564 1945 595 III.
1969 564 2007 596 C.
2022 564 2085 597 IV.

206 617 235 659 §.
261 627 290 648 2.
317 628 351 659 p.
378 616 575 647 LXXXIII
599 626 671 655 sqq.
695 614 896 656 expositam.

244 671 247 673 ’
290 670 320 711 §.
348 668 396 700 18.
442 668 501 699 Set
528 673 641 699 tamen
663 668 758 707 haec)
785 667 979 698 Pronomen
1002 668 1086 699 lzaec
1106 677 1176 697 non
1199 666 1241 697 ad
1264 666 1506 706 antecedentia,
1531 672 1582 698 set
1603 666 1645 698 ad
1667 668 1841 710 sequentia
1861 668 2001 711 generis
2025 679 2088 700 uo-

206 723 273 754 stri
314 721 521 763 amiliaeque
543 717 780 756 referendum,
812 724 845 749 et
867 730 983 750 sensus
1005 719 1060 750 1110
1083 725 1149 750 estz
1183 719 1295 762 prima
1318 719 1380 750 tibi
1402 731 1480 751 cum
1502 719 1639 751 Plancio
1665 721 1835 752 contentio
1859 727 1908 752 est
1929 721 2011 751 haec
2030 731 2090 762 ge-

207 774 298 806 neris
321 772 429 803 nostri
452 771 666 812 familiaeque
690 770 873 801 contentio.

292 826 335 858 In
360 823 560 857 consulatus
581 821 761 865 petitione)
809 821 880 854 Cfr.
904 822 993 854 Plut.
1016 823 1052 854 in
1074 823 1136 854 uit.
1155 823 1225 855 Cic.
1249 835 1276 854 c.
1300 824 1364 855 XI.
1386 821 1497 856 καίτοι
1519 824 1588 856 τῶν
1609 822 1796 866 μετιόντων
1820 823 1839 858 ὅ
1853 823 2008 867 Κικέρων
2024 821 2091 866 μό-

210 891 268 916 νος
295 875 337 920 ἦν
361 879 392 914 ἐξ
415 876 554 908 ἱππικοῦ
569 871 723 916 πατρός,
747 871 788 906 οὗ
809 875 998 917 βουλευτοῦ
1020 872 1176 918 γεγονώς.

300 930 456 973 Utraque
470 927 630 971 familia)
674 927 754 958 Non
780 926 870 957 dixit
889 939 1033 970 genere,
1060 927 1139 970 qula
1159 933 1271 960 totum
1293 939 1396 971 genus
1418 927 1613 960 Laterensis
1634 940 1705 960 non
1728 935 1800 961 erat
1822 928 2018 968 consulare,
2041 933 2093 959 set

212 982 343 1015 familia
366 987 497 1012 tantum
519 979 625 1018 patris
649 979 718 1010 eius
743 985 776 1010 et
798 979 926 1011 matris.

296 1034 368 1074 Qui
390 1032 584 1065 nominibus
608 1032 736 1063 uostris
767 1030 956 1074 ducuntur)
1004 1031 1074 1072 Qui
1096 1032 1297 1074 plurumum
1318 1031 1475 1064 tribuunt
1496 1032 1676 1064 nobilitati.
1720 1033 1877 1066 IVomiaa
1901 1033 1992 1065 enim
2013 1032 2095 1065 lati-

212 1090 263 1120 nis
293 1086 467 1120 nobilitas.
513 1084 582 1116 Cic.
606 1083 648 1114 ad
670 1083 752 1115 Diu.
774 1084 842 1124 111,
869 1083 899 1115 8.
943 1083 1021 1115 Ista
1049 1090 1170 1116 uostra
1199 1085 1339 1117 nomina
1361 1097 1550 1129 numquam
1582 1098 1659 1118 sum
1683 1086 1889 1119 admiratus.
1933 1085 2024 1118 Uide
2044 1085 2094 1117 ibi

213 1147 321 1173 notas.
369 1138 577 1169 Grani-ns.

296 1188 451 1232 Etenim)
487 1187 687 1230 Legendum
715 1195 798 1231 puto
828 1189 880 1222 At
909 1190 1009 1222 enim.
1052 1188 1114 1219 Est
1137 1188 1228 1220 enim
1250 1189 1386 1221 initium
1413 1191 1496 1222 noui
1518 1190 1720 1233 argumenti.
1764 1190 1810 1221 Et
1837 1190 1875 1221 in
1895 1189 1992 1222 libris
2013 1190 2096 1222 haec

215 1246 282 1277 duo
305 1242 478 1275 interdum
505 1247 696 1284 permutata
719 1248 809 1273 sunt.
833 1242 1058 1273 ERNESTIUS.
1102 1240 1352 1273 Alienissumae
1374 1243 1414 1273 ab
1437 1243 1502 1274 1100
1523 1244 1598 1275 1000
1625 1243 1810 1287 particulae
1835 1248 1874 1275 at
1894 1243 1985 1275 enim
2006 1247 2096 1282 sunt,

216 1298 258 1328 de
287 1306 431 1338 quarum
459 1293 702 1336 significatione
731 1294 810 1325 uide
833 1293 948 1325 Haudi
970 1293 1206 1324 Tursellinum
1237 1294 1279 1325 de
1300 1301 1387 1337 part.
1415 1296 1473 1327 lat.
1496 1296 1577 1328 Uol.
1600 1296 1626 1327 I.
1655 1308 1689 1339 p.
1712 1295 1776 1327 444
1805 1307 1900 1337 sqq..
1943 1294 1983 1326 Id
2006 1294 2098 1326 enim

216 1349 285 1380 iam
309 1348 427 1379 Cicero
451 1346 536 1387 agit,
560 1352 614 1385 ut,
639 1358 699 1377 cur
720 1357 843 1389 parum
864 1345 965 1376 multi
987 1346 1072 1385 sint,
1099 1346 1157 1388 qui
1180 1347 1350 1379 nobilitati
1369 1348 1562 1380 Laterensis
1584 1347 1748 1389 fauerint,
1779 1348 1916 1380 uberius
1939 1347 2096 1391 explicet.

220 1401 338 1442 Itaque
360 1398 432 1430 sola
455 1399 580 1431 etenim
602 1398 659 1429 1101
685 1410 766 1430 uam
787 1397 954 1440 particula
978 1397 1058 1428 huic
1080 1398 1154 1430 loco
1179 1400 1348 1431 conuenit.

1006 1486 1034 1519 C
1061 1486 1093 1521 A
1118 1487 1166 1521 P.
1213 1488 1316 1522 VIII.

307 1560 337 1602 ξ.
364 1571 411 1602 19.
457 1560 515 1593 Ex
540 1572 606 1603 quo
630 1558 739 1600 [sunt]
758 1557 959 1602 plurumae)
1002 1558 1157 1590 Uerbum
1182 1564 1266 1591 sunt
1290 1570 1351 1590 cur
1371 1564 1411 1590 ut
1432 1559 1588 1602 spurium
1610 1560 1704 1592 uncis
1726 1559 1939 1600 incluserim,
1972 1557 2102 1590 dictum

222 1613 259 1644 111
280 1612 413 1654 Proleg.
437 1613 480 1644 L.
504 1613 548 1642 II.
573 1612 611 1643 C.
631 1612 656 1642 Ι.
682 1612 712 1651 §.
740 1622 787 1641 11.
812 1618 871 1642 est.
917 1610 1088 1649 Rama-ici,
1125 1610 1161 1641 iu
1184 1612 1400 1653 sequentibus
1424 1618 1474 1644 est
1497 1612 1701 1653 emittentis,
1736 1624 1806 1644 non
1826 1623 1926 1655 posse
1946 1621 2102 1653 maguam

223 1665 459 1696 auctoritatem
483 1675 567 1702 esse,
592 1675 635 1694 ex
658 1663 791 1705 Proleg.
815 1664 856 1694 L.
880 1664 923 1695 II.
949 1664 986 1695 C.
1008 1663 1034 1693 I.
1059 1663 1089 1704 ξ.
1113 1663 1144 1694 4.
1167 1670 1318 1706 apparet.

307 1717 487 1757 quentia)
515 1716 604 1746 Hinc
626 1715 764 1746 uidetur
787 1716 921 1748 Uelleio
944 1715 1119 1746 Paterculo
1145 1715 1211 1747 dici
1232 1718 1283 1749 M.
1306 1717 1491 1749 quentius
1513 1716 1726 1747 Laterensi&
1768 1715 1975 1746 GRAEUIFS.

315 1769 401 1807 Tot,
425 1773 506 1812 quot
528 1780 568 1799 ex
592 1768 735 1810 reliquis
757 1768 958 1811 uzuuicipiis
981 1767 1136 1799 omuibus
1158 1780 1225 1799 uon
1249 1769 1343 1811 sunt)
1368 1769 1454 1800 Cum
1477 1778 1587 1809 neque
1611 1773 1671 1806 tot,
1698 1766 1789 1809 quod
1811 1767 1847 1797 in
1869 1766 1983 1798 codice
2004 1766 2104 1809 prin-

227 1822 301 1864 cipe
324 1821 489 1863 scriptum
513 1820 663 1851 extitisse
688 1825 865 1858 certumst,
909 1830 1019 1860 neque
1043 1825 1140 1862 quot,
1180 1831 1281 1861 quam
1303 1821 1505 1862 scripturam
1533 1831 1551 1850 a
1575 1818 1680 1850 doctis
1705 1830 1788 1850 saec.
1811 1819 1912 1851 XIV.
1938 1819 1995 1850 1101
2018 1819 2103 1851 XV.

227 1873 374 1905 librariis
399 1879 508 1903 ortam
532 1884 602 1904 esse
624 1871 889 1910 manifestuum,
925 1883 945 1901 a
969 1872 1132 1902 Cicerone
1154 1873 1255 1903 scribi
1277 1873 1445 1915 potuerit,
1478 1882 1555 1902 cum
1577 1877 1629 1902 tot
1649 1871 1814 1913 particula
1837 1871 1946 1902 omnis
1969 1877 2106 1903 senten-

227 1927 294 1958 tiae
317 1925 529 1956 cohaerentia
552 1924 713 1962 tollatur,
739 1930 820 1967 quot
842 1930 955 1954 autem
979 1934 1055 1954 cum
1077 1924 1285 1966 superlatiuo
1303 1926 1492 1969 plurumae
1513 1923 1666 1954 minume
1688 1929 1866 1965 congruat,
1899 1923 2038 1966 reposui
2058 1923 2106 1964 id,

231 1977 322 2021 quod
347 1983 380 2008 et
402 1977 513 2008 sensui
536 1976 825 2006 accommodatum
851 1987 921 2007 esse
943 1987 1006 2006 1100
1026 1987 1044 2006 3
1066 1976 1220 2008 codicum
1242 1978 1410 2020 scriptura
1432 1976 1565 2018 longius
1588 1975 1746 2006 recedere
1768 1981 1919 2018 apparet.

313 2030 349 2061 E
367 2029 596 2072 praefectura
619 2028 773 2071 Atinati)
818 2027 1033 2059 Praefectura
1065 2035 1138 2060 erat
1167 2030 1246 2061 urbs
1272 2029 1403 2068 Italiae,
1438 2029 1475 2059 in
1499 2039 1598 2070 quam
1621 2027 1818 2058 mittebatur
1840 2028 1952 2059 Roma
1972 2026 2109 2070 praefe-

231 2089 322 2121 ctus,
368 2081 427 2123 qui
450 2092 523 2111 eam
546 2079 797 2111 administraret
819 2081 1004 2111 secundum
1028 2081 1117 2123 leges
1143 2093 1162 2112 a
1183 2081 1346 2113 Romanis
1367 2081 1606 2123 praescriptas,
1643 2086 1676 2110 et
1700 2079 1757 2121 qui
1778 2079 1829 2110 ius
1851 2079 1888 2110 in
1909 2091 1948 2110 03
1970 2079 2107 2111 diceret.

233 2134 323 2167 Uide
348 2134 462 2174 Sigon.
488 2132 528 2162 de
552 2132 691 2173 antiquo
714 2133 788 2163 iure
811 2133 926 2163 Italiae
949 2134 1012 2172 XI,
1041 2145 1088 2165 10.
1112 2140 1146 2165 et
1167 2145 1257 2175 sqq..
1302 2133 1408 2165 Atina
1429 2144 1513 2163 uero
1537 2137 1587 2163 est
1607 2131 1688 2162 urbs
1711 2131 1916 2165 Uolscorum
1938 2131 1975 2163 in
1995 2130 2108 2170 Latio,

233 2187 270 2217 in
291 2191 408 2217 monte
431 2185 472 2215 ad
498 2184 610 2216 Lirim
632 2185 760 2226 positag
807 2185 1000 2216 etiamnunc
1028 2186 1152 2217 retinet
1180 2186 1357 2228 antiquom
1383 2196 1527 2224 nomen,
1563 2195 1821 2226 nonnumquam
1841 2185 1951 2217 Atino
1974 2183 2108 2215 dicitur.

235 2238 324 2270 L‘ide
348 2238 485 2275 Ctuuer.
512 2236 644 2267 Italiam
669 2237 841 2279 antiquam
863 2239 930 2277 III⁷
964 2238 1015 2270 8..
1053 2239 1260 2269 ὓῐιὰεῖῐῐε.

237 2289 386 2331 Sauigny
411 2288 613 2320 Geschichte
637 2287 693 2319 des
716 2291 803 2319 rom.
828 2290 972 2322 Rechtes
995 2291 1021 2321 I.
1044 2302 1078 2333 p.
1101 2289 1172 2321 40..

332 2342 458 2372 [trum
495 2341 609 2382 magis
636 2340 766 2383 fauere
795 2348 904 2384 putas
934 2343 1094 2375 Atinatis
1127 2355 1172 2374 an
1205 2341 1421 2374 Tusculanos
1451 2341 1572 2384 suis?)
1616 2341 1693 2373 Ait
1726 2339 1997 2372 Tusculanos
2031 2341 2112 2372 mi-

239 2405 317 2425 uus
357 2405 446 2424 esse
491 2392 773 2435 suffragatos
820 2394 1113 2436 municipibus
1155 2395 1268 2433 suis,
1318 2394 1439 2424 uelut
1475 2393 1727 2436 iampridem
1763 2392 2011 2423 huiusmodi
2046 2392 2114 2423 di-

241 2445 412 2488 gnitate
449 2450 688 2483 saturat033
729 2444 838 2477 istos
866 2457 986 2485 uero,
1023 2447 1092 2489 qui
1123 2446 1300 2479 Atinate
1330 2444 1488 2488 oppido
1520 2445 1737 2483 uenirent,
1774 2450 2004 2486 exoptasse
2041 2455 2114 2475 or-

1305 2237 1411 2278 Uide,
1445 2247 1547 2279 quem
1568 2235 1720 2268 Orellius
1742 2236 1811 2267 iam
1833 2235 1980 2267 conferri
2001 2235 2110 2276 iussit,
