2185 2720
131 183 168 211 66
784 171 1360 203 COMMENTARIUS.

132 262 196 294 geu
219 249 280 281 der
302 250 433 281 Romer
462 260 496 291 p.
520 247 561 290 94
582 258 655 289 sqq.
699 246 826 279 Inutile
854 259 957 289 uero,
997 247 1055 278 uel
1082 247 1123 278 ab
1146 247 1211 278 hoc
1233 253 1324 278 certe
1353 246 1429 278 loco
1458 245 1627 288 alienum,
1664 258 1740 291 eos,
1775 250 1834 292 qui
1858 256 2018 283 ‚senatum

133 302 398 344 intellegendum
421 307 557 343 putant,
588 299 748 332 refutare.

224 355 366 394 Tenere)
412 354 614 385 Constanter
651 359 685 384 et
713 359 880 399 perpetuo
910 359 948 384 ut
978 352 1029 384 ius
1060 364 1159 383 sunm
1193 362 1405 383 conseruare.
1437 352 1652 384 VVmsmUs.
1698 352 1770 384 cfr.
1801 354 1871 386 Cic.
1902 355 1943 386 de
1966 356 2019 387 Re

136 421 170 453 p.
193 410 244 446 ΙΙ,
269 409 319 439 52.
346 407 514 448 Quodque
537 411 613 437 erat
635 406 682 436 ad
705 405 923 438 obtinendam
941 406 1136 449 potentiam
1158 403 1327 437 nobilium
1349 405 1407 436 uel
1427 416 1640 442 maxumum,
1668 405 1880 438 uehementer
1906 407 1944 439 id
1966 419 2021 439 re-

138 461 326 497 tinebatur,
350 459 473 502 populi
497 458 635 490 comitia
653 469 696 489 ne
716 463 827 488 essent
845 464 937 496 rata,
960 458 1030 489 nisi
1044 470 1083 489 ea
1096 463 1243 501 patrum
1255 456 1518 499 adprobauisset
1535 458 1738 490 auc-toritas.
1764 463 1797 488 et
1812 457 1890 489 Liu.
1905 459 1933 499 I,
1956 471 2024 502 17..

231 513 277 544 L‘t
301 512 558 554 reprehensores
581 514 691 541 essent
714 510 945 553 comitiorum)
970 511 1017 542 Ut
1040 508 1176 540 comitia
1198 508 1301 539 inrita
1322 507 1483 540 facerent.

229 564 295 596 Uel
317 564 408 606 qnod
429 564 537 594 mullo
561 563 667 594 etiam
689 562 804 593 minus
827 569 913 595 esset
927 561 1130 606 ferendum)
1173 560 1238 592 Ed.
1269 561 1359 592 Iunt.
1387 560 1489 592 habet
1516 560 1574 592 uel
1599 561 1638 592 id
1659 561 1758 604 quod.
1801 562 1847 593 Et
1876 563 2027 605 placeret

139 618 270 659 legere,
295 615 405 646 deleto
430 615 504 653 uel,
534 615 572 646 id
595 614 686 657 quod
707 626 751 645 711.
777 621 859 646 etc..
905 616 963 647 Set
985 626 1054 645 11011
1077 614 1162 644 bene
1186 619 1256 643 tam
1279 611 1434 643 celeriter
1458 613 1496 644 id
1518 618 1603 643 esset
1624 619 1701 654 post
1724 614 1764 645 id
1784 614 1947 646 haberent
1969 614 2026 646 izc-

140 671 251 708 cll'ces3
292 669 349 700 uel
371 665 518 698 refertur
540 666 582 697 ad
605 668 713 698 multo
737 667 843 699 etiam
864 669 997 711 magis,
1028 669 1073 705 [ut
1096 666 1154 697 1(οΖ
1175 678 1335 697 maxume
1358 671 1391 696 et
1412 664 1547 696 similia.
1575 665 1800 697 ERNESTIUS.
1845 666 1949 697 Hunc
1971 677 2026 697 se-

142 722 212 753 cuti
235 726 312 751 sunt
337 719 526 757 Schutzius,
553 718 611 761 qui
634 719 692 750 uel
711 730 850 761 prorsus
875 719 1012 759 deleuit,
1036 724 1070 749 et
1092 716 1269 750 W'olffius.
1314 716 1518 748 Garatonius
1541 716 1588 747 sic
1609 716 1722 748 locum
1745 718 1927 760 explicuit:
1951 723 2028 757 „at-

144 785 209 816 que
231 772 315 803 adeo
339 771 465 802 iudices
488 771 523 801 id
546 772 729 811 haberent,
754 771 845 813 quod
867 772 976 802 multo
1002 770 1103 801 etiam
1125 769 1238 800 minus
1263 775 1312 801 est
1334 768 1524 807 ferendum,
1549 780 1650 810 quam
1674 770 1763 811 quod
1788 770 1870 801 olim
1893 775 2027 802 senatus

142 832 258 858 tenere
280 835 350 854 non
375 824 530 866 potuit.“
575 824 645 866 Qui
668 836 736 855 una
759 835 835 854 cum
859 825 927 855 illis
950 823 987 854 in
1010 834 1050 853 eo
1075 821 1219 860 errauit,
1253 821 1345 863 quod
1367 821 1493 858 uerba,
1525 832 1610 862 quae
1632 821 1868 864 adposuimus,
1898 822 1940 853 ad
1965 833 2029 852 au-

143 877 332 910 tecedentia
355 876 527 918 pertinere
550 876 684 915 statuit,
709 882 810 918 atque
832 877 891 908 uel
910 874 1095 918 particulae
1118 873 1343 915 significatum
1365 873 1499 912 tribuit,
1525 885 1626 915 quem
1648 881 1791 917 propter
1814 886 1902 914 eum,
1926 884 2029 915 quem

145 936 295 972 occupat,
319 929 432 959 locum
455 930 579 960 habere
601 940 669 959 uon
692 935 815 971 potest.
858 929 963 960 Recte
986 933 1099 958 autem
1122 925 1308 957 Huldricus
1332 931 1365 956 et
1388 926 1539 958 Orellius
1561 926 1602 957 ad
1627 927 1800 968 sequentia
1822 927 1904 958 haec
1925 925 2031 957 uerba

146 981 326 1015 referenda
348 988 574 1020 monuerunt,
610 981 657 1012 ita
679 981 833 1024 quidem,
873 987 912 1012 ut
936 980 977 1011 ad
1002 981 1059 1012 uel
1080 978 1309 1022 supplendum
1339 978 1382 1009 sit
1404 979 1443 1010 id
1465 979 1629 1011 haberent
1654 981 1795 1013 iudices.
1839 980 1917 1011 Hoc
1939 977 2031 1009 enim

147 1035 229 1066 dicit
254 1034 389 1064 Cicero:
418 1033 453 1064 Si
477 1034 522 1064 ita
546 1041 647 1074 esset,
673 1040 712 1065 ut
733 1046 753 1065 a
775 1033 941 1064 iudicibus
965 1031 1209 1074 condempnari
1231 1036 1360 1072 posset,
1386 1041 1486 1072 quem
1509 1033 1656 1073 populus
1682 1045 1751 1063 11011
1773 1038 1864 1064 recte
1887 1031 2031 1071 fecisset,

147 1087 311 1119 habereut
334 1085 460 1117 iudices
485 1086 653 1128 (homines
675 1087 784 1118 multo
809 1085 1007 1128 deteriores)
1031 1084 1082 1115 ius
1106 1084 1293 1123 eiusmodi,
1321 1082 1412 1126 quod
1434 1089 1547 1125 patres
1572 1083 1740 1125 (homines
1761 1085 1871 1116 multo
1894 1083 2034 1126 grauio-

146 1140 215 1179 res)
241 1138 323 1168 olim
347 1143 462 1168 tenere
486 1150 554 1170 non
575 1145 780 1182 potuerunt,
821 1145 860 1169 ut
882 1138 985 1169 inrita
1008 1136 1158 1167 facerent
1186 1136 1341 1175 comitia,
1384 1135 1441 1166 uel
1468 1135 1631 1167 haberent
1661 1137 1762 1167 etiam
1792 1136 1900 1167 maius
1928 1135 2033 1177 idque

148 1191 257 1223 multo
281 1190 392 1220 minus
415 1189 612 1231 serendum,
636 1204 713 1222 cum
736 1192 834 1231 olim,
859 1191 913 1222 cui
935 1189 1082 1233 populus
1103 1189 1270 1220 detulerat
1291 1188 1543 1231 magistratum,
1576 1187 1604 1219 is
1626 1200 1644 1219 a
1666 1189 1837 1231 patribus,
1867 1187 1896 1219 si
1917 1193 2036 1219 aucto-

149 1256 203 1276 res
227 1254 296 1273 non
320 1248 416 1273 eraut
439 1241 535 1283 sacti,
574 1256 690 1286 gerere
715 1243 951 1275 tantummodo
980 1242 1214 1284 magistratum
1245 1241 1501 1283 prohiberetur,
1539 1251 1630 1271 nunc
1658 1247 1773 1272 autem
1801 1252 1871 1272 non
1902 1247 2035 1272 tantum

150 1302 189 1327 ut
213 1307 282 1327 non
305 1301 398 1336 gerat
421 1302 470 1326 set
497 1297 598 1327 etiam
619 1297 702 1327 exili
724 1307 834 1339 poena
856 1302 894 1327 ut
916 1294 1110 1333 adficiatur,
1134 1305 1153 1324 a
1175 1293 1340 1324 iudicibus
1364 1293 1567 1335 postuletur.

238 1349 343 1380 Esset
361 1346 566 1389 serendum)
592 1349 720 1391 Recepi
742 1349 828 1379 hanc
852 1348 1070 1390 scripturam,
1100 1353 1174 1377 tum
1197 1345 1287 1388 quod
1312 1352 1531 1388 optumorum
1555 1345 1710 1377 codicum
1732 1345 1932 1377 auctoritate
1953 1345 2038 1377 niti-

152 1409 226 1440 tur,
270 1406 343 1430 tuin
374 1400 464 1441 quod
494 1412 512 1431 a
534 1401 699 1432 sententia
725 1401 791 1431 loci
814 1412 883 1431 11011
905 1401 1061 1438 alienast,
1103 1410 1306 1440 quamquam
1334 1399 1439 1430 altera
1468 1398 1567 1429 lectio
1581 1398 1775 1442 ferendmn
1803 1404 1854 1430 est
1883 1398 2038 1429 minume

153 1466 230 1485 cum
255 1452 413 1484 Ernestio
443 1458 475 1483 et
500 1453 686 1484 Garatoni-2
718 1460 835 1484 contra
863 1453 1065 1484 latinitatem
1097 1462 1167 1481 esse
1195 1451 1386 1493 putandast.
1432 1450 1528 1492 Quae
1556 1451 1585 1481 si
1607 1451 1832 1492 reciperetur,
1868 1451 1924 1482 1110
1952 1455 2039 1482 esset

153 1518 288 1539 sensus:
320 1505 347 1535 si
371 1505 497 1536 iudices
521 1506 769 1548 condempnare
793 1511 951 1548 possent,
983 1515 1085 1546 quem
1107 1504 1254 1546 populus
1277 1516 1347 1535 11011
1369 1510 1460 1535 recte
1485 1503 1629 1542 creauit,
1661 1503 1823 1534 haberent
1845 1503 1915 1543 ius,
1947 1502 2040 1545 quod

154 1558 246 1590 serre
269 1569 337 1588 non
362 1568 552 1599 possumus.
596 1559 698 1589 Nunc
720 1559 785 1589 hoc
808 1557 906 1588 dicit:
937 1556 966 1587 si
988 1556 1114 1587 iudices
1138 1556 1389 1598 condempnare
1412 1562 1564 1598 possent,
1597 1567 1697 1597 quem
1719 1556 1867 1598 populus
1890 1568 1960 1601 non
1982 1568 2041 1589 re-

156 1618 208 1644 cte
232 1610 375 1647 creauit,
400 1609 563 1640 haberent
585 1610 654 1649 ius,
682 1610 773 1652 quod
796 1609 887 1640 ferre
909 1621 978 1640 non
1001 1620 1191 1651 possemus,
1215 1608 1243 1639 si
1267 1609 1340 1649 quis
1364 1608 1585 1639 tribuendum
1607 1608 1647 1639 iis
1670 1614 1832 1639 censeret.

243 1664 335 1695 Eius
361 1662 478 1705 exilio)
525 1663 709 1704 Dampuati
733 1663 824 1692 enim
849 1662 889 1692 de
912 1661 1039 1691 ambitu
1064 1672 1173 1703 poena
1196 1661 1270 1702 lege
1293 1661 1407 1691 Tullia
1433 1661 1575 1691 exilium
1599 1666 1680 1691 erat.
1726 1661 1899 1692 SYLUIUS.

243 1716 420 1747 Iudicium
445 1715 570 1757 populi
597 1716 750 1746 Romani
779 1712 1050 1758 reprehendatis)
1098 1714 1185 1744 Cum
1214 1713 1357 1743 uerbum
1389 1713 1543 1744 Romani
1575 1712 1610 1743 in
1639 1712 1808 1744 codicibus
1837 1712 2043 1755 plerumque

158 1781 226 1801 una
255 1767 369 1798 littera
393 1779 412 1798 7·
443 1767 544 1798 scribi
572 1768 693 1806 soleat,
729 1778 834 1809 eaque
857 1767 970 1796 littera
993 1778 1011 1796 e
1034 1765 1189 1807 sequenti
1211 1765 1316 1796 uerbo
1346 1766 1478 1808 νην-671.
1501 1765 1672 1795 facillume
1695 1764 1778 1795 oriri
1802 1764 1857 1795 hic
1879 1766 2042 1806 potuerit,

159 1822 225 1853 erit
251 1819 391 1850 sortasse
415 1820 473 1861 qui
497 1819 685 1849 eiciendum
707 1820 851 1850 uerbum
875 1819 953 1850 illut
975 1824 1107 1855 statuat,
1135 1824 1172 1849 ut
1196 1817 1287 1859 quod
1308 1829 1377 1848 11011
1401 1817 1521 1848 inutile
1546 1823 1688 1856 tantum,
1712 1823 1762 1848 set
1788 1816 1888 1848 etiam
1912 1817 2046 1849 incom-

159 1873 301 1905 modum
324 1873 436 1903 sensui
458 1873 523 1903 hoc
546 1873 619 1902 loco
643 1870 753 1901 uideri
774 1871 892 1913 pos-sit.
923 1872 1029 1902 Recte
1054 1870 1144 1901 0111111
1167 1870 1300 1901 1110111111
1320 1869 1496 1901 Schulzius
1518 1869 1553 1900 in
1576 1870 1663 1900 libro
1685 1869 1787 1911 paulo
1809 1875 1886 1900 ante
1908 1870 2044 1902 laudato

160 1938 196 1970 p.
221 1926 239 1957 3
257 1943 297 1948 —
314 1936 380 1963 120,
415 1926 537 1968 populi
560 1924 712 1956 Romam·
735 1925 874 1955 nomine
898 1924 1007 1954 omnis
1033 1922 1172 1953 omnino
1196 1922 1446 1964 conprehendi,
1485 1922 1542 1964 qui
1565 1922 1736 1952 ciuitatem
1759 1922 1949 1953 Romanam
1973 1923 2047 1954 effi-

163 1979 273 2015 ciant,
305 1977 451 2018 simplici
478 1983 592 2008 autem
614 1977 741 2020 populi
772 1976 910 2007 nomine
934 1974 1131 2006 inferiorem
1155 1974 1282 2005 ciuium
1305 1981 1454 2018 partem,
1491 1975 1682 2016 oppositam
1713 1975 1843 2006 senatui
1866 1976 1923 2006 uel
1946 1976 2048 2008 etiam

164 2029 352 2072 equitibus,
394 2028 600 2069 omninoque
625 2040 698 2059 eam
720 2028 901 2070 significari
923 2027 1194 2065 multitudinem,
1232 2027 1267 2058 in
1292 2039 1356 2069 qua
1379 2038 1440 2058 nec
1462 2027 1640 2058 consilium
1663 2027 1723 2066 sit,
1760 2039 1822 2058 1100
1843 2028 1946 2068 ratio,
1985 2036 2048 2059 nec

165 2082 363 2118 discrimen,
402 2092 463 2111 nec
495 2080 679 2122 diligentia.
726 2081 843 2122 Itaque
872 2081 908 2111 111
942 2087 1013 2111 toto
1041 2079 1141 2110 huius
1173 2080 1334 2111 orationis
1364 2079 1463 2110 initio
1491 2090 1511 2109 a
1533 2090 1560 2110 e.
1585 2080 1614 2111 5.
1646 2081 1675 2121 ς.
1700 2092 1729 2122 7.
1760 2092 1868 2122 usque
1897 2080 1938 2112 ad
1964 2092 1991 2112 c.
2015 2092 2046 2123 7.
2067 2111 2077 2117 ,

166 2136 197 2177 ς.
225 2146 293 2175 ip,
331 2133 366 2163 in
389 2144 455 2174 quo
481 2132 521 2163 de
547 2133 693 2175 inperita
717 2133 843 2163 ciuium
866 2132 1103 2170 multitudine,
1135 2143 1218 2173 quae
1243 2131 1413 2173 dignitatis
1434 2131 1539 2163 iudex
1563 2144 1633 2163 esse
1656 2145 1725 2164 non
1747 2133 1873 2175 possit,
1907 2132 2049 2175 exponit

168 2187 307 2224 Cicero,
341 2196 474 2227 semper
496 2185 607 2216 solum
629 2187 754 2228 populi
782 2197 905 2215 nomen
929 2184 1060 2227 posuit,
1097 2189 1239 2225 excepto
1263 2185 1327 2216 hoc
1352 2185 1424 2226 ipso
1455 2184 1549 2223 loco,
1589 2185 1629 2216 de
1654 2197 1720 2226 quo
1743 2186 1871 2227 agitur,
1910 2191 1942 2215 et
1964 2196 1992 2216 c.
2015 2185 2047 2216 5.

169 2240 200 2280 ς.
228 2238 275 2269 13.
301 2237 360 2267 ubi
385 2237 481 2268 dicit:
514 2238 588 2275 sin,
612 2239 703 2280 qnod
724 2238 837 2279 magis
861 2238 1045 2280 intellego,
1076 2236 1284 2279 temporibus
1309 2242 1340 2268 te
1362 2237 1445 2267 all'I's
1468 2239 1675 2277 reservasti,
1705 2250 1767 2281 ego
1790 2239 1886 2276 item,
1916 2237 2048 2280 inquiet

170 2303 248 2335 pop
260 2304 279 2321 ιι
293 2291 333 2320 lu
346 2302 360 2320 s
382 2291 483 2321 Rom
492 2303 511 2321 α
521 2302 541 2321 n
555 2302 623 2328 us,
662 2290 709 2320 ad
731 2302 770 2320 ea
796 2295 828 2320 te
850 2296 1005 2332 tempora
1027 2290 1207 2327 reum-azzi,
1237 2290 1284 2320 ad
1308 2301 1394 2332 quae
1418 2295 1455 2320 tu
1480 2295 1511 2320 te
1533 2291 1605 2332 ipse
1627 2303 1799 2322 seruaret-s,
1841 2290 1958 2330 Atque
1984 2301 2050 2321 no-

171 2348 241 2374 stro
273 2341 410 2382 quidem
438 2342 512 2372 loco
544 2342 601 2372 uel
629 2348 809 2383 propterea
838 2342 928 2372 solus
958 2341 1130 2371 uidebitur
1149 2342 1300 2384 populus
1322 2342 1570 2372 conmemorari
1594 2342 1764 2381 debuisse,
1804 2341 1892 2383 quod
1925 2341 2050 2373 diserte

173 2393 360 2436 opponitur
384 2394 574 2433 iudicibus,
617 2405 693 2423 cun]
716 2392 854 2423 nomine
871 2394 998 2436 populi
1021 2395 1173 2425 Romani
1195 2404 1237 2424 ex
1262 2393 1324 2423 ista
1347 2394 1481 2424 Schulzi
1505 2394 1669 2424 sententia
1692 2395 1821 2424 iudices
1845 2393 1945 2424 etiam
1967 2405 2051 2424 con-

173 2445 276 2477 tineri
307 2456 440 2476 necesse
472 2446 525 2476 sit.
572 2446 621 2477 At
644 2456 681 2475 ea
705 2456 774 2475 non
798 2451 847 2476 est
870 2445 956 2476 iusta
979 2457 1101 2477 caussa.
1147 2446 1398 2488 Saepenumero
1429 2445 1518 2476 enim
1543 2446 1672 2477 iudices
1701 2451 1733 2475 et
1756 2452 1894 2477 senatus
1922 2446 2050 2489 populo
