2185 2720
115 147 210 177 LXII
789 140 1320 174 PROLEGOMENA.

189 220 368 250 Uerissmne
396 218 582 248 Garatonius
610 217 748 247 omnium
780 218 923 247 codicum
951 218 1061 247 menda
1093 227 1150 256 pro
1183 217 1302 249 inscio,
1341 214 1425 252 quod
1458 214 1491 243 in
1525 221 1652 254 optumo
1680 218 1829 247 Eunai-ico
1856 217 1988 257 aliisque

115 269 206 297 libris
227 273 289 304 est,
318 268 410 297 unice
429 268 531 296 facere
551 265 644 303 dicit3
672 266 743 295 uide
763 272 941 305 apparatum
961 265 1114 294 criticum.
1153 263 1264 301 Neque
1284 262 1349 290 ulla
1369 262 1635 299 coniecturarum,
1655 275 1730 302 quae
1749 266 1888 304 prolatae
1907 270 1990 300 sunt,

116 315 287 344 tolerabilis
308 320 367 350 cst,
387 315 419 342 id
439 314 522 353 quod
540 314 683 353 pluribus
703 313 814 342 docere
834 314 984 342 inutilest.
1023 312 1143 340 Uerum
1163 310 1264 349 ipsum
1283 310 1356 338 illut
1375 311 1473 338 inscio
1492 309 1583 347 longe
1603 310 1847 349 ineptissumum,
1867 317 1899 341 et
1918 312 1989 350 qui·-

117 363 184 391 dem
205 363 320 391 duabus
341 362 378 390 de
397 361 520 390 caussis.
558 362 698 391 Primum
717 362 776 389 etsi
795 361 897 399 aliqua
916 360 1038 389 ratione
1058 361 1192 397 ignarus
1214 362 1246 386 et
1272 358 1389 385 inscius
1410 356 1573 393 differunt,
1602 358 1855 396 quemadmodum
1875 360 1990 388 uerbo-

116 421 185 439 rum
204 411 324 437 nouisse
343 408 395 437 uel
414 411 554 446 peritum
574 419 636 437 esse
656 413 686 436 et
713 410 791 436 scire
819 408 965 446 quaedam
986 406 1203 441 differentiam,
1239 409 1339 433 tamen
1359 409 1469 442 sponte
1489 410 1589 442 patet,
1617 405 1793 434 istiusmodi
1813 407 1991 435 discrimine

117 467 178 485 non
198 456 336 494 potuisse
356 454 416 483 hoc
436 456 505 484 loco
525 456 650 484 nomina
676 455 729 483 illa
749 456 910 494 usurpari,
944 455 977 483 in
998 465 1057 493 quo
1078 454 1111 481 id
1130 463 1225 481 unum
1245 452 1314 480 uolt
1335 452 1445 480 Cicero
1466 452 1704 481 acerbissumum
1725 463 1790 481 esse
1811 453 1937 489 docere,
1963 454 1991 481 si

117 505 272 540 repentini
291 503 408 532 iudices
428 503 513 542 iique
532 502 635 541 iniqui
653 512 707 530 reo
728 503 764 530 ab
785 508 960 531 accusatore
983 501 1220 530 constituantur.
1260 499 1386 528 Deinde
1407 509 1481 527 uero
1502 499 1622 527 etiamsi
1641 502 1752 538 ignaro
1772 506 1803 529 et
1823 502 1936 536 inscio,
1956 505 1991 529 ut

116 562 132 579 a
153 561 184 579 se
206 550 344 586 diuersa,
364 550 512 588 coniungi
532 550 583 578 hic
602 549 793 588 potuissent,
822 553 925 576 tamen
944 548 1004 577 hoc
1028 548 1097 576 fieri
1117 547 1204 575 nullo
1225 552 1316 585 pacto
1337 546 1457 585 potuit,
1484 550 1520 574 ut
1538 545 1724 585 interposito
1744 548 1840 576 uerbo
1868 549 1992 584 necopi-

117 604 212 626 nanle
231 608 247 626 a
266 607 298 626 se
319 597 568 635 diiungerentur.
608 596 688 624 Nam
709 596 776 634 quis
796 595 889 623 homo
910 596 1068 630 eruditus,
1101 594 1155 622 ubi
1183 594 1300 622 dixerit
1328 603 1359 622 se
1387 603 1450 621 non
1478 593 1603 621 nouisse
1629 594 1763 632 aliquid,
1796 594 1932 632 adeoque
1952 603 1993 621 ne

116 644 266 683 suspicari
286 645 426 683 quidem,
457 643 653 683 postmodmn
673 643 765 671 addet
784 652 815 670 se
835 652 899 670 non
926 643 1028 672 scire'?
1063 642 1170 680 Itaque
1196 640 1259 669 1100
1288 641 1529 676 manifestumst,
1562 651 1578 668 a
1599 640 1706 669 Tullio
1726 652 1790 669 non
1810 651 1875 670 esse
1894 642 1991 670 inscio

116 692 273 730 scriptum.
313 692 423 730 Neque
444 702 518 720 uero
540 691 668 729 glossam
687 690 762 718 licet
781 689 982 726 existumare,
1003 700 1079 728 quae
1100 699 1192 727 super
1213 690 1326 726 ignaro
1346 688 1447 727 posita
1468 692 1499 716 et
1519 688 1619 715 alieno
1640 688 1709 716 loco
1731 689 1825 717 inlata
1843 688 1900 717 sit:
1920 698 1991 717 nam

117 749 186 767 cum
206 739 392 767 adiectiuom
411 741 544 777 ignarus
564 739 661 767 multo
682 737 874 776 frequentius
896 747 985 775 quam
1013 738 1130 765 inscius
1149 741 1332 774 usurpatum
1353 735 1410 770 sit,
1437 744 1500 762 non
1520 739 1623 772 potest
1641 735 1667 763 is
1687 735 1778 764 fidem
1797 740 1871 774 aput
1888 735 1992 763 homi-

117 796 170 814 nes
188 786 294 814 doctos
313 786 466 822 inuenire,
485 786 539 825 qui
559 786 743 815 uocabulum
763 785 1006 814 usitatissumum
1025 783 1176 811 uocabulo
1197 782 1358 817 eiusmodi,
1379 781 1461 820 quod
1480 781 1579 809 rarius
1599 787 1818 820 usurpatumst,
1837 783 1873 811 ab
1893 783 1994 812 inter-

116 839 205 872 prete
226 834 423 872 explanatum
444 834 525 862 dicat
545 843 619 862 esse.
658 833 819 861 Postremo
840 832 984 860 mendum
1004 830 1203 858 librariorum
1225 840 1288 858 esse
1310 828 1540 864 incredibilem,
1562 838 1630 856 cum
1650 828 1750 864 nihil,
1770 829 1852 867 quod
1871 840 1993 859 accom-

117 881 273 909 modatum
299 881 372 910 huic
392 881 462 909 loco
482 881 538 917 sit,
568 880 640 908 elici
660 889 749 918 posse
769 879 920 908 uideatur.
961 878 1080 906 Contra
1104 877 1240 905 minume
1268 876 1402 904 alienum
1423 876 1459 903 ab
1480 875 1662 913 interpretis
1683 875 1764 911 eius,
1784 886 1874 914 quem
1893 881 1994 906 totum

118 927 177 956 hoc
197 928 367 956 membrum
387 928 538 957 addidisse
555 927 704 966 suspicor,
724 926 888 964 ingeniost,
909 925 1023 964 quippe
1045 934 1134 962 quem
1154 924 1214 952 alia
1234 924 1326 952 etiam
1346 922 1505 961 scripsisse
1526 921 1710 957 uidebimus,
1731 924 1993 960 quaeaTulliano

119 974 242 1003 dicendi
264 986 375 1013 genere
394 977 583 1015 aliquantum
602 975 755 1004 recedant.
783 974 812 1002 Is
833 973 925 1009 enim,
946 973 999 1011 qui
1019 977 1065 1000 est
1084 982 1148 1000 mos
1168 971 1393 1008 magistrorum,
1412 970 1458 999 rei
1479 969 1678 1007 explicandae
1699 979 1801 998 caussa
1820 971 1910 1009 plura
1928 972 1996 1001 sine

120 1022 298 1051 discrimine
319 1025 487 1054 cumulasse
513 1023 608 1053 uerba
634 1022 703 1050 iure
729 1020 822 1049 statui
841 1025 953 1058 potest.
992 1020 1139 1056 Accedit,
1162 1018 1260 1057 quod,
1280 1018 1342 1046 nisi
1362 1018 1481 1056 egregie
1502 1017 1609 1052 fallor,
1629 1016 1721 1045 huius
1741 1017 1838 1055 ipsius
1856 1019 1995 1057 potissu-

123 1081 215 1107 mum,
237 1082 313 1110 quae
333 1073 437 1101 uerbis
457 1083 504 1100 me
523 1073 635 1109 ignaro
655 1084 693 1091 —
714 1071 812 1097 inscio
833 1069 946 1104 subest,
966 1068 1121 1097 addendae
1141 1066 1312 1096 sententiae
1333 1076 1437 1094 caussa
1456 1069 1556 1093 totum
1576 1064 1652 1092 istut
1669 1064 1840 1094 membrum
1859 1076 1876 1095 a
1895 1076 1996 1104 gram-

120 1119 232 1148 matico
253 1120 444 1149 adiectumst.
484 1119 547 1155 Qui
567 1128 635 1146 cum
655 1116 805 1155 scriptum
824 1115 1029 1154 repperisset:

199 1169 244 1196 Ta
264 1169 384 1206 deligas
404 1179 440 1196 ex
462 1168 545 1196 omni
561 1165 675 1203 populo
695 1170 751 1192 aut
772 1166 887 1192 amicos
907 1170 991 1196 tuos,
1018 1168 1074 1190 ant
1095 1163 1235 1191 inimicos
1255 1172 1334 1190 meos
1342 1184 1351 1199 ,
1372 1165 1429 1189 aut
1449 1160 1580 1197 denique
1600 1169 1665 1192 003,
1695 1169 1769 1197 quos
1788 1159 1996 1195 inexorabilis,

119 1224 194 1253 quos
214 1215 416 1251 inhumanos,
437 1225 510 1253 quos
529 1213 663 1242 erudeli-s-
683 1213 846 1239 existumas
855 1221 867 1245 ;
893 1210 1004 1239 deinde
1024 1209 1176 1247 eaefimdas
1196 1214 1338 1246 repente,
1365 1214 1401 1236 ut
1421 1213 1493 1235 ante
1513 1216 1685 1235 consessum
1702 1217 1839 1235 meorum
1856 1206 1997 1236 iudicum.

121 1262 246 1290 uideam
252 1282 262 1295 ,
283 1273 377 1299 quam
391 1263 562 1299 potuerim,
584 1261 638 1297 qui
658 1264 755 1287 essent
767 1257 897 1295 futuri,
917 1257 1092 1294 suspicari;
1111 1262 1189 1292 aput
1210 1261 1277 1284 etc..

120 1319 184 1336 non
203 1313 326 1347 poterat
343 1319 407 1337 non
434 1309 632 1345 intellegere,
660 1315 729 1334 eum
756 1315 773 1332 a
794 1304 900 1332 Tullio
929 1303 1066 1332 iudicum
1095 1302 1249 1331 delectum
1276 1301 1460 1340 significari,
1488 1300 1542 1339 qui
1569 1302 1718 1330 insciente
1737 1312 1788 1331 reo
1807 1301 1869 1330 fiat.
1906 1300 1944 1330 Id
1961 1308 1998 1332 ut

122 1356 189 1394 ipse
209 1355 380 1394 explicaret
399 1355 558 1394 discipulis
578 1354 659 1389 suis,
679 1353 712 1381 in
733 1362 791 1391 qua
810 1362 844 1380 re
864 1352 957 1389 magis
978 1350 1108 1378 debebat
1129 1349 1303 1384 elaborare,
1325 1359 1414 1387 quam
1433 1353 1469 1376 ut
1489 1348 1642 1376 delectum
1662 1348 1752 1377 illum
1770 1348 1863 1377 talem
1883 1348 1997 1378 debere

122 1403 277 1440 intellegi,
298 1403 351 1441 qui
370 1403 522 1431 insciente
542 1413 596 1431 reo
617 1401 722 1436 fieret,
750 1400 931 1428 adnotaret?
964 1398 1063 1426 Simul
1083 1396 1165 1434 quod
1187 1396 1312 1424 Tullius
1333 1395 1453 1424 duobus
1474 1395 1596 1423 dixerat
1615 1395 1778 1431 membris,
1808 1397 1855 1424 Τιι
1875 1396 1997 1434 deligas

121 1465 159 1472 —-
178 1451 340 1478 exi-§tumes
360 1455 392 1478 et
411 1450 520 1478 deinde
540 1448 691 1487 eqfimdas
709 1462 748 1467 —-
767 1448 921 1484 suspicari
939 1456 1001 1474 uno
1022 1443 1250 1483 conprehendit
1269 1442 1338 1478 hoe,
1363 1443 1410 1470 Τιι
1430 1453 1476 1470 me
1496 1444 1607 1479 ignaro
1626 1457 1664 1462 —
1683 1445 1814 1480 iniquos.
1851 1443 1951 1483 Atqui
1970 1445 1996 1473 si

124 1496 234 1525 Cicero
255 1497 350 1524 uerba
370 1497 427 1525 ista
446 1507 492 1525 me
512 1498 624 1534 ignaro
645 1510 683 1516 -
702 1495 814 1529 inscio,
843 1493 909 1521 siue
934 1492 1040 1531 potius
1066 1492 1164 1520 uerba
1191 1490 1369 1519 istiusmodi
1395 1488 1567 1518 sententiae
1594 1493 1664 1517 ante
1692 1490 1811 1527 deligas
1835 1491 1998 1528 posuisset,

124 1543 192 1581 quis
219 1547 266 1571 est
292 1544 367 1581 quin
395 1544 516 1580 uideat,
557 1552 684 1582 prorsus
718 1540 860 1568 inutilem
903 1550 943 1568 ne
970 1540 1067 1567 dicam
1095 1539 1232 1577 ineptam
1260 1538 1466 1567 adiectionem
1494 1535 1677 1572 uerborum,
1713 1536 1823 1565 deinde
1849 1537 2002 1575 eqfunclas

124 1596 263 1628 repente,
289 1597 325 1618 ut
354 1598 427 1620 ante
454 1601 624 1619 consessum
652 1599 786 1617 meorum
813 1588 953 1616 iudicum
979 1587 1118 1621 uideam,
1151 1597 1246 1624 qaam
1265 1587 1441 1623 potuerim,
1475 1585 1529 1622 qui
1554 1589 1653 1612 essent
1671 1583 1801 1621 futuri,
1834 1587 2002 1624 suspicari,

124 1639 258 1667 futuram
277 1637 395 1666 fuisse?
416 1638 486 1675 Quo
506 1637 601 1675 magis
621 1646 703 1664 nunc
722 1635 849 1663 molesta
869 1634 964 1662 uerba
987 1635 1033 1661 Τα
1053 1644 1100 1661 me
1119 1635 1233 1671 ignaro
1249 1649 1286 1654 —
1303 1631 1445 1661 omnibus
1465 1632 1587 1667 iniquos
1606 1635 1693 1665 sunt,
1721 1640 1797 1668 quae
1816 1640 1880 1660 11011
1899 1634 1999 1664 solum

125 1686 255 1720 saciant,
286 1690 321 1713 111
340 1685 501 1723 sequentia
519 1684 645 1712 inutilia
666 1683 726 1711 siut
746 1682 923 1719 nullamque
944 1680 1078 1709 orationi
1104 1680 1169 1708 uim
1196 1680 1325 1715 addant,
1353 1678 1463 1707 uerum
1484 1677 1577 1705 etiam
1596 1676 1722 1704 candem
1742 1680 1789 1704 set
1808 1686 1873 1707 eam
1892 1679 2000 1721 inepte

126 1732 314 1761 enuntiatam
334 1733 518 1761 sententiam
539 1731 731 1763 contineant,
752 1740 827 1768 quae
848 1734 918 1768 apte
938 1727 1190 1756 antecedentibus
1210 1727 1382 1755 indicatast.

200 1779 304 1807 tenio
322 1789 405 1808 nunc
425 1779 462 1808 ad
481 1779 611 1808 uerbum
630 1784 714 1806 notes
723 1797 732 1810 ‚
761 1777 797 1805 de
819 1787 878 1814 quo
898 1776 981 1804 solus
1000 1775 1160 1804 Manutius
1180 1775 1317 1810 monuit,
1350 1773 1404 1812 qui
1425 1773 1544 1810 deligas
1563 1771 1714 1809 explicat,
1740 1775 1898 1809 praeterea
1918 1776 1999 1806 nihil

126 1828 163 1856 ad
182 1827 213 1855 h.
234 1827 339 1859 locum
355 1827 512 1855 adnotans.
551 1826 670 1854 Eodem
689 1825 755 1854 fere
775 1823 866 1852 modo
887 1824 1075 1851 notationem
1095 1821 1128 1850 in
1139 1822 1202 1850 Cic.
1221 1821 1359 1860 Philipp.
1380 1821 1422 1858 V,
1442 1821 1470 1857 5,
1494 1821 1534 1850 13.
1558 1817 1739 1858 explicauit.
1777 1817 1935 1858 Loquitur
1954 1823 1998 1853 ibi

130 1876 241 1912 Cicero
262 1875 299 1903 (10
319 1875 386 1912 lege
405 1874 583 1910 iudiciaria,
604 1884 693 1912 quam
714 1871 823 1901 tulerit
841 1870 1014 1905 Antonius,
1034 1869 1222 1907 scribitque:

200 1923 246 1950 At
266 1923 316 1950 ille
335 1922 410 1959 legit
430 1922 597 1957 aleatores,
624 1922 701 1958 legit
722 1919 840 1953 exules,
876 1918 950 1955 legit
971 1917 1122 1945 Graecos.-
1157 1928 1173 1945 ο
1193 1926 1366 1945 consessum
1386 1916 1526 1944 iudicum
1540 1915 1755 1952 praeclarum,
1781 1925 1797 1942 ο
1818 1914 2004 1953 (lignitatem

128 1971 237 2000 consili
255 1969 496 1997 admirandam!
527 1974 600 1998 anet
620 1969 744 1996 animus
764 1971 840 2003 aput
862 1965 1026 1993 eonsilium
1053 1960 1126 1993 illut
1148 1975 1207 2002 pro
1237 1974 1287 1993 reo
1314 1964 1434 1992 dicere:
1470 1963 1585 2001 Cydam
1606 1962 1792 1995 Cretensem,
1821 1968 2004 1999 portentum

130 2018 268 2053 insulae,
289 2015 441 2044 hominem
461 2015 713 2044 auclaeissummn
734 2019 762 2042 et
777 2012 1041 2050 perclittssumum,
1081 2013 1133 2040 Set
1151 2011 1213 2050 fac
1234 2013 1281 2040 ita
1301 2021 1362 2038 non
1382 2021 1463 2043 esse,
1490 2020 1565 2038 num
1583 2010 1682 2038 latine
1701 2009 1785 2038 scit?
1811 2019 1885 2037 unm
1906 2018 1950 2039 est
1968 2024 2005 2042 ex

129 2068 167 2093 ιἰι
179 2064 312 2092 <licum
336 2073 485 2100 genere
512 2069 547 2090 et
567 2060 731 2100 forma?
758 2071 834 2087 num
853 2060 933 2096 leges
960 2065 1083 2087 nostras
1103 2069 1239 2088 moresne
1267 2057 1381 2086 nouit?
1407 2067 1482 2085 num
1508 2056 1637 2094 denique
1665 2055 1826 2085 homines?
1851 2063 1896 2086 est
1923 2062 2004 2088 enim

129 2115 222 2142 creta
241 2111 328 2139 uobis
348 2111 466 2144 notior,
493 2119 586 2147 quam
604 2109 703 2137 Roma
726 2108 834 2146 Cydae.
871 2107 1072 2135 Delectus
1098 2112 1234 2136 autem
1259 2111 1295 2134 et
1322 2106 1486 2133 notatio
1513 2103 1697 2132 tadicum
1725 2105 1819 2131 etiam
1837 2106 1871 2132 in
1891 2109 2005 2135 nostri-v

131 2159 251 2187 ciuibus
271 2157 380 2185 haberi
399 2157 480 2184 solet.

208 2205 257 2233 Ad
277 2205 372 2233 uerba
392 2208 527 2232 extrema
547 2202 668 2230 monuit
686 2202 861 2231 Manutius:
889 2205 1027 2238 „tantum
1049 2200 1151 2236 abest,
1170 2205 1206 2229 ut
1227 2200 1340 2230 Graeci
1359 2199 1478 2229 iudices
1498 2198 1655 2236 legantm,
1676 2202 1711 2226 ut
1730 2207 1770 2226 ex
1788 2199 1902 2227 nostris
1921 2200 2002 2229 01111-

132 2255 189 2282 bus
211 2252 346 2280 delectus
366 2251 529 2285 habeatur,
556 2254 587 2277 et
606 2254 770 2283 notentur,
798 2249 830 2277 id
849 2254 893 2278 est
913 2249 1096 2286 seligantur,
1124 2248 1177 2285 qui
1203 2248 1371 2287 praecipue
1393 2247 1431 2275 ad
1450 2246 1607 2274 iudicandi
1627 2255 1737 2274 munus
1756 2245 1820 2283 apti
1839 2245 2003 2278 uideantur

133 2301 229 2328 esse.“
267 2300 392 2328 Praeter
412 2297 587 2327 Manutium
614 2296 698 2324 solus
720 2296 870 2324 Graeuius
896 2296 971 2324 haec
998 2295 1171 2326 adnotauit:
1204 2295 1310 2332 „Quid
1330 2295 1371 2324 sit
1391 2296 1530 2329 notatio,
1560 2293 1651 2321 docet
1675 2297 1782 2321 auctor
1807 2291 1845 2320 ad
1863 2293 2002 2325 Herenn‚

133 2347 196 2382 IV,
217 2346 269 2381 50,
289 2346 351 2374 (33.:
377 2347 538 2374 notatio
565 2350 624 2377 est,
649 2354 719 2371 cum
745 2345 879 2372 alicuius
905 2349 1023 2372 natm-a
1049 2344 1140 2371 certis
1167 2342 1353 2371 describitur
1380 2344 1497 2380 signi-5,
1523 2351 1602 2379 quae
1628 2342 1724 2369 sicuti
1742 2344 1831 2367 notae
1851 2342 2005 2377 quaedam,

134 2400 268 2422 naturae
287 2399 361 2421 sunt
381 2393 543 2421 adtributa
554 2401 566 2425 ,·
587 2397 621 2419 ut
640 2393 668 2419 si
688 2392 765 2420 uelis
785 2401 847 2419 non
866 2391 1012 2425 diuitem,
1034 2394 1079 2417 set
1099 2394 1316 2418 ostentatorem
1331 2391 1486 2426 pecuniae
1507 2387 1683 2416 describere.
1720 2385 1795 2413 Inde
1814 2385 1904 2414 facile
1925 2398 2003 2426 quo-

137 2450 196 2479 que
216 2440 330 2478 conligi
350 2444 461 2477 potest,
482 2439 556 2477 quid
575 2438 615 2467 sit
635 2438 667 2466 in
686 2438 943 2476 praecedentibus
962 2437 1102 2465 indicum
1114 2436 1253 2473 sorma.“
1292 2436 1379 2473 Quid
1397 2436 1438 2465 sit
1457 2435 1596 2464 iudicum
1607 2433 1718 2471 forma
1737 2432 1810 2461 satis
1830 2443 1870 2462 ex
1888 2433 1937 2464 his
1948 2436 2003 2465 ci-
