2185 2720
920 167 960 197 L0
987 166 1028 196 II.
1075 167 1108 196 C.
1136 165 1177 196 ΙΙ.
1954 176 2067 206 LXIII

183 242 306 273 ceronis
325 241 432 271 uerbis
453 241 490 270 de
511 241 597 271 Orat.
619 240 683 278 III,
703 239 762 279 29,⁴
778 240 840 270 115.
861 240 1038 281 apparebit:
1057 241 1265 278 Definitionis
1285 246 1389 270 autem
1408 249 1482 272 sunt
1502 245 1756 283 disceptationes,
1777 254 1834 276 aut
1853 264 1891 270 —-
1910 257 1967 279 aut
1987 262 2066 286 cum,

182 300 262 330 quae
278 290 391 329 firma
417 295 447 318 et
472 292 564 328 quasi
590 289 752 318 naturalis
771 294 846 317 nota
866 291 1014 328 cuiusque
1033 289 1091 325 sit,
1123 288 1325 323 describitur,
1357 295 1393 318 ut
1411 292 1440 318 si
1460 299 1631 329 quaeratur
1651 296 1746 323 anari
1764 298 1896 333 specieS,
1919 299 2066 335 seditiosi,

176 339 315 376 gloriosi.
373 337 479 375 Atque
522 337 641 366 formae
681 336 767 364 fflius
810 336 1053 376 descriptionem
1090 336 1183 374 uolgo
1228 335 1341 365 dictam
1384 340 1575 367 notationem
1609 351 1689 379 esse,
1736 353 1775 372 ex
1809 343 1991 374 Rhetoricis
2027 348 2062 376 ad

182 384 379 413 Herennium
404 384 607 422 intellegitur.
646 382 766 411 Uerum
793 383 885 422 longe
910 384 1010 414 aliena
1037 395 1054 413 a
1080 394 1172 413 sensu
1198 383 1277 419 loci,
1305 383 1343 412 de
1370 395 1430 423 quo
1457 386 1573 424 agitur,
1602 387 1658 417 illa
1683 392 1851 419 notationis
1870 392 2065 430 significatio.

183 431 294 470 Neque
315 431 397 460 enim
418 431 535 459 iudices
555 432 592 460 ab
614 441 667 467 eo,
689 431 741 469 qui
761 431 898 469 legebat,
918 442 1061 471 umquam
1082 433 1128 461 sic
1149 430 1299 469 descripti
1320 437 1400 468 sunt,
1421 438 1457 462 ut
1478 444 1554 472 quae
1573 434 1672 464 forma
1692 446 1798 466 eorum
1818 444 1849 467 et
1868 441 1954 478 quasi
1974 447 2065 471 natu·

182 479 256 508 ralis
276 483 350 507 nota
369 483 463 515 esset,
490 479 665 514 diceretur,
694 488 795 517 neque
815 478 841 507 si
860 479 973 508 factum
1000 485 1095 517 esset,
1124 480 1235 509 Cicero
1264 479 1324 508 hoc
1351 480 1421 509 loco
1450 481 1487 510 ad
1516 491 1633 511 morem
1654 483 1746 512 istum
1767 488 1941 525 respexisse
1960 495 2066 528 potest

183 526 380 562 existumari,
408 526 441 554 111
469 537 528 564 (1110
549 527 777 555 manifestumst
802 530 948 565 recteque
969 527 1120 557 monitum
1147 538 1163 556 a
1182 527 1326 556 Manutio
1347 527 1380 556 id
1400 538 1495 557 unum
1524 540 1594 558 eum
1614 531 1788 569 significare
1808 543 1907 571 posse,
1929 546 1968 565 cx
1987 537 2063 575 ipsis

182 573 303 602 ciuibus
330 573 478 602 Romanis
504 584 568 603 non
596 575 767 613 quemlibet
794 574 860 603 sine
886 574 1067 604 discrimine
1094 575 1229 603 iudicem
1256 575 1334 613 legi,
1372 581 1419 604 set
1447 577 1627 616 diligentem
1654 578 1688 607 in
1716 578 1755 607 iis
1783 579 1936 611 delectum
1962 585 2064 613 solere

180 619 299 649 haberi.
339 621 409 657 Quo
430 620 463 649 id
482 622 585 651 uoluit
611 623 699 651 nullo
726 622 817 650 modo
843 631 933 660 posse
953 622 1022 651 fieri
1050 622 1230 658 ostendere,
1256 627 1292 651 ut
1321 632 1360 651 ex
1379 623 1558 654 hominibus
1581 625 1709 654 Graecis
1737 625 1855 655 iudices
1876 629 2063 667 legerentur.

181 668 292 707 Neque
311 672 413 697 tamen
432 670 609 706 Manutius,
642 670 700 699 etsi
719 680 842 699 sensum
861 669 939 706 loci,
966 675 1002 699 ut
1020 670 1116 707 solet,
1142 675 1227 699 recte
1256 671 1434 709 perspexit,
1462 677 1514 701 aut
1541 673 1724 708 discrimen,
1751 674 1834 711 quod
1860 675 1942 705 inter
1968 679 2064 707 uerba

180 716 316 744 delectus
342 721 373 744 et
401 719 573 746 notationis
599 718 780 754 intercedit,
808 722 860 746 aut
879 717 943 746 uim
962 718 1147 756 posterioris
1168 718 1258 747 uerbi
1278 719 1403 757 penitus
1430 719 1591 748 adsecutus
1613 725 1668 750 est.
1706 720 1786 749 Nam
1806 723 1904 751 uerbo
1932 726 2064 755 notandi

179 772 243 791 non
262 773 353 802 posse
373 763 546 802 simplicem
565 767 717 805 seligendi
742 767 902 795 notionem
922 766 1091 794 subiectam
1112 775 1194 801 esse,
1225 770 1291 793 tum
1313 776 1351 794 ex
1370 777 1429 795 11511
1449 767 1538 795 uerbi
1559 767 1645 796 illius
1666 773 1731 796 tum
1751 769 1824 797 inde
1844 775 1948 808 potest
1967 772 2063 801 intel-

180 810 252 849 legi,
274 811 364 848 quod,
385 811 411 839 si
428 811 470 840 ita
486 818 574 848 esset,
596 814 753 842 inutiliter
770 824 803 842 ac
819 814 948 842 moleste
965 813 1060 842 uerba
1075 813 1130 841 del.
1151 817 1182 840 et
1201 819 1265 842 not.
1286 814 1452 843 coniuncta
1473 821 1583 844 essent.
1603 817 1675 844 Mea
1695 817 1849 846 sententia
1869 819 1976 848 eodem
1996 821 2062 849 sere

179 868 271 887 sensu
291 858 343 886 1110
363 869 380 887 11
397 859 549 887 Cicerone
569 860 687 889 iudices
708 861 854 889 (licuntur
873 861 958 889 soliti
978 871 1044 889 esse
1065 862 1177 895 notari,
1198 871 1258 898 quo
1279 860 1420 890 homines
1441 874 1457 891 a
1475 864 1612 892 Censore
1633 864 1815 893 dicebantur
1834 867 1947 895 notari.
1969 869 2063 905 Quod

179 905 434 944 quemadmodum
455 906 497 934 ita
516 907 624 944 fiebat,
652 914 686 936 ut
713 909 832 937 nomini
860 909 943 945 eius,
974 908 1028 947 qui
1054 908 1156 945 aliqua
1183 908 1353 945 ignominia
1380 910 1510 948 insignis
1539 914 1620 946 crat,
1646 916 1720 939 nota
1747 912 1990 951 adscriberetur,
2018 916 2061 945 ita

179 953 317 981 iudicum
337 953 444 989 etiam,
474 954 525 991 qui
548 955 712 992 quotannis
734 955 766 983 in
787 956 890 985 album
909 956 1035 995 legundi
1056 960 1159 992 crant,
1186 956 1382 993 nominibus,
1411 962 1573 995 antequam
1594 968 1628 985 ea
1648 958 1684 986 ad
1705 959 1856 988 aerarium
1877 961 2060 991 defereban-

178 1006 246 1037 tur,
279 996 367 1028 no'tas
392 1000 486 1029 fuisse
514 1001 668 1039 adpositas
696 1008 782 1041 puto.
822 1003 915 1040 Quod
943 1014 1123 1042 quamquam
1150 1013 1166 1031 a
1186 1004 1275 1031 nullo
1302 1009 1444 1033 ueterum
1472 1005 1662 1044 scriptorum
1689 1005 1803 1034 diserte
1830 1009 1963 1038 traditur
1990 1011 2060 1039 fieri

178 1048 393 1083 consueuisse,
413 1053 515 1076 tamen
536 1049 611 1086 quin
631 1050 745 1078 factum
765 1051 806 1080 sit
826 1061 887 1079 non
907 1062 997 1090 posse
1018 1051 1155 1080 dubitari
1175 1051 1328 1087 arbitror,
1351 1062 1419 1080 011111
1439 1052 1577 1080 111(11011111
1598 1053 1739 1089 nomina,
1763 1054 1817 1093 qui
1838 1058 2001 1093 quotannis
2021 1059 2060 1088 ad

176 1096 375 1125 iudicandum
393 1095 592 1133 legebantur,
618 1098 780 1136 proposita
805 1099 932 1137 publice
958 1099 1054 1128 fuisse
1082 1104 1217 1136 constet,
1248 1104 1411 1138 antequam
1437 1101 1471 1129 111
1490 1100 1604 1129 tabulis
1623 1102 1759 1140 publicis
1780 1103 1895 1143 scripta
1915 1105 1953 1134 ad
1972 1116 2058 1136 aera-

173 1144 256 1174 rium
277 1143 481 1172 deferrentur.

251 1191 344 1220 Istam
364 1196 464 1219 autem
483 1191 731 1230 propositionem
750 1203 814 1221 non
834 1193 894 1222 alio
915 1199 1000 1233 patet
1020 1195 1152 1223 consilio
1178 1204 1269 1234 posse
1288 1195 1400 1224 factam
1428 1206 1509 1233 csse,
1537 1207 1626 1235 quam
1652 1203 1701 1234 ut,
1728 1199 1753 1227 si
1776 1200 1828 1238 qui
1848 1206 1934 1230 erant
1955 1201 1987 1230 in
2007 1201 2057 1238 iis,

177 1239 232 1278 qui
258 1238 379 1276 indigni
405 1238 562 1267 iudicandi
589 1250 717 1268 munere
744 1246 862 1277 essent,
895 1247 1078 1271 notarentur
1104 1242 1141 1270 ab
1167 1242 1268 1281 iisque
1293 1244 1544 1280 secluderentur,
1579 1255 1709 1283 quorum
1744 1247 1869 1276 nomina
1893 1249 1925 1276 in
1953 1249 2057 1278 album

176 1297 312 1316 annuum
332 1286 532 1315 referrentur.
572 1286 706 1325 Adpono
726 1288 822 1316 uerba
841 1289 917 1327 legis
938 1289 1091 1318 Seruiliae
1111 1290 1370 1328 repetundarum,
1400 1302 1439 1320 ex
1460 1292 1571 1330 quibus
1593 1303 1670 1330 quae
1689 1294 1785 1322 fuerit
1805 1295 1942 1324 iudicum
1963 1302 2057 1334 quot-

176 1334 264 1364 annis
283 1333 487 1371 legundorum
508 1334 605 1370 ratio,
639 1334 803 1373 perspicue
830 1341 932 1374 potest
951 1337 1101 1376 intellegi.
1140 1337 1251 1376 Neque
1272 1339 1371 1375 0111111,
1407 1340 1482 1368 licet
1501 1341 1554 1369 lex
1573 1341 1627 1369 illa
1648 1351 1683 1369 eo
1704 1346 1860 1380 tempore,
1897 1353 1956 1381 quo
1977 1343 2056 1372 hanc

175 1392 220 1411 or.
240 1381 322 1410 Phil.
344 1381 454 1409 Cicero
483 1381 622 1419 scripsit,
650 1392 713 1410 non
735 1383 861 1411 omnino
882 1384 1033 1421 ualuerit,
1060 1385 1196 1414 dubitari
1224 1391 1342 1424 potest,
1370 1387 1446 1425 quin
1466 1387 1603 1416 indicum
1630 1388 1835 1426 legundorum
1855 1391 1952 1427 ratio,
1979 1401 2056 1429 quae

174 1430 240 1459 sola
258 1429 320 1458 huc
339 1428 494 1468 pertinet,
520 1438 585 1457 non
611 1430 707 1459 fuerit
734 1436 857 1459 mutata.
896 1431 933 1459 In
952 1432 1011 1460 ista
1038 1433 1134 1471 igitur
1160 1433 1228 1470 lege
1254 1444 1285 1472 P·
1305 1434 1415 1473 24sqq.
1445 1434 1491 1462 ed.
1513 1434 1621 1462 Klenz.
1648 1435 1722 1464 haec
1750 1437 1896 1475 leguntur
1922 1440 2054 1477 scripta:

176 1478 239 1514 Qui
258 1487 278 1505 a
298 1479 466 1508 Praetore,
494 1477 548 1512 qui
566 1477 650 1504 inter
664 1480 845 1515 peregrinos
865 1481 915 1507 ius
935 1479 1031 1513 (lieet,
1052 1482 1101 1509 nti
1119 1481 1271 1516 scriptum
1291 1487 1353 1516 est,
1379 1492 1415 1509 ex
1434 1481 1494 1509 hac
1514 1482 1579 1519 lege
1600 1483 1687 1511 CDL
1707 1486 1772 1512 uiri
1792 1487 1826 1512 in
1846 1496 1915 1514 eum
1935 1497 2054 1515 annum

175 1527 248 1555 lecti
268 1529 377 1559 erunt,
405 1532 442 1549 ea
462 1524 589 1550 nomina
610 1524 714 1551 omnia
733 1525 768 1551 in
795 1525 920 1561 tabula,
948 1528 982 1554 in
1001 1527 1089 1563 albo,
1117 1533 1293 1555 atramento
1313 1530 1461 1565 scriptos,
1487 1534 1632 1565 patrem,
1658 1529 1789 1565 tribum,
1816 1542 2052 1572 cognomenque,

173 1572 375 1609 tributimque
395 1569 563 1606 descriptos
590 1569 718 1605 habeto,
754 1582 863 1610 eosque
876 1575 1052 1611 propositos
1076 1584 1132 1602 suo
1160 1576 1195 1602 in
1215 1574 1284 1602 albo
1304 1581 1435 1604 seruato.
1474 1577 1511 1604 Si
1537 1576 1621 1604 nihil
1647 1586 1682 1603 ex
1701 1576 1750 1604 llis
1770 1577 1871 1606 obstat
1890 1583 2053 1617 quominus

172 1622 208 1649 in
229 1618 313 1648 CDL
334 1619 420 1645 uiros
438 1618 574 1654 legatur,
594 1619 729 1646 Praetor
748 1621 798 1647 ius
813 1626 1066 1659 potestatemque,
1086 1623 1158 1660 quoi
1178 1623 1270 1655 nolet,
1282 1621 1398 1659 facito.
1437 1624 1581 1659 Praetor,
1602 1625 1657 1661 qui
1676 1635 1712 1652 ex
1733 1624 1792 1653 hae
1812 1626 1878 1664 lege
1898 1629 1983 1656 CDL
2000 1632 2052 1657 zai-

172 1677 222 1696 ros
242 1666 362 1703 legerit,
384 1665 490 1702 facito
510 1667 681 1693 recitentur
706 1666 740 1693 in
760 1669 915 1702 contione,
936 1670 1100 1706 iuratoque
1120 1678 1182 1696 sese
1203 1679 1250 1696 eos
1269 1680 1305 1697 ex
1324 1669 1384 1697 llae-
1404 1671 1468 1708 lege
1487 1671 1604 1708 legisse,
1624 1671 1661 1699 de
1681 1671 1791 1709 quibus
1810 1674 1871 1702 sibi
1890 1678 2051 1705 consulue-

172 1716 226 1747 rit,
245 1715 292 1741 ita
312 1719 347 1740 ιιι
367 1712 563 1739 indicaturos
583 1723 618 1740 ex
638 1714 739 1741 animi
757 1717 913 1743 sententia
933 1725 982 1744 eos
1001 1716 1121 1744 iudices
1140 1717 1378 1745 existzcmauerit
1398 1727 1469 1754 esse,
1491 1728 1598 1755 eosque
1619 1719 1705 1748 CDL
1722 1722 1820 1756 uiros,
1842 1732 1915 1758 quos
1936 1735 1971 1751 ex
1989 1724 2050 1752 hac

171 1758 237 1801 lege
251 1762 373 1799 legerit,
388 1761 415 1787 is
422 1760 557 1787 Praetor
571 1762 670 1788 omnis
683 1762 716 1788 in
732 1762 846 1790 tabulis
858 1762 997 1799 publicis
1011 1765 1142 1800 scriptos
1157 1765 1191 1791 in
1201 1768 1354 1800 perpetuo
1371 1763 1491 1792 habeto.
1511 1764 1574 1792 Isto
1592 1775 1677 1802 uero,
1694 1776 1782 1805 quem
1799 1768 1944 1805 indicaui,
1958 1781 2050 1800 sensu

169 1809 197 1838 si
216 1818 329 1837 nomen
348 1807 517 1834 notationis
538 1806 654 1836 dictum
674 1809 868 1845 arbitramur,
889 1820 988 1848 neque
998 1810 1254 1847 significationem
1275 1810 1304 1838 01
1325 1821 1436 1840 nouam
1457 1812 1648 1850 adfingimus,
1668 1824 1768 1852 neque
1790 1825 1852 1844 non
1872 1823 1956 1846 recte
1976 1829 2049 1847 sen-

169 1855 268 1885 tentia
286 1854 349 1883 loci
369 1864 401 1882 se
420 1854 522 1882 habet.
562 1855 655 1883 Nunc
677 1856 758 1884 enim
779 1862 904 1895 optume
928 1857 1038 1886 Cicero
1060 1857 1221 1895 significat,
1241 1867 1304 1886 non
1324 1864 1444 1887 tantum
1467 1860 1602 1889 Graecos
1623 1861 1684 1899 legi
1705 1862 1822 1891 iudices
1842 1873 1904 1892 non
1926 1865 2048 1902 debere,

171 1908 218 1932 set
237 1902 329 1931 etiam
348 1911 388 1930 ex
407 1901 528 1930 ciuibus
551 1901 700 1932 Romanis
720 1904 793 1942 eligi
813 1905 929 1940 solere,
957 1905 1010 1943 qui
1030 1904 1189 1933 iudicandi
1209 1915 1319 1934 munus
1340 1907 1527 1946 suscipiant,
1554 1919 1593 1937 ex
1613 1908 1729 1946 iisque,
1750 1910 1802 1947 qui
1823 1911 1885 1939 sint
1904 1912 1994 1948 lecti,
2020 1912 2047 1941 si

171 1951 225 1990 qui
246 1960 353 1978 eorum
372 1949 530 1978 iudicandi
550 1960 678 1980 munere
698 1952 819 1990 indigni
839 1952 1019 1988 uideantur,
1046 1963 1153 1981 rursus
1172 1952 1251 1980 reici
1271 1953 1381 1982 solere.
1422 1955 1492 1992 Quo
1514 1956 1589 1994 quid
1614 1956 1691 1985 aliut
1711 1957 1863 1994 ostendit,
1895 1969 1984 1997 quam
2004 1960 2045 1997 id,

170 1997 254 2037 quod
273 1997 365 2036 paulo
385 2002 454 2026 ante
474 1998 598 2034 monui,
619 1998 711 2027 etiam
731 2009 770 2028 ex
791 1999 911 2027 ciuibus
931 1999 1079 2027 Romanis
1100 2009 1242 2028 maxuma
1263 2011 1332 2030 cum
1352 2002 1513 2041 diligentia
1533 2004 1650 2032 iudices
1670 2004 1757 2043 legi?

243 2043 287 2072 At
305 2043 340 2072 in
359 2045 499 2074 oratione
518 2046 698 2082 Planciana,
728 2046 766 2075 ad
785 2057 872 2085 quam
892 2051 1051 2083 reuertor,
1078 2058 1168 2076 nemo
1188 2058 1252 2077 non
1272 2055 1382 2088 sponte
1411 2051 1584 2089 intellegit,
1611 2058 1695 2080 notes
1715 2052 1792 2089 isto,
1812 2053 1866 2092 qui
1885 2055 2044 2087 sollemnis

168 2098 215 2122 est
233 2091 324 2122 uerbi
351 2094 493 2127 notandi,
520 2094 692 2133 significatu
711 2104 773 2123 non
794 2104 884 2133 posse
905 2094 1019 2123 dictum
1039 2096 1142 2124 statui.
1162 2096 1273 2134 Neque
1293 2097 1341 2125 uis
1362 2099 1452 2127 uerbi
1472 2099 1616 2135 admittit,
1637 2104 1671 2127 ut
1691 2110 1759 2128 cum
1776 2102 1918 2131 Manutio
1938 2106 2044 2134 notio·

165 2151 239 2170 nem
260 2139 416 2177 deligendi
434 2139 548 2169 habere
569 2142 782 2171 existumetur.
820 2142 927 2180 Itaque
947 2141 1029 2170 nihil
1048 2143 1179 2172 relicum
1204 2144 1313 2180 uideo,
1333 2146 1396 2174 nisi
1418 2151 1454 2174 ut
1474 2152 1583 2174 notare
1602 2146 1741 2175 homines
1760 2147 1811 2176 hic
1832 2149 1926 2179 simili
1942 2163 2042 2195 sensu,

167 2199 228 2228 quo
256 2189 337 2217 diem
362 2192 470 2215 notare
491 2188 601 2217 Cicero
627 2189 665 2217 ad
683 2190 750 2218 Att.
771 2190 850 2226 VII,
871 2192 897 2219 8.
926 2189 1016 2225 dixit,
1040 2196 1221 2230 usurpatum
1247 2202 1313 2220 esse
1333 2193 1567 2232 significare-que
1594 2194 1818 2231 aufzeielznen‚
1850 2199 2041 2239 aufinersz,

168 2236 294 2264 tabulae
320 2233 487 2263 inscribere
514 2240 630 2273 putem.
670 2237 741 2274 Quo
768 2238 870 2266 minus
889 2242 990 2266 autem
1009 2237 1070 2266 hoc
1089 2239 1262 2277 significatu
1282 2250 1424 2279 umquam
1444 2252 1461 2269 a
1483 2241 1590 2269 Tullio
1610 2246 1790 2279 usurpatum
1809 2245 1939 2275 uerbum
1967 2248 2042 2278 illut

167 2288 230 2319 est,
258 2292 294 2310 eo
314 2281 409 2319 magis
431 2281 523 2310 etiam
542 2288 672 2322 propter
690 2284 772 2313 hunc
792 2285 884 2314 huius
903 2284 995 2314 uerbi
1013 2295 1120 2322 usum,
1149 2287 1202 2325 qui
1222 2287 1392 2316 serioribus
1413 2288 1534 2317 demum
1554 2289 1745 2326 temporibus
1766 2290 1915 2330 inualuit,
1940 2300 2039 2326 totum

166 2329 251 2359 hunc
269 2329 373 2357 locum
393 2339 411 2357 a
431 2329 639 2359 Grammatico
659 2331 810 2361 adiectum
828 2337 914 2371 puto.
953 2332 1091 2362 Omnino
1112 2344 1306 2373 quocumque
1326 2335 1514 2373 significatu,
1537 2336 1589 2374 qui
1609 2341 1697 2374 aptus
1717 2338 1887 2368 sententiae
1906 2340 1969 2370 loci
1988 2343 2038 2380 sit,

167 2377 283 2406 dietum
305 2382 390 2404 notes
409 2377 549 2415 putabis,
569 2378 635 2406 eius
654 2389 726 2407 usus
747 2379 920 2417 exemplum
940 2379 1018 2408 aliut
1038 2390 1077 2409 ex
1097 2381 1258 2411 Ciceronis
1280 2382 1404 2421 scriptis
1424 2382 1539 2411 adferri
1558 2392 1621 2410 non
1640 2384 1768 2421 poterit.

241 2425 401 2453 Postremo
420 2424 558 2453 minume
577 2424 746 2453 offensione
766 2431 869 2454 carent
887 2426 998 2455 uerba:
1033 2434 1062 2456 et
1082 2435 1149 2457 tuos
1169 2437 1198 2459 et
1218 2437 1343 2459 tuorum
1362 2432 1548 2459 necessarios
1555 2451 1565 2464 ‚
1593 2432 1646 2458 uel
1661 2433 1785 2470 iniquos
1803 2436 1856 2463 ael
1872 2447 1967 2469 mem,
1987 2440 2038 2467 uel

166 2474 261 2503 etiam
279 2471 477 2510 defensorum
495 2483 647 2512 meorum,
675 2474 836 2514 eodemque
860 2474 1034 2512 adiungas,
1060 2486 1134 2515 quos
1153 2483 1272 2506 natura
1286 2483 1381 2516 putes
1400 2487 1524 2516 asperos
1548 2483 1642 2516 atque
1669 2480 1808 2510 omnihus
1833 2484 1957 2522 iniquos
1965 2495 1977 2519 ;
2002 2485 2034 2513 id
