2185 2720
713 121 738 152 C
758 120 788 150 A
806 121 849 152 P.
887 119 1018 149 XXXI.
1039 119 1067 160 §.
1087 124 1133 152 76.
1148 134 1186 140 —
1203 120 1350 150 XXXIL
1375 119 1403 160 §.
1423 126 1469 152 77.
1981 126 2035 154 193

147 211 214 244 per
234 198 412 232 hominnm
433 198 527 237 uim,
565 202 601 229 et
622 208 709 240 quae
730 195 768 228 ui
789 203 862 229 acta
883 208 946 240 per
971 194 1154 227 factionem
1176 194 1323 236 fuerint,
1363 195 1520 238 iniquom
1549 201 1600 228 est
1625 194 1755 239 populo
1786 195 1948 228 uniuerso
1970 195 2035 228 tri-

151 252 268 284 buere.
311 251 371 283 Set
391 263 504 294 neque
527 251 636 294 placet
659 250 829 282 iniuriam
846 249 1043 293 praetoris,
1080 247 1171 290 quod
1194 255 1319 280 temere
1340 248 1405 281 fuit
1426 260 1446 280 a
1467 248 1692 280 Lallemando
1715 254 1899 291 receptum.
1942 250 2034 281 Nam

150 304 244 348 quod
268 304 441 336 Racilium
463 304 586 336 iudicio
609 302 781 334 adflictum
804 303 946 334 uolunt:
978 313 1122 344 quaem,
1149 301 1326 333 defensum
1350 312 1413 333 nec
1435 312 1478 332 ne
1499 307 1618 344 putent
1640 313 1660 332 a
1681 301 1812 333 Tullio.
1855 302 1892 333 Si
1914 301 2034 334 defen-

150 370 246 398 sum,
275 358 343 390 iam
366 357 394 388 is
416 357 557 400 gratiam
581 356 729 395 rettulit,
755 356 844 398 quod
866 356 903 387 in
924 366 961 387 se
983 354 1066 393 fuit3
1090 354 1142 385 sin
1165 354 1297 394 mium,
1333 354 1392 396 qui
1415 354 1543 386 factum
1567 354 1695 394 dicent,
1730 361 1767 386 ut
1789 354 1822 386 id
1844 355 1920 387 uiro
1943 361 2036 388 tanta

152 411 313 454 dignitate
338 410 487 454 praedito
510 420 580 441 non
601 409 764 441 licuerit?
798 419 878 439 nam
907 407 1058 439 uoluisse
1090 406 1286 438 concedent.
1331 407 1429 439 Certe
1451 414 1539 440 totus
1563 407 1618 439 hic
1642 406 1682 438 de
1706 407 1821 450 Cispio
1845 414 1879 440 et
1901 408 2034 440 Racilio

150 464 245 496 locus
268 463 418 495 indicare
439 461 589 502 uidetur,
625 473 697 493 non
719 460 824 492 fuisse
845 460 1017 492 Racilium
1039 471 1059 491 a
1081 459 1244 491 Cicerone
1265 459 1461 499 defensum3
1496 472 1607 502 neque
1629 459 1657 492 si
1675 462 1853 504 praetoris
1874 462 2036 504 legamus,

149 517 334 558 intellego,
372 526 457 557 quae
479 520 571 546 tanta
591 525 661 546 uno
683 514 720 545 in
740 520 897 557 praetore
922 513 975 545 uis
997 512 1115 552 fuerit,
1154 517 1212 543 aut
1237 512 1335 554 quale
1359 513 1499 545 omnino
1522 514 1688 546 iudicium
1714 513 1819 546 Fuisse
1840 513 2035 557 oportuerit.

152 569 265 601 Simul
286 569 351 600 hoc
373 573 492 606 statuo,
516 579 536 598 a
557 566 655 598 nobis
677 578 750 598 rem
771 573 898 610 gestam
919 567 1022 611 plane
1042 564 1276 609 ignorantibus
1300 566 1384 598 certi
1405 566 1493 598 nihil
1515 567 1555 598 de
1577 567 1724 598 lectione
1744 578 1844 610 posse
1867 565 2036 598 constitui.

151 621 264 654 Facile
287 619 440 663 quidem,
464 619 664 652 obscuritate
686 620 782 651 omni
803 626 1040 664 permanente,
1068 617 1210 650 offensio
1233 618 1383 660 tollitur,
1406 618 1435 650 si
1456 619 1594 662 legatur,
1620 625 1693 652 tam
1714 620 1872 652 licuisset
1888 630 1955 663 per
1977 618 2038 650 lzo-

150 675 286 708 mimam
318 673 393 705 uim
421 678 455 705 et
482 672 652 704 iniuriam
681 673 714 705 ei
737 674 898 717 gratiam
927 672 1066 717 referri.
1110 671 1266 704 Uei-bum
1296 671 1379 704 licet
1407 682 1484 703 cum
1516 673 1650 716 passiuo
1679 679 1761 717 aput
1789 672 1947 704 Tullium
1973 669 2039 702 ali-

150 726 284 769 quando
310 725 459 757 construi
483 724 596 757 docuit
627 726 863 769 Wopkensius
877 726 938 758 III.
961 727 1056 758 Lect.
1082 725 1176 757 Tull.
1202 736 1231 766 7.
1254 735 1288 767 p.
1313 724 1408 766 278..
1453 725 1504 758 At
1527 726 1701 768 quomodo
1721 732 1821 758 notae
1841 738 1876 769 p.
1902 725 1949 757 R.
1970 724 2039 755 huc

151 778 374 822 inrepserint,
409 778 483 820 quis
507 778 685 821 expediet?
729 779 822 811 Hinc
852 779 999 821 suspicio
1022 779 1108 811 mihi
1132 778 1268 810 suborta
1290 783 1355 816 est,
1389 778 1434 809 ita
1457 777 1595 810 fortasse
1618 781 1783 824 scriptum
1806 778 1929 811 fuisse:
1966 783 2038 809 tam

152 833 309 865 licuisset
325 844 392 876 per
416 832 595 864 hominum
623 833 697 864 uim
719 837 752 865 et
773 833 944 866 iniuriam
959 832 1092 876 populo
1114 833 1274 864 Romano
1304 831 1337 863 ei
1355 833 1515 874 gratiam
1536 832 1680 876 referre.
1723 833 1899 865 Tribunus
1928 829 2038 874 plebis

151 896 230 917 cum
252 884 389 917 Plancio
413 884 522 915 fuerat
544 885 718 927 superiore
747 885 890 928 [corrige
912 886 978 917 hoc
1000 896 1044 916 ex
1066 885 1199 927 Proleg.
1222 885 1264 915 L.
1286 884 1346 915 III.
1373 884 1413 916 C.
1436 886 1462 916 I.
1488 887 1518 928 5.
1543 888 1590 927 2.]
1613 898 1702 918 anno
1725 885 1888 924 Racilius,
1911 883 2040 927 potuit-

153 949 238 980 que,
270 944 308 969 ut
337 938 481 981 opinor,
518 937 719 969 aedilitatem
747 944 860 981 petere
890 938 927 970 in
956 939 1048 971 hunc
1077 937 1191 980 ipsum
1217 948 1364 976 annum,
1397 949 1464 980 quo
1487 938 1671 981 Pompeius
1700 945 1734 971 et
1757 940 1894 971 Crassus
1916 937 2039 968 iterum

154 1002 237 1023 coss.
268 1003 338 1023 non
367 990 470 1022 modo
499 990 666 1022 aedilibus
698 990 904 1033 insequentis
934 991 1015 1022 anni
1050 990 1202 1022 creandis
1228 990 1379 1022 habuere
1414 991 1568 1031 comitia,
1610 992 1730 1035 quibus
1766 990 1929 1034 designati
1963 994 2041 1021 sunt

153 1044 308 1076 Plancius
329 1049 360 1075 et
382 1043 531 1084 Plotius,
555 1055 676 1076 uerum
700 1044 800 1075 etiam
822 1044 888 1075 alia
908 1044 1040 1087 priora,
1064 1043 1186 1086 quibus
1208 1043 1326 1075 aedilis
1360 1042 1461 1075 huius
1484 1044 1564 1075 anni
1586 1045 1735 1088 populus
1758 1045 1854 1084 fecit,
1880 1043 1959 1086 quia
1981 1042 2040 1074 de-

153 1102 247 1128 erant
269 1096 372 1139 hique
395 1097 505 1129 statim
531 1097 762 1139 magistratum
784 1096 970 1128 iniuerunt.
1016 1098 1056 1128 In
1071 1096 1113 1127 iis
1135 1102 1249 1128 autem
1272 1096 1418 1128 comitiis
1441 1097 1614 1139 prioribus
1636 1098 1709 1130 uim
1732 1097 1935 1139 caedemque
1958 1107 2040 1128 uer-

154 1155 260 1180 satam
287 1161 356 1181 esse
379 1156 542 1181 testantur
559 1149 652 1182 Dion
677 1149 809 1182 Cassius
827 1150 1003 1189 XXXIX,
1027 1149 1079 1181 52.
1105 1155 1137 1181 et
1157 1149 1357 1182 Plutarchus
1380 1149 1417 1181 in
1438 1150 1602 1193 Pompeio
1627 1152 1664 1183 C.
1689 1152 1801 1183 LIII..
1849 1151 1940 1193 Quid
1960 1161 2038 1192 ergo

150 1202 177 1232 si
204 1202 256 1233 uis
278 1202 338 1234 illa
358 1204 547 1244 Racilium,
570 1215 785 1235 acerrumum
808 1214 927 1234 eorum
950 1202 1101 1240 hostem,
1125 1203 1183 1245 qui
1205 1215 1279 1234 rem
1301 1203 1473 1246 publicam
1496 1215 1622 1235 nexare
1647 1204 1846 1247 cupiebant,
1875 1203 2040 1235 aedilitate

150 1254 325 1295 deiecerit,
358 1257 595 1300 populumque
617 1257 814 1288 Romanum
837 1256 976 1298 gratiam
1001 1255 1052 1296 ei,
1076 1267 1155 1287 cum
1177 1257 1299 1296 uellet,
1330 1256 1458 1288 referre
1480 1268 1549 1288 non
1572 1257 1744 1289 siuerit?“
1777 1257 2039 1289 GARATONIUS.

151 1308 314 1340 Garatoni
344 1309 574 1342 coniecturam
605 1316 740 1341 eatenus
762 1309 975 1341 confirmauit
999 1310 1099 1349 Bau„
1124 1315 1287 1351 quatenus
1309 1321 1372 1353 pro
1390 1310 1518 1353 populi
1540 1310 1694 1343 Romani
1715 1310 1818 1343 habet
1836 1310 1969 1355 populo
1993 1321 2040 1341 r..

151 1360 269 1404 Itaque
290 1373 362 1393 non
384 1362 535 1394 dubitaui
555 1369 665 1395 totum
687 1363 820 1403 locum,
843 1368 881 1394 ut
902 1362 1013 1394 uoluit
1035 1362 1255 1402 Garatonius,
1280 1362 1493 1394 constituere.

236 1424 307 1457 Sed
332 1437 385 1457 me
412 1438 489 1458 oum
512 1432 650 1458 tantum
673 1426 745 1458 iam
767 1426 916 1458 Plancio
941 1426 1113 1467 deberem,
1151 1426 1273 1459 Racili
1301 1424 1477 1469 beneficiis
1496 1425 1618 1470 fuisse
1646 1428 1856 1470 contentum)
1902 1427 2040 1459 Exte-

152 1482 367 1509 nuaturus
391 1478 547 1510 merita
575 1480 642 1511 Cn.
668 1479 857 1518 Plancii,
894 1490 1000 1520 quae
1031 1479 1242 1511 intulisse
1270 1479 1314 1510 iu
1335 1479 1385 1511 M.
1409 1479 1608 1511 Tullium
1632 1480 1884 1520 uideretur,
1925 1480 1974 1511 de
1995 1481 2038 1513 L.

154 1529 285 1561 etiam
313 1530 489 1563 Racilio
520 1531 721 1574 quaedam
755 1531 1010 1564 Laterensis
1042 1538 1472 1572 commemorauerat,
1521 1534 1595 1576 qui
1629 1534 1760 1576 magis
1791 1534 2038 1565 adiumento

155 1582 358 1614 Ciceroni
382 1583 520 1615 fuisse
541 1584 828 1626 uidebatur1),
861 1595 950 1615 cum
973 1585 1181 1617 Plancius
1203 1584 1245 1616 in
1274 1584 1502 1618 tribunatu
1525 1598 1602 1618 suo
1626 1599 1708 1619 non
1731 1594 1960 1631 tantopere
1985 1587 2039 1619 sit

152 1647 227 1679 pro
251 1635 442 1669 eiusdem
464 1637 746 1669 restitutione
769 1637 989 1681 conisus2).
1035 1639 1097 1670 Ne
1126 1638 1204 1670 hoc
1226 1638 1362 1680 igitur
1385 1639 1422 1670 ei
1447 1639 1614 1672 deesset
1636 1640 1685 1672 ad
1707 1641 1907 1683 gratiam,
1939 1652 2041 1673 con-

152 1688 322 1729 fitetur,
361 1690 501 1722 animo
530 1690 840 1734 promtissimo
871 1691 1000 1722 etiam
1022 1691 1134 1722 hunc
1165 1691 1391 1723 Plancium
1426 1704 1521 1735 erga
1560 1695 1890 1726 restitutionem
1923 1706 2039 1726 suam

153 1742 301 1774 fuisse.
348 1742 426 1774 Sed
450 1744 649 1786 quoniam
675 1744 814 1776 omnia
844 1756 925 1787 per
948 1744 1173 1776 Racilium
1200 1744 1456 1777 uidebantur
1486 1746 1681 1790 impleta,
1713 1759 1796 1779 non
1821 1747 2040 1790 expetisse

155 1806 198 1827 se
227 1794 350 1834 dicit,
380 1802 424 1827 ut
453 1796 578 1828 etiam
610 1797 689 1829 ille
720 1809 770 1829 ex
800 1797 1031 1839 superfluo
1062 1797 1301 1832 laboraret,
1339 1799 1408 1840 qui
1437 1806 1600 1832 tantum
1630 1799 1713 1831 sibi
1741 1800 1784 1831 in
1814 1806 2040 1843 quaestura

153 1846 434 1880 Macedonica
468 1850 777 1891 praestitisset.
823 1851 954 1883 Extat
980 1856 1120 1881 autem
1150 1850 1338 1883 libellus
1373 1852 1565 1884 eiusdem
1598 1853 1842 1894 Ciceronis,
1879 1855 1951 1896 qui
1981 1854 2040 1886 ita

153 1900 429 1933 inscribitur:
475 1911 686 1935 EDICTUM
722 1913 852 1935 LUCII
890 1911 1076 1934 RACILII
1114 1912 1316 1935 TRIBFNI
1357 1914 1492 1937 PLEBI
1512 1908 1555 1948 ³),
1601 1906 1712 1948 quod
1749 1906 1822 1937 sub
1860 1907 2040 1938 nomine

153 1953 297 1997 ipsius
327 1953 480 1986 Cicero
509 1954 744 2001 inscripsit
774 1957 819 1989 111
847 1955 1148 1988 inuectionem
1170 1956 1207 1988 P.
1231 1957 1364 1989 Clodi.
1398 1959 1560 1991 ScnoLIA
1583 1960 1846 1992 AMBROSIANA.
1892 1960 1981 1992 Cum
2003 1960 2039 1992 in

229 2121 258 2159 1)
296 2119 347 2147 Sic
367 2117 477 2157 scripsi
498 2129 514 2147 e
535 2120 616 2150 coni.
635 2121 675 2150 A.
694 2121 769 2151 Mai.
811 2122 919 2151 Codex
938 2123 1096 2152 uideatur.

226 2176 256 2214 2)
294 2176 385 2204 Falsa
402 2175 477 2205 haec
500 2169 579 2207 sunt.
619 2180 763 2209 Plancius
783 2181 975 2210 tribunatum
994 2181 1095 2220 plebis
1117 2180 1208 2217 iniit,
1242 2191 1311 2210 cum
1332 2182 1443 2212 Cicero
1472 2183 1505 2212 in
1525 2184 1657 2223 patriam
1683 2184 1745 2212 iani
1766 2186 1846 2212 esset
1864 2185 2036 2210 reuocatus.

152 2224 237 2253 Uide
256 2224 378 2262 Proleg.
397 2225 435 2253 L.
457 2225 512 2254 ΙΙΙ.
534 2227 568 2255 C.
589 2226 612 2255 I.
632 2226 660 2266 5.
680 2238 717 2257 2..

226 2281 257 2321 3)
295 2282 379 2311 Nota
398 2285 581 2322 opusculum
601 2286 814 2325 deperditum,
834 2287 929 2316 immo
948 2297 1091 2325 prorsus,
1114 2287 1196 2326 quod
1217 2287 1325 2324 sciam,
1347 2287 1522 2318 inauditum
1545 2289 1716 2318 Ciceronis.
1756 2290 1795 2318 L.
1816 2288 1956 2317 Racilius
1977 2288 2037 2317 tri-

154 2330 303 2358 bunatum
328 2330 401 2359 iniit
421 2341 490 2360 cum
510 2333 637 2362 Plancio
658 2334 788 2373 aliisque
809 2345 890 2363 anno
916 2341 1066 2372 exciuite,
1102 2346 1162 2374 quo
1184 2335 1296 2364 Cicero
1322 2335 1359 2363 ab
1381 2336 1477 2365 exilio
1497 2342 1661 2366 reuocatus
1682 2342 1744 2371 est,
1782 2337 1936 2376 gessitque
1955 2348 2036 2366 anno

154 2381 318 2416 sequente,
342 2379 528 2408 Marcellino
557 2386 588 2409 et
607 2381 755 2420 Philippo
783 2383 971 2411 consulibus.
1010 2384 1100 2411 Belle
1126 2383 1164 2412 ad
1187 2383 1272 2412 hunc
1297 2383 1400 2412 locum
1425 2384 1544 2414 faciunt
1571 2394 1648 2424 quae
1677 2385 1788 2414 Cicero
1808 2386 1920 2416 scribit
1938 2386 1977 2415 ad
1997 2386 2036 2423 Q.

152 2426 190 2454 fr.
210 2424 258 2460 II,
280 2433 304 2452 1.
324 2426 469 2456 Racilius
487 2431 624 2459 surrexit
642 2446 680 2453 ·——-
698 2431 854 2460 Plancius
874 2436 957 2459 totus
975 2438 1079 2460 noster
1101 2438 1154 2460 est.
1191 2432 1230 2461 A.
1249 2434 1370 2461 Mims.

1580 2486 1618 2512 37
