2185 2720
886 120 1014 150 cAP.
1054 119 1078 148 1.
1106 118 1382 160 §.s—11.§.5.
2045 123 2085 152 ⁶3

181 201 405 244 Quamquam
425 216 468 223 —
494 199 572 243 quis
595 211 663 230 non
687 198 904 241 ignosceret?
933 196 970 228 in
992 195 1110 229 Uatin.
1136 195 1244 235 XIV,
1269 195 1322 227 53.
1355 206 1566 239 quamquam
1592 194 1632 226 id
1653 195 1769 238 ipsum
1792 200 1878 226 esset
1900 201 1934 227 et
1957 201 2084 228 nouom

180 258 213 284 et
235 264 302 284 non
323 251 529 295 ferendum.
572 251 662 283 Phil.
686 252 717 291 I,
754 263 790 293 7,
824 262 872 293 17.
906 262 1116 294 quamquam
1139 261 1179 281 ea
1203 260 1336 292 qnoque
1359 249 1406 279 sit
1429 248 1565 291 ecsusa,
1596 249 1627 279 si
1650 248 1702 279 ita
1725 249 1760 279 in
1786 247 1979 291 actisfzcz't.
2016 259 2082 291 pro

178 304 301 335 Iinlon.
325 304 505 341 XXXIII,
531 314 583 345 90.
608 316 818 348 quamquam
841 310 928 336 esset
950 304 1114 335 miserum
1137 303 1176 334 id
1198 303 1323 345 ipsum.
1345 300 1387 331 ad
1411 301 1493 332 Diu.
1517 302 1604 339 Ml,
1633 313 1660 332 1.
1693 313 1905 344 quamquam
1922 301 2083 344 primum

178 356 331 399 quidque
353 357 572 399 explicemus.
597 356 637 386 de
662 356 724 387 Or.
751 357 800 393 ΙΙ,
824 356 884 398 47,
913 368 982 398 197.
1007 367 1216 399 quamquam
1240 360 1272 386 1‘e
1297 355 1436 398 quidem
1459 355 1545 398 quid
1566 355 1629 385 lzoc
1654 354 1818 384 doceam?

263 408 323 441 ,Ne
346 409 432 452 quid
453 409 526 451 ipse
550 407 738 452 offendam)
782 410 837 440 Ne
867 409 949 451 quid
980 409 1051 450 ipse
1082 406 1303 448 committam,
1342 407 1435 449 quod
1457 406 1665 449 reprehendi
1689 406 1814 448 possit,
1855 404 1884 438 si
1906 404 2023 437 Planci
2043 404 2082 437 in

179 471 234 492 me
256 460 379 492 merita
400 471 503 502 supra
524 460 665 491 modum
693 460 849 493 ecferam.
894 462 1111 493 MANUTms.

263 513 349 545 Cum
372 512 577 555 respondero
610 514 824 554 criminibus)
868 514 949 545 Non
981 518 1077 544 erant
1106 511 1266 550 crimina,
1302 510 1423 553 quibus
1456 510 1695 553 respondebat.
1743 511 1881 543 Rectius
1910 511 2015 553 igitur
2037 511 2081 552 E,

179 578 257 598 cum
278 566 485 609 respondero
510 565 677 605 omnibus,
703 566 868 598 nimirum
891 565 1168 603 accussatoribus‚
1197 564 1257 606 qui
1279 564 1380 606 plura
1405 575 1512 605 paene
1534 563 1575 594 de
1591 575 1645 594 me
1667 576 1769 605 quam
1795 564 1836 595 de
1861 577 1920 596 reo
1950 564 2079 596 dicunt.

180 619 388 650 GRAEUms.
435 619 555 660 Inepte
586 619 633 649 sic
660 619 779 650 Cicero
808 620 941 651 locutus
973 624 1077 657 esset,
1121 628 1198 648 cum
1233 616 1300 647 duo
1332 622 1467 648 tantum
1500 623 1611 648 essent
1641 623 1877 649 accussatores.
1923 617 2081 649 Crimina

177 677 257 702 sunt
284 677 533 702 accussatorum
567 671 674 710 dicta,
715 672 836 714 quibus
860 671 1036 702 Plancium
1071 669 1328 713 dampnandum
1360 680 1430 700 csse
1458 668 1637 700 ostendere
1665 671 1877 701 studuerant.
1922 669 1967 700 Iis
2001 674 2081 700 ante

179 723 294 754 omnia
316 735 351 754 se
374 723 583 766 respondere
611 725 701 755 uelle
726 725 845 756 Cicero
877 723 976 761 dicit⁷
1016 735 1059 754 ne
1082 734 1150 754 non
1175 728 1246 753 tam
1269 721 1463 752 innocentia
1495 733 1573 753 reus
1597 734 1677 762 sua,
1713 735 1813 765 quam
1842 721 2081 753 recordatione

177 788 318 808 suorum
343 783 541 819 temporum
565 776 721 808 defensus
746 788 815 807 esse
841 776 1009 808 uideatur.
1057 776 1194 808 Crimen
1218 781 1333 805 autem
1358 786 1458 805 omne
1481 774 1517 805 id
1541 774 1625 813 dici,
1660 775 1751 817 quod
1776 775 1877 806 alicui
1900 774 2078 814 obiciatur,

177 841 255 861 cum
277 829 415 861 aliunde
439 837 569 862 constat
592 836 665 861 tum
690 829 857 872 exemplis
880 829 1042 871 probauit
1064 841 1081 859 e
1106 829 1270 860 Cicerone
1292 827 1408 869 petitis
1434 827 1633 869 Cannegies.
1656 828 1699 858 ad
1721 828 1848 860 Auian.
1871 827 1952 859 Fab.
1975 827 2079 866 XIV,

181 893 250 920 12.‚
290 894 391 924 quem
415 882 685 914 conmemorauit
709 882 936 923 Garatonius,
971 882 1029 924 qui
1054 881 1144 924 quod
1170 879 1338 923 scriptum
1360 892 1379 912 a
1403 880 1569 912 Cicerone
1591 880 1695 912 fuisse
1718 880 1923 923 suspicatur,
1958 879 2079 912 crimi-

177 936 279 968 nibus
302 936 476 974 omnibus,
506 936 581 966 loeo
606 947 673 966 non
694 941 855 977 aptumst.

265 991 295 1031 ς.
320 990 350 1021 5.
395 989 440 1021 In
462 1000 586 1020 caussa
601 987 714 1031 facili
736 994 840 1031 atque
864 986 1053 1031 explicata)
1102 986 1226 1017 Caussa
1250 985 1376 1016 dicitur
1395 985 1536 1028 facilis,
1565 997 1649 1028 quae
1673 986 1745 1017 sine
1767 987 1840 1018 ullo
1863 986 2000 1028 negotio
2023 983 2077 1028 agi

176 1048 299 1087 potest,
316 1042 503 1085 explicata,
519 1052 603 1083 quae
619 1046 688 1072 tam
704 1040 837 1082 planast
854 1052 890 1071 ac
903 1039 1092 1083 perspicua,
1110 1044 1146 1069 ut
1162 1038 1315 1069 minume
1332 1038 1487 1079 longiore
1507 1045 1602 1080 egeat
1614 1039 1838 1081 expositione,
1854 1051 1919 1081 qua
1935 1038 2075 1079 iudices,

177 1096 260 1140 quid
289 1095 440 1127 iudicare
473 1094 635 1134 debeant,
673 1093 869 1125 doceantur.
913 1094 1071 1133 Utroque
1094 1089 1200 1122 uerbo
1227 1091 1460 1123 innocentiam
1482 1091 1597 1122 Planci
1624 1090 1798 1123 facillume
1822 1092 1955 1124 ostendi
1977 1102 2077 1135 posse

178 1150 381 1182 declaratur.
1115 1149 1120 1152 ”

261 1201 491 1246 ΡεΓᾱξθῖοἱίἰε
513 1206 546 1233 et
569 1201 705 1233 lubrica
728 1199 940 1244 defensionis
965 1197 1069 1238 ratio)
1114 1197 1208 1228 Bene
1232 1196 1358 1228 dicitur
1381 1195 1587 1229 defensionis
1609 1198 1695 1229 ratio
1712 1199 1847 1232 lubrica
1870 1198 2078 1242 opponitur-

177 1268 242 1299 que
266 1267 400 1287 caussae
424 1255 629 1299 explicatae.
674 1255 765 1286 Nam
788 1254 933 1284 uerbum
957 1251 1131 1290 lubricus,
1156 1249 1247 1292 quod
1269 1250 1412 1293 proprie
1435 1250 1476 1281 de
1500 1250 1556 1281 uia
1583 1250 1750 1283 eiusmodi
1775 1252 1916 1292 dicitur,
1951 1252 1988 1283 in
2011 1263 2078 1294 qua

174 1309 273 1341 facile
293 1309 413 1340 cadere
431 1319 632 1351 possumus,
666 1305 872 1338 transfertur
895 1305 936 1336 ad
961 1316 999 1334 ea
1020 1302 1242 1345 designanda,
1282 1314 1366 1344 quae
1391 1314 1549 1334 errorum
1570 1309 1603 1334 et
1625 1310 1842 1346 peccatorum
1867 1305 2077 1337 occasionem

173 1363 348 1406 praebent.
394 1360 568 1403 Significat
590 1360 710 1392 Cicero
734 1359 912 1391 Plancium
935 1356 1074 1388 defendi
1104 1357 1165 1388 uix
1192 1366 1310 1398 posse,
1349 1355 1416 1387 nisi
1445 1362 1484 1387 ut
1508 1355 1611 1387 simul
1633 1357 1845 1397 Laterensis,
1888 1357 1988 1389 amici
2010 1357 2077 1398 sui,

173 1416 306 1448 animus
331 1414 536 1446 offendatur.

259 1469 355 1502 Milli
374 1473 492 1499 antem
515 1479 582 1499 non
606 1467 645 1499 id
672 1472 722 1499 est
746 1467 782 1499 in
805 1467 870 1499 hac
894 1478 930 1498 re
960 1465 1275 1502 molestissumum,
1311 1468 1431 1495 contra
1460 1463 1562 1494 illum
1591 1463 1722 1503 (licere,
1765 1469 1817 1494 set
1847 1464 1964 1506 multo¹
1991 1464 2075 1496 illut

174 1522 306 1565 magis,
341 1520 445 1564 qnod)
491 1520 585 1550 Haec
609 1526 659 1551 est
682 1526 904 1563 optumorum
927 1529 965 1549 ac
987 1518 1229 1561 plurumorum
1253 1517 1422 1547 librorum
1449 1515 1634 1558 scriptura,
1669 1516 1709 1546 dc
1734 1527 1799 1557 qua
1822 1522 1939 1547 mouet
1962 1517 2075 1548 Gara-

174 1575 305 1606 tonius:
330 1571 568 1612 „Defenditur
591 1584 629 1603 ea
652 1572 851 1615 dupliciter:
876 1578 950 1602 tum
972 1582 1035 1613 per
1059 1570 1196 1612 ellipsin
1219 1570 1312 1601 uocis
1336 1570 1459 1608 solum,
1482 1574 1539 1599 aut
1561 1570 1671 1609 modo,
1695 1580 1795 1610 quam
1820 1575 1938 1599 contra
1962 1570 2074 1600 Grae-

173 1629 269 1660 uium
293 1624 587 1669 propugnauimus
610 1625 652 1656 ad
671 1626 731 1656 ΙΙΙ.
755 1625 791 1656 in
815 1626 917 1657 Ucrr.
945 1635 971 1655 1.
997 1629 1030 1654 et
1052 1623 1093 1653 ad
1119 1624 1162 1653 ΙΙ.
1188 1623 1273 1664 Agr.
1302 1623 1349 1653 16.
1374 1622 1573 1663 adfigimusg
1601 1627 1672 1653 tum
1700 1622 1801 1653 etiam
1825 1622 1926 1664 longe
1948 1622 2072 1655 melius

159 1681 260 1714 *nihil
282 1677 536 1716 subaudiendo,
571 1683 609 1709 ut
632 1677 761 1709 dixerit
781 1678 919 1716 Cicero,
957 1688 1162 1718 quamquam
1181 1676 1215 1706 id
1241 1675 1305 1706 sibi
1331 1675 1513 1706 molestum
1535 1674 1595 1713 sit,
1632 1685 1699 1705 non
1724 1685 1795 1705 esse
1821 1680 1935 1705 tamen
1958 1676 2072 1706 mole-

170 1736 379 1771 stissumum‚
403 1742 481 1762 cum
503 1731 589 1762 aliut
608 1730 750 1762 subiciat
772 1732 882 1763 multo
904 1731 1020 1773 magis
1043 1729 1107 1760 sibi
1129 1729 1349 1760 molestum.“
1394 1727 1494 1759 Nihil
1508 1727 1608 1769 plane
1619 1726 1934 1758 subaudiendumst.
1980 1729 2072 1759 Nam

172 1799 275 1832 quam
298 1783 501 1828 particulam
523 1783 657 1814 librarii
679 1784 838 1815 nonnulli
861 1783 1068 1815 addiderunt
1090 1782 1202 1814 solum
1225 1781 1281 1812 uel
1303 1781 1421 1818 modo,
1453 1791 1490 1810 ea
1511 1785 1583 1809 tum
1608 1785 1739 1810 tantum
1764 1780 1950 1811 necessaria
1973 1787 2069 1821 esset,

172 1842 201 1873 si
225 1843 425 1880 sequeretur
455 1836 623 1879 positiuos
648 1838 841 1870 molestum.
884 1837 936 1868 Eo
969 1836 1060 1867 enini
1090 1835 1202 1878 posito
1228 1841 1261 1865 et
1284 1834 1407 1865 omissa
1428 1832 1487 1863 illa
1515 1832 1681 1875 particula
1704 1832 1844 1864 omnino
1868 1832 1932 1863 sibi
1958 1833 2070 1864 mole-

172 1900 263 1927 stum
286 1891 406 1923 Cicero
428 1895 569 1932 negaret
592 1902 679 1931 esse,
705 1896 822 1921 contra
844 1891 1066 1922 Laterensem
1090 1889 1213 1919 dicere.
1257 1887 1368 1928 Atqui
1390 1886 1544 1917 minume
1567 1892 1677 1927 negat,
1701 1885 1765 1916 sibi
1787 1886 1866 1916 illut
1884 1885 2068 1918 molestum

173 1958 262 1986 esse,
291 1949 358 1983 set,
386 1953 590 1985 quamquam
613 1944 682 1975 iam
707 1944 773 1975 hoc
795 1943 979 1974 molestum
1000 1943 1060 1981 sit,
1088 1949 1201 1973 tamen
1227 1940 1313 1972 aliut
1342 1939 1443 1970 etiam
1471 1938 1648 1969 molestius
1684 1937 1842 1968 accedere
1863 1937 1955 1968 dicit.
2000 1939 2067 1970 Su-

170 1997 377 2044 perlatiuom
399 2002 514 2027 autem
536 2007 612 2027 cum
627 1996 743 2039 posuit
764 1997 1068 2034 mohestissumnm,
1093 2007 1162 2026 non
1187 1995 1327 2026 omnino
1351 1999 1469 2024 contra
1488 1993 1710 2023 Laterensem
1734 1990 1846 2021 dicere
1868 1990 1933 2021 sibi
1954 1992 2068 2023 mole-

170 2060 261 2087 stum
285 2061 355 2082 esse
377 2054 493 2091 negat,
527 2054 578 2079 set
601 2048 767 2080 eiusmodi
793 2049 874 2090 quid
899 2060 969 2080 esse
992 2054 1108 2090 negat,
1142 2048 1232 2090 quod
1258 2057 1420 2078 maxume
1441 2045 1625 2076 molestum
1648 2044 1701 2075 sit.
1747 2044 1825 2085 Quo
1848 2042 1952 2074 simul
1973 2044 2066 2076 adsi-

169 2105 323 2150 gnificat,
346 2101 431 2132 aliut
454 2100 632 2141 accedere,
658 2101 749 2144 quod
772 2101 949 2132 molestius
973 2101 1075 2132 etiam
1097 2101 1151 2132 sit.
1196 2102 1314 2141 Itaque
1335 2099 1408 2130 solo
1432 2097 1643 2140 superlatiuo
1666 2096 1701 2128 id
1724 2095 1839 2138 ipsum
1862 2096 2063 2137 declaratur,

170 2157 262 2203 quod
284 2157 423 2188 fuerunt
448 2154 508 2196 qui
529 2154 746 2186 scribendum
768 2159 948 2196 putarent,
989 2155 1101 2186 solum
1131 2153 1323 2185 molestum.
1369 2152 1531 2182 Ceterum
1554 2149 1751 2180 rectissume
1780 2154 1858 2190 post
1879 2149 2063 2191 superlati-

168 2223 252 2244 uom
274 2208 371 2251 sequi
394 2206 649 2249 conparatiuom
671 2217 780 2248 posse,
804 2206 852 2238 sic
872 2213 912 2237 ut
933 2207 1011 2249 plus
1036 2218 1136 2248 quam
1160 2204 1386 2247 superlatiuos
1410 2203 1593 2245 significet,
1619 2202 1741 2232 docent
1762 2200 1799 2231 hi
1822 2200 1906 2232 loci:
1932 2202 2001 2234 Cic.
2024 2202 2062 2235 in

171 2265 245 2297 Cat.
267 2263 336 2301 ΙΙΙ,
369 2262 408 2300 5,
436 2260 484 2291 15.
518 2271 559 2291 ac
581 2259 668 2290 mihi
690 2259 829 2301 quidem
854 2273 932 2292 cum
954 2261 1019 2292 illa
1041 2260 1246 2291 certissuma
1266 2263 1349 2289 sunt
1372 2257 1451 2289 uisa
1472 2261 1682 2299 argumenta
1705 2259 1809 2296 atque
1831 2254 1965 2286 indicia
1987 2267 2060 2288 sce-

171 2316 274 2355 leris,
315 2320 390 2346 tum
412 2313 522 2345 multo
544 2311 609 2343 illa
632 2311 790 2344 certiora.
834 2312 884 2343 Id.
911 2312 952 2343 de
978 2311 1048 2344 Off.
1073 2312 1140 2351 ΙΙΙ,
1179 2310 1237 2355 54,
1278 2321 1349 2341 121.
1384 2309 1514 2352 tibique
1532 2309 1725 2352 persuade,
1762 2318 1833 2338 esse
1861 2312 1895 2339 te
1919 2309 2059 2351 quidem

170 2367 258 2399 mihi
279 2355 528 2404 carissunmm,
557 2368 607 2396 set
629 2363 739 2395 multo
753 2361 838 2405 fore
860 2366 1040 2398 cariorem.
1082 2363 1134 2396 Id.
1157 2362 1200 2395 ad.
1221 2363 1304 2396 Diu.
1327 2363 1437 2402 XIV,
1461 2361 1500 2400 5,
1524 2371 1553 2392 2.
1588 2372 1652 2403 ego
1674 2366 1792 2393 autem
1812 2360 1876 2392 lzoc
1896 2360 2057 2393 miserior

169 2431 265 2460 sum,
288 2431 392 2463 quam
415 2425 471 2458 tu,
495 2429 582 2462 quae
604 2429 638 2449 es
660 2416 879 2449 miserruma.
