2185 2720
133 157 188 185 16⁴
778 137 1348 173 COMMENTARIUS.

136 227 217 259 chus
241 223 388 267 [Didius]
413 228 446 254 et
468 221 506 255 C.
528 219 657 253 Marius
686 219 958 263 triumpharunt,
991 223 1026 250 et
1049 217 1123 250 ideo
1145 215 1185 248 ad
1206 227 1356 250 summos
1383 215 1530 249 honores
1552 221 1632 248 sunt
1652 216 1748 256 elati,
1781 222 1831 250 set
1855 217 1934 260 quid
1956 216 2003 249 si-

138 279 218 311 mile
240 277 393 309 Plancius
412 274 496 317 egit,
528 278 567 304 ut
588 273 619 303 ei
641 272 786 304 honores
808 271 1071 304 conmittantur?
1115 269 1311 312 Respondet
1332 269 1484 303 Tulliusz
1519 270 1600 302 Non
1621 268 1696 300 ideo
1717 269 1770 301 illi
1790 270 2004 313 magistratus

139 337 219 364 sunt
241 329 358 368 creati,
389 327 477 370 quod
498 325 768 368 triumpharunt,
804 331 854 356 set
876 324 955 367 quia
974 324 1078 356 creati
1099 328 1178 356 sunt
1199 322 1427 365 magistratus,
1465 322 1557 362 ideo,
1593 321 1672 364 quia
1694 331 1772 352 cum
1792 323 2006 365 magistratus

140 389 265 422 essent,
300 382 384 412 bene
411 391 485 412 rem
506 384 691 422 gesserant,
723 377 988 420 triumpharunt.
1029 375 1174 419 Propius
1203 375 1327 407 accedit
1350 375 1391 407 ad
1414 374 1575 406 editiones
1599 380 1632 406 et
1650 374 1735 406 alios
1757 374 1862 407 libros
1883 374 2009 407 Erfur-

141 436 259 469 tensis:
289 434 389 478 quasi
411 445 492 466 uero
514 432 595 470 isti,
625 443 707 474 quos
730 441 978 469 conmemoras,
999 435 1186 474 propterea
1207 429 1321 472 magis
1345 429 1429 470 [non
1451 427 1498 459 ita
1519 428 1653 468 scribit,
1683 433 1734 459 set
1754 437 1892 470 magg.,
1921 426 2009 469 quod

142 496 191 521 est
213 492 409 519 consuetum
430 484 522 516 uocis
544 485 774 528 magistratus
799 482 1046 525 conpendium]
1070 483 1240 526 ceperint,
1269 482 1361 525 quod
1382 481 1644 525 triumpharunt
1665 480 1795 522 [scribit
1817 479 2013 523 triumpha-

143 542 249 583 rant].
293 538 507 581 Legendum:
530 537 759 580 magistratus
782 536 933 580 ceperint
940 549 953 576 ,-
987 534 1160 571 ἀντίθεσις
1179 533 1324 567 ostendit
1346 532 1474 575 liquido
1496 533 1544 564 sic
1565 534 1735 577 scripsisse
1754 530 1921 565 Tullium.
1963 530 2016 563 Hi

143 605 213 626 non
235 597 398 636 ceperunt
418 590 646 633 magistratus,
679 589 767 632 quod
788 589 1060 631 triumpharunt,
1096 594 1147 619 set
1169 587 1248 629 quia
1272 592 1436 629 ceperunt
1458 586 1690 629 magistratus,
1720 586 1810 624 siue,
1838 589 1878 615 ut
1899 582 2016 625 loqui-

144 653 216 685 tur,
241 645 320 688 quia
340 644 381 675 iis
403 642 560 674 conmissi
582 647 661 673 sunt
681 641 909 683 magistratus,
941 652 979 673 re
1000 641 1085 672 bene
1107 646 1196 682 gesta
1218 639 1484 682 triumpharunt.
1509 640 1715 671 GRAEUIUS.
1760 637 1906 680 Uolgata
1931 635 2017 668 scri-

145 705 247 742 ptura
277 698 472 741 [propterea
500 695 614 738 magis
642 695 745 727 laude
757 691 901 736 fuerint
923 694 1041 738 digni,
1080 693 1170 738 quod
1199 693 1476 737 triumpharunt]
1506 691 1632 734 partim
1663 690 1794 734 egregie
1822 694 1967 722 sanatast
1996 699 2019 720 a.

148 750 314 789 Graeuio,
350 749 476 792 partim
501 748 614 790 aliquo
636 746 735 778 modo
759 746 799 778 ab
822 745 960 779 Ursino.
1004 748 1094 779 Nam
1116 746 1311 788 intellegere
1341 756 1396 777 me
1417 744 1569 776 nondum
1591 756 1690 788 posse
1711 743 1893 784 confiteor,
1929 753 2018 785 quo-

148 804 247 836 modo
272 801 457 841 Graeuius‚
494 800 553 842 qui
582 800 648 831 loci
677 799 878 831 sententiam
905 799 1026 842 procul
1051 798 1151 829 dubio
1181 798 1374 841 perspexit,
1409 797 1480 829 eius
1510 798 1651 829 alteram
1679 797 1862 829 sententiae
1882 801 2019 838 partem

149 863 226 900 apte
249 868 285 887 ac
310 854 452 886 dilucide
473 853 525 885 his
547 852 659 884 uerbis
685 851 832 894 exprimi
854 851 898 883 sit
918 851 1116 883 arbitratus:
1153 856 1186 883 et
1203 862 1290 889 non,
1322 851 1406 894 quia
1427 851 1588 884 conmissi
1607 855 1688 883 sunt
1710 850 1755 882 iis
1776 849 2021 892 magistratus,

151 911 187 942 in
211 909 334 953 quibus
355 919 391 939 re
413 907 492 939 bene
511 911 612 949 gesta
634 905 900 948 triumpharent.
942 905 1083 943 Nonne,
1122 903 1210 945 quod
1231 903 1428 945 praecessit,
1465 902 1636 935 subaudiri
1657 901 1808 944 uidetur,
1835 907 1875 933 ut
1894 901 1956 941 sit,
1986 906 2021 934 et

153 975 220 995 non
242 961 470 1004 magistratus
499 958 666 1002 ceperint,
701 958 784 1001 quia
811 957 971 990 conmissi
998 962 1080 989 sunt
1107 957 1151 988 iis
1179 956 1433 999 magistratus?
1480 955 1690 998 [Necessario
1713 954 1753 985 ad
1773 955 1878 987 uerba
1899 960 1932 987 et
1953 965 2022 986 non

155 1026 199 1046 ex
221 1014 355 1055 uolgata
376 1012 542 1054 scriptura
570 1008 744 1041 referenda
772 1015 851 1041 sunt
873 1021 927 1049 ea,
966 1020 1050 1051 quae
1072 1008 1296 1040 subaudienda
1318 1008 1520 1040 Garatonius
1549 1008 1654 1049 dicit.]
1701 1007 1790 1048 Quid
1813 1012 1928 1039 autem
1947 1005 2025 1037 fieri

154 1072 267 1110 potest
287 1064 484 1097 absurdius?
528 1064 648 1104 Neque
670 1062 775 1093 ullam
798 1061 1011 1104 probabilem
1032 1061 1199 1092 rationem
1223 1060 1339 1100 uideo,
1379 1072 1444 1102 qua
1472 1061 1576 1092 uerba
1602 1059 1797 1101 pertraham
1824 1059 1864 1090 ad
1886 1064 2025 1091 senten-

156 1121 256 1159 tiam,
281 1129 364 1161 quae
387 1123 446 1157 est,
470 1122 502 1149 et
524 1128 590 1148 non
614 1115 875 1158 triumpharint,
903 1115 985 1158 quia
1007 1119 1081 1152 etc-3
1106 1124 1216 1155 neque
1241 1113 1326 1144 aliut
1346 1118 1456 1144 statuo
1481 1113 1633 1155 uolgatae
1658 1112 1710 1143 illi
1731 1122 1905 1155 pessumae
1929 1121 2026 1141 caus-

157 1184 227 1205 sam
248 1171 382 1210 dedisse,
407 1180 507 1212 quam
528 1169 619 1200 hunc
642 1168 678 1199 in
702 1167 785 1199 Msis
811 1165 1056 1209 antiquioribus
1076 1166 1203 1198 nodum
1225 1171 1258 1197 et
1281 1176 1443 1197 errorem.
1485 1166 1575 1197 Nam
1597 1170 1687 1196 certe
1708 1164 1810 1196 silent
1829 1164 1885 1195 hic
1907 1174 2024 1196 omnes

159 1230 292 1268 praeter
317 1222 497 1261 Ursinum3
521 1220 612 1252 cuius
639 1220 773 1263 quidem
796 1218 900 1250 codex
918 1218 999 1250 nuic
1019 1219 1172 1249 medetur
1193 1217 1406 1250 incommodo
1430 1218 1611 1257 exhibens,
1634 1217 1671 1249 in
1693 1217 1737 1250 iis
1760 1228 1797 1249 re
1818 1216 1899 1249 bene
1921 1221 2024 1260 gesta

162 1276 431 1321 triumpharint:
454 1280 504 1306 set
525 1285 646 1316 parum
666 1273 719 1304 illi
741 1271 880 1312 confido,
904 1277 938 1303 et
950 1283 1069 1303 manus
1090 1271 1126 1302 in
1139 1282 1178 1302 eo
1200 1271 1288 1303 libro
1312 1270 1547 1303 emendatrices
1568 1270 1768 1312 adgnoscere
1788 1269 1874 1301 mihi
1894 1268 2024 1301 uideor.

162 1331 286 1364 Nescio
309 1341 409 1367 uero,
442 1339 484 1359 an
506 1327 551 1359 ita
572 1331 719 1369 praestet
740 1326 871 1368 legere:
906 1331 940 1358 et
960 1337 1028 1357 non
1050 1324 1209 1356 conmissi
1229 1325 1299 1356 sint
1320 1324 1364 1356 iis
1387 1326 1635 1368 magistratus,
1667 1323 1705 1356 in
1727 1322 1849 1367 quibus
1871 1328 1952 1362 etc„
1984 1332 2030 1353 an

163 1383 232 1415 sint
252 1382 355 1414 uerba
375 1381 451 1421 illa,
490 1381 526 1412 in
550 1379 691 1423 quibus,
727 1379 880 1419 delenda,
921 1384 955 1410 et
979 1377 1018 1408 ab
1045 1377 1170 1409 Ursino
1199 1376 1398 1408 sumendum
1420 1377 1564 1419 aliquid,
1605 1382 1644 1407 ut
1664 1375 1861 1408 habeamus:
1894 1380 1929 1407 et
1948 1385 2030 1413 non,

164 1436 248 1479 quia
270 1435 429 1467 conmissi
450 1439 531 1466 sunt
554 1434 598 1465 iis
619 1433 859 1477 magistratus,
882 1444 919 1466 re
939 1432 1020 1465 bene
1040 1436 1142 1474 gesta
1164 1431 1425 1474 triumpharint.
1469 1430 1602 1463 Ueritas
1625 1434 1674 1460 est
1695 1428 1802 1459 adhuc
1823 1439 1843 1459 a
1863 1426 1947 1460 Msis
1967 1437 2032 1459 ex-

164 1488 336 1531 pectanda.
374 1488 631 1518 GARATONIOE.
675 1486 767 1517 Idem
791 1485 827 1516 in
852 1484 950 1517 Curis
974 1484 1046 1515 Sec.
1068 1484 1150 1515 haec
1170 1483 1320 1515 monuit:
1359 1483 1430 1523 „In
1450 1482 1571 1514 Bauar.
1589 1486 1776 1527 propterea
1796 1491 1916 1524 magg.
1937 1490 2033 1523 cepe-

165 1542 257 1580 rint,
295 1541 386 1585 quod
408 1540 677 1583 triumpharant.
720 1538 781 1569 Est
806 1537 909 1580 igitur
931 1537 996 1568 hoc
1018 1536 1119 1568 etiam
1139 1536 1222 1567 duce
1244 1546 1320 1566 cum
1341 1533 1561 1567 Lallemando
1585 1534 1659 1565 sine
1683 1533 1890 1565 dubitatione
1915 1531 2034 1573 legen-

167 1594 262 1632 dum,
298 1593 565 1636 triumpharant.
607 1592 728 1633 Neque
749 1591 848 1622 aliter
867 1590 934 1621 duo
957 1600 1091 1632 quoque
1113 1589 1325 1621 Oxouienses
1359 1588 1408 1630 [et
1429 1585 1530 1626 Erf.].
1573 1585 1694 1618 Altera
1714 1598 1791 1629 pars
1819 1584 1978 1617 mendosa
1996 1583 2036 1616 in

170 1646 326 1678 omuibus
348 1645 443 1677 libris
467 1651 532 1684 est,
556 1651 606 1676 set
628 1644 663 1675 in
685 1643 868 1676 Ursiniano
891 1643 1021 1681 minus3
1045 1653 1089 1674 ex
1110 1653 1177 1684 quo
1203 1640 1403 1672 sumendum
1424 1645 1482 1678 est,
1504 1638 1776 1682 triumpharint,
1797 1643 1836 1669 ut
1856 1636 2034 1668 adiecticiis

170 1698 320 1741 expulsis
342 1698 388 1730 sic
412 1697 554 1740 denique
576 1704 665 1729 totus
687 1697 780 1728 locus
803 1695 975 1727 emendate
995 1695 1141 1738 legatur:
1165 1695 1276 1735 Quasi
1297 1705 1378 1726 uero
1400 1692 1479 1729 isti,
1505 1703 1587 1734 quos
1612 1702 1859 1729 conmemoras,
1874 1694 2037 1733 propter-

170 1764 210 1784 ea
232 1752 462 1794 magistratus
485 1751 655 1794 ceperint,
687 1749 777 1793 quod
797 1749 1072 1792 triumpharant,
1104 1753 1137 1779 et
1158 1759 1242 1786 non,
1272 1747 1355 1790 quia
1376 1743 1535 1777 conmissi
1556 1749 1637 1775 sunt
1659 1744 1703 1775 z'is
1724 1743 1971 1786 magistratus,
1999 1752 2038 1774 re

171 1803 251 1835 bene
273 1809 373 1846 gesta
396 1803 657 1847 triumpharint.
700 1802 794 1834 Haec
822 1813 898 1833 mea
925 1806 1022 1832 uetus
1051 1805 1100 1831 est
1122 1798 1328 1837 emendati03
1368 1804 1420 1830 set
1441 1807 1545 1839 quom
1567 1795 1803 1838 proposuerim
1822 1794 1918 1834 duas,
1952 1794 2039 1826 hanc

172 1867 228 1888 me
253 1867 341 1887 nuuc
364 1856 461 1887 alteri
483 1854 650 1898 praeferre
673 1854 763 1893 dico,
790 1854 827 1885 in
850 1864 915 1896 qua
937 1852 1086 1884 delebam
1109 1852 1207 1895 quia,
1237 1857 1276 1883 ut
1296 1861 1467 1883 seruarem
1489 1850 1526 1881 in
1549 1848 1681 1893 quibus,
1723 1849 1855 1882 Uerum
1878 1847 1960 1890 quia
1982 1856 2040 1877 re-

174 1909 315 1952 spondet
337 1908 505 1950 superiori
528 1908 635 1952 quod,
671 1918 774 1948 eaque
798 1918 836 1938 re
857 1907 971 1938 locum
992 1910 1107 1936 tuetur
1127 1915 1245 1942 suum;
1285 1909 1319 1934 at
1341 1904 1378 1935 in
1401 1902 1522 1947 quibus
1543 1908 1618 1934 tum
1641 1911 1702 1943 per
1724 1911 1759 1931 se
1783 1899 1920 1937 inutile,
1955 1903 2041 1938 tum,

174 1962 241 1994 nisi
262 1962 345 2006 quia
370 1961 576 2004 expellatur,
615 1959 806 1990 absurdum.
850 1957 1024 1992 Ursiniani
1050 1967 1128 1998 ergo
1155 1956 1273 1988 codicis
1295 1956 1518 1999 interpolator
1540 1952 1712 1987 substituit
1733 1953 1844 1985 iniis.
1886 1951 2043 1983 Placetne

176 2015 226 2047 bis
248 2025 417 2058 proxume
438 2014 485 2045 ita
507 2013 656 2057 positum
680 2013 750 2044 iis?
772 2012 871 2054 idque
892 2011 987 2042 nulla
1007 2009 1048 2040 de
1071 2010 1207 2041 caussa?
1251 2009 1359 2040 Immo
1381 2008 1428 2039 sic
1449 2009 1478 2040 si
1498 2007 1632 2046 fuisset,
1652 2005 1690 2038 in
1709 2004 1832 2049 quibus
1851 2015 1966 2036 omnes
1984 2001 2044 2034 alii

176 2078 246 2099 non
268 2066 478 2098 exhiberent.
522 2066 621 2098 Nihil
642 2066 766 2098 horum
789 2063 926 2096 omnino
949 2062 1033 2101 fuit3
1066 2061 1362 2104 interpretantium
1383 2060 1622 2097 additamenta,
1650 2068 1720 2088 non
1743 2057 1847 2088 uerba
1873 2054 2044 2088 Ciceronis

178 2131 249 2151 esse
272 2119 450 2150 existumo.
496 2119 554 2150 Set
574 2130 712 2150 manum
734 2117 773 2149 de
795 2116 918 2148 tabula.
963 2116 1112 2147 Tantum
1134 2114 1235 2154 addo,
1270 2113 1377 2144 deleto
1401 2113 1484 2156 quia
1506 2112 1608 2143 etiam
1629 2111 1700 2143 sint
1725 2116 1840 2141 contra
1863 2109 1967 2141 libros
1987 2117 2045 2139 re-

178 2171 372 2216 ponendum
403 2183 472 2203 esse
497 2183 561 2214 pro
585 2177 682 2210 sunt,
721 2182 786 2213 quo
815 2168 926 2200 lenior
949 2167 1135 2199 emendatio
1163 2167 1270 2198 altera
1290 2165 1454 2196 uideatur.
1465 2167 1486 2183 ‘⁶
1528 2164 1627 2196 Hanc
1649 2163 1813 2195 Garatoni
1841 2158 2046 2193 emendatio-

181 2236 276 2264 nem,
312 2225 349 2257 in
373 2225 493 2268 quibus
516 2223 664 2256 eicientis
687 2229 720 2254 et
741 2233 804 2265 pro
828 2222 1084 2265 triumpharent
1105 2218 1280 2252 scribentis
1303 2217 1571 2261 triumpharint,
1606 2216 1681 2248 iure
1703 2214 1854 2248 Orellius
1875 2212 1942 2244 iam
1963 2221 2047 2254 pro-

182 2277 286 2309 bault.
329 2278 414 2309 Puto
438 2284 550 2309 autem
571 2276 675 2308 uerba
696 2276 733 2308 in
755 2274 877 2319 quibus
899 2273 1006 2305 addita
1027 2273 1068 2304 ab
1091 2272 1277 2315 interprete
1302 2282 1390 2311 esse,
1413 2270 1471 2313 qui
1492 2269 1718 2302 antecedentia
1738 2274 1772 2302 et
1792 2277 1858 2300 non
1878 2264 1963 2308 quia
1985 2268 2046 2294 etc·

183 2342 291 2362 unum
321 2331 449 2362 efficere
478 2329 669 2361 membrum
698 2332 857 2370 putasset.
902 2326 980 2368 Quo
1011 2325 1098 2357 facto
1125 2324 1299 2366 sequentia
1326 2336 1362 2356 re
1383 2323 1464 2356 hene
1480 2330 1582 2368 gesta
1608 2328 1668 2354 etc.
1697 2321 1792 2353 nullo
1817 2329 1893 2349 cum
1914 2322 2049 2348 antece-

184 2383 338 2414 dentibus
360 2383 495 2414 uinculo
522 2382 699 2413 coniuncta
720 2379 883 2411 debebant
905 2378 1024 2410 uideri.
1070 2379 1318 2421 Saepenumero
1341 2383 1453 2408 autem
1473 2387 1578 2419 praua
1599 2371 1825 2416 interpunctio
1848 2370 2049 2412 interpretes

186 2436 341 2474 adduxit,
379 2441 417 2467 ut
437 2435 612 2473 adderent,
650 2444 734 2475 quae
763 2443 783 2464 a
804 2443 903 2464 sensu
928 2431 1038 2463 aliena
1066 2436 1156 2463 sunt.
1199 2430 1250 2462 Ita
1270 2440 1373 2472 supra
1398 2429 1437 2460 C.
1459 2428 1560 2461 XVI.
1583 2428 1614 2470 ξ.
1637 2427 1688 2468 59.
1716 2436 1780 2469 pro
1803 2423 1946 2467 genuina
1965 2421 2050 2454 scri-
