2185 2720
883 128 908 158 c
928 127 957 157 A
978 129 1019 158 P.
1057 127 1166 158 xvn.
1195 125 1224 167 §.
1251 132 1296 161 41.
1979 139 2035 168 129

143 219 250 251 neque
281 205 392 239 editos
421 205 469 237 ad
496 203 727 243 reiciendum,
761 210 812 237 set
833 203 876 237 ab
898 210 1117 237 accussatore
1145 204 1350 236 constitutos
1373 205 1505 239 iudices
1528 206 1579 239 ita
1592 204 1771 250 feremus,
1805 212 1845 239 ut
1867 207 2037 241 neminem

142 260 351 293 reiciamus?
393 258 573 289 Praeterea
599 269 676 288 cum
699 257 884 300 superioris
908 256 992 299 legis
1018 257 1195 288 commoda
1219 268 1296 288 cum
1319 258 1458 290 alterius
1482 259 1707 291 incommodis
1733 258 1966 301 conferantur,
1991 273 2035 294 ex

141 312 280 346 delectis
303 310 488 349 iudicibus,
514 322 557 341 ex
580 309 674 341 omni
695 310 844 352 populo3
876 309 984 340 editos
1007 309 1048 340 ad
1072 309 1301 350 reiciendum,
1326 311 1528 342 constitutos
1551 313 1624 342 sine
1647 312 1847 344 reiectione:
1882 311 1909 344 si
1932 324 2035 355 prae-

139 373 205 405 tor,
232 377 302 397 uon
324 369 513 395 accussator
534 361 694 393 edidisset
716 362 843 394 iudices
867 362 944 393 illos
967 367 1103 392 centum
1126 361 1248 404 uiginti
1273 364 1434 407 quinque,
1459 363 1600 395 dixisset
1622 365 1742 406 procul
1766 364 1871 396 dubio
1896 365 2033 398 Cicero:

140 431 248 463 neque
278 418 387 450 editos
417 430 440 449 a
456 421 621 459 praetore
648 417 697 448 ad
718 416 948 455 rcicivndmn,
981 421 1032 447 set
1055 415 1096 447 ab
1118 423 1337 449 aecussatore
1361 418 1583 456 constitutos,
1618 422 1700 455 etc-3
1735 417 1826 459 quod
1850 417 1941 449 euim
1964 429 2035 450 non

140 472 253 504 solum
274 470 493 502 reiectionem
513 480 583 500 non
606 468 762 508 tolleret,
788 480 909 500 uerum
931 467 1065 499 iuberet
1087 468 1188 500 etiam
1213 469 1268 500 edi
1289 481 1309 501 a
1331 476 1489 513 praetore
1512 469 1659 510 iudices,
1694 477 1819 512 quanto
1843 471 1955 502 lenior
1974 471 2033 503 lex

140 525 199 556 illa
220 523 355 561 fuisset,
379 533 464 564 quae
486 528 601 553 tamen
622 520 734 552 fuerat
756 521 958 564 repudiata?
984 522 1201 554 FERRA'russs
1224 534 1259 565 p.
1285 534 1437 555 21—22.
1485 521 1697 562 Uidendum,
1721 534 1764 554 an
1786 522 1841 554 hic
1863 535 1952 564 reus,
1978 523 2035 555 iu-

139 577 269 610 dicibus
290 575 433 608 LXXV
457 586 499 606 ex
523 586 642 605 eorum
665 585 826 614 numero,
861 586 945 616 quos
968 581 1157 607 accussator
1182 574 1352 615 ediderat,
1385 576 1426 607 ab
1450 586 1485 607 se
1508 575 1660 615 reiectis,
1691 575 1909 618 proposuisse
1930 583 2034 619 atque

139 630 284 664 edidisse
306 628 389 659 alios
411 628 444 659 L
467 626 590 657 deinde
612 627 685 670 ipse
707 627 849 659 dicatur.
894 629 987 660 Nota
1009 633 1059 658 est
1081 627 1225 668 locutio,
1247 628 1347 671 ferre
1368 629 1519 667 iudices,
1545 627 1587 658 de
1611 639 1676 669 qua
1699 627 1849 660 diximus
1873 629 1915 660 ad
1938 641 1966 661 c.
1983 631 2032 661 15.

137 695 201 728 pro
225 680 411 714 Comoedo.
455 680 676 719 Accussator‚
700 679 759 722 qui
782 679 909 711 iudices
933 681 1022 719 edit,
1051 692 1107 712 eos
1130 681 1361 724 utique-fert.-
1386 681 1467 724 quid
1491 692 1590 723 ergo,
1616 680 1644 712 si
1666 692 1744 713 reus
1767 681 1803 712 in
1826 682 2033 714 reiectorum

137 737 251 768 locum
274 734 357 765 alios
380 739 498 765 contra
521 743 734 776 proponens,
767 743 823 764 eos
846 731 978 776 referre
1000 732 1044 764 sit
1068 733 1187 765 dictus.
1234 736 1322 766 Nam
1345 740 1435 766 certe
1457 745 1526 765 non
1550 732 1669 773 uide0‚
1700 735 1873 776 quomodo
1897 735 2032 768 Manuti

137 795 172 822 et
186 786 320 820 Ferrati
343 785 587 828 explicationes
609 785 645 816 id
668 785 813 816 uerbum
835 785 986 827 recipiat.
1032 785 1236 819 Emendatio
1255 793 1369 818 autem
1391 788 1417 820 I.
1432 788 1469 818 F.
1492 786 1650 819 Gronoui
1676 786 1815 830 [ferret,
1839 788 1904 819 hoc
1919 799 2031 829 sensu,

136 846 312 887 pateretur
334 840 406 871 sine
429 838 609 870 sortitione
631 849 675 869 ex
697 837 765 869 illis
789 837 863 877 edi,
899 848 1131 881 quoscumque
1160 840 1265 872 uellet
1288 846 1478 872 accussator
1499 839 1541 870 ad
1565 839 1663 870 illum
1692 850 1890 879 numerum,
1929 851 2032 882 quem

137 907 181 928 ex
203 895 278 936 lege
300 891 450 924 iudicare
475 892 662 933 oporteret]
697 897 730 922 et
752 891 942 933 periculosa
966 897 1015 922 est
1037 898 1070 923 et
1092 892 1183 923 hunc
1204 892 1317 935 ipsum
1340 902 1476 924 sensum
1499 892 1624 924 habere
1646 896 1758 934 potest
1783 891 1957 934 aliumque
1979 893 2031 924 illi

136 947 288 981 tribuere
310 956 381 976 non
402 943 522 975 ausim.
546 944 808 976 Giufi-oxus.
852 943 985 974 Eodem
1008 944 1110 976 modo
1134 952 1234 987 atque
1251 945 1457 978 Garatonius
1481 944 1647 988 explicuit
1670 944 1847 976 Ernestius
1872 944 2032 988 referret,

136 1000 320 1032 adnotans:
352 996 588 1037 „reiectorum
610 996 684 1027 loco
709 995 835 1027 ederet.
845 998 866 1014 “
911 997 961 1029 At
983 1009 1021 1028 ea
1043 998 1286 1040 significatione
1309 1010 1420 1041 neque
1444 998 1572 1029 dictum
1595 996 1676 1028 alibi
1699 1008 1861 1038 umquam
1885 998 2031 1030 uerbum

137 1052 312 1098 referendi
338 1056 404 1090 est,
427 1060 538 1091 neque
561 1048 589 1081 si
611 1049 667 1080 uel
689 1060 851 1080 maxume
877 1048 1004 1081 dictum
1028 1057 1131 1091 esset,
1155 1052 1220 1083 hoc
1241 1052 1355 1094 potuit
1378 1052 1452 1082 loco
1476 1051 1556 1084 dici.
1599 1049 1752 1081 Primum
1778 1050 1868 1081 enim
1892 1057 2031 1082 senten-

136 1107 183 1139 tia
206 1104 310 1137 totius
334 1102 401 1135 loci
422 1102 646 1145 apertissiune
671 1101 835 1140 declarat,
861 1102 1060 1145 Ciceronem
1085 1104 1126 1134 de
1149 1104 1275 1135 iudicio
1299 1103 1468 1135 eiusmodi
1494 1103 1607 1146 loqui,
1631 1104 1667 1135 in
1691 1116 1757 1145 quo
1781 1103 1900 1135 acerba
1926 1102 2030 1135 suerit

135 1158 204 1198 rei,
244 1168 313 1188 non
345 1154 561 1186 accussatoris
593 1153 759 1185 condicio.
805 1154 938 1196 Quodsi
972 1166 1032 1186 reo
1061 1167 1103 1186 ex
1134 1157 1272 1190 CXXV
1302 1156 1487 1197 iudicibus,
1530 1168 1613 1199 quos
1643 1162 1830 1188 accussator
1864 1155 2028 1195 ediderat,

134 1210 278 1245 LXXV
300 1209 428 1241 reicere
450 1208 565 1247 licuit,
592 1213 626 1238 et
650 1206 715 1250 ipsi
738 1208 768 1239 L
791 1207 910 1246 edere,
939 1207 998 1249 qui
1022 1207 1213 1241 iudicarent
1236 1221 1312 1242 cum
1337 1209 1581 1252 quinquaginta
1603 1210 1687 1250 illis,
1713 1221 1796 1252 quos
1820 1221 1863 1241 ex
1890 1209 2029 1241 CXXV

137 1276 208 1297 non
230 1262 412 1302 reiecerat,
449 1261 486 1293 id
510 1259 601 1304 quod
630 1265 782 1292 statuunt
806 1261 1012 1293 Garatoniiis
1043 1267 1076 1293 et
1100 1270 1142 1293 n.
1164 1263 1277 1295 ·estius
1307 1270 1522 1304 statuereque
1545 1262 1723 1303 debemus,
1762 1262 1790 1294 si
1817 1262 1965 1307 referret
1988 1273 2028 1293 eo

136 1328 203 1360 quo
230 1315 283 1347 illi
308 1315 431 1346 uolunt
454 1325 555 1346 sensu
577 1313 778 1356 accipimus:
813 1312 967 1357 profecto
990 1314 1100 1345 inulto
1123 1317 1331 1347 accitiorem
1354 1316 1571 1348 accussatoris
1596 1328 1696 1358 quam
1719 1316 1769 1347 rei
1793 1316 2028 1348 condicionem

136 1369 240 1402 fuisse
263 1364 414 1410 apparet.
459 1365 619 1405 Accedit,
645 1365 755 1408 quod,
785 1373 824 1398 ut
844 1367 947 1409 paulo
970 1372 1048 1397 ante
1073 1367 1240 1409 uidimus,
1271 1369 1398 1401 iudices
1421 1370 1529 1409 illius,
1561 1369 1602 1400 de
1627 1381 1693 1412 quo
1716 1369 1835 1400 Cicero
1860 1369 2025 1411 loquitur,

134 1421 241 1454 iudici
263 1420 345 1452 dicti
367 1425 447 1451 sunt
469 1420 623 1458 alitia-ii,-
647 1431 713 1460 quo
737 1419 876 1450 nomine
899 1419 995 1450 nullo
1018 1426 1116 1462 pacto
1140 1432 1196 1453 eos
1218 1422 1375 1464 potuisse
1391 1422 1575 1465 appellari,
1607 1434 1753 1464 quorum
1775 1421 1902 1465 partim
1925 1433 1944 1452 a
1965 1432 2026 1452 reo

134 1474 261 1518 partim
283 1473 323 1504 ab
347 1478 555 1503 accussatore
582 1472 665 1503 editi
687 1477 799 1511 erant,
836 1482 879 1502 ex
901 1471 960 1512 iis,
999 1484 1084 1515 quae
1107 1474 1147 1506 ad
1171 1475 1276 1506 uerba
1298 1475 1426 1508 iudicis
1449 1476 1568 1508 editici
1591 1482 1624 1507 et
1649 1475 1782 1517 Proleg.
1806 1486 1840 1517 p.
1865 1473 2026 1506 LXXVI

134 1539 208 1570 sqq.
232 1525 468 1569 exposuimus,
495 1523 675 1556 manifesto
698 1524 920 1567 intellegitur.
964 1526 1122 1567 Denique
1147 1527 1334 1560 insolenter
1357 1529 1457 1560 etiam
1481 1536 1553 1560 tum
1579 1528 1698 1561 Cicero
1720 1528 1853 1559 locutus
1876 1532 1974 1567 esset,
1997 1525 2026 1558 si

134 1580 249 1623 ipsum
270 1579 349 1610 illut
372 1578 536 1616 uerbum,
568 1577 659 1619 quod
681 1577 765 1620 poni
791 1578 952 1617 debebat,
982 1578 1010 1609 si
1033 1579 1083 1618 id,
1116 1580 1206 1621 quod
1232 1582 1438 1613 Garatonius
1462 1588 1495 1614 et
1517 1581 1693 1613 Ernestius
1718 1581 1899 1612 dicendum
1921 1579 2026 1611 fuisse

134 1637 277 1676 putant,
317 1630 430 1661 dicere
458 1630 640 1669 uoluisset,
682 1630 710 1662 si
739 1631 883 1662 uerbum
911 1631 1051 1673 inquam
1074 1633 1188 1665 ederet
1210 1645 1273 1676 pro
1296 1633 1443 1677 referret
1471 1635 1648 1678 posuisset.
1693 1633 1909 1666 Postularent
1932 1632 2025 1664 enim

133 1685 268 1727 linguae
290 1683 397 1726 leges,
430 1690 468 1715 ut
490 1684 594 1715 uerba
616 1685 650 1716 L
674 1685 806 1723 ederet,
838 1684 866 1715 si
890 1690 1000 1715 esseut
1022 1685 1147 1727 posita,
1178 1697 1254 1717 cum
1277 1687 1390 1719 uerbis
1414 1700 1454 1720 ex
1477 1688 1621 1721 CXXV
1641 1687 1814 1720 iudicibus
1838 1687 2025 1728 iungeren-

133 1744 202 1770 tur.
246 1737 357 1778 Atqui
380 1748 424 1768 ex
444 1737 629 1777 iudicibus,
655 1737 696 1768 ab
719 1743 927 1768 accussatore
951 1737 1059 1776 editis,
1084 1739 1211 1772 reicere
1235 1740 1371 1781 quidem
1395 1747 1485 1772 recte
1510 1752 1588 1773 reus
1613 1741 1746 1779 dicitur,
1770 1745 1820 1771 set
1842 1740 1940 1772 edere
1961 1748 2025 1769 nec

135 1791 243 1822 dictus
265 1795 461 1831 umquamst
480 1801 542 1820 nec
565 1791 631 1822 dici
652 1790 776 1833 potuit.
820 1791 937 1831 Itaque
961 1790 1245 1831 certissunmnst,
1269 1799 1358 1824 recte
1381 1793 1591 1833 Fer-ratium,
1616 1795 1709 1826 cuius
1733 1799 1804 1825 tota
1825 1791 1898 1823 fere
1921 1790 2022 1823 huius

134 1843 201 1875 loci
224 1841 406 1884 explicatio
430 1841 528 1872 unice
550 1843 773 1885 probandast,
807 1843 854 1875 sic
878 1843 1076 1886 explanasse
1099 1844 1262 1888 referret,
1296 1851 1334 1876 ut
1355 1857 1490 1878 sensum
1522 1847 1612 1889 quod
1636 1847 1781 1886 adtinet,
1821 1845 1913 1876 idem
1936 1848 2024 1875 esset

134 1901 235 1938 atque
258 1895 433 1927 retineret·
480 1895 723 1936 Quaerendum
747 1896 983 1927 tantummodo
1007 1903 1125 1936 restat,
1151 1898 1323 1939 quomodo
1347 1898 1494 1942 referret
1516 1900 1579 1931 isto
1595 1912 1694 1932 sensu
1717 1897 1875 1941 usurpari
1898 1901 2023 1939 potue-

134 1946 192 1979 rit.
235 1947 316 1979 Non
339 1946 513 1996 adsentior
535 1947 675 1978 omnino
700 1948 851 1987 Orellio,
877 1949 935 1990 qui
958 1957 1137 1992 postquam
1161 1951 1392 1983 Fen—arianam
1416 1952 1516 1983 huius
1539 1952 1604 1984 loci
1627 1950 1944 1995 interpretationem
1965 1960 2023 1980 re-

135 2005 187 2031 cte
207 1999 383 2042 probauit,
417 2000 500 2032 haec
520 2000 669 2032 addidit:
710 2001 908 2045 „Referret
929 2002 1033 2045 igitur
1056 2010 1123 2035 est:
1159 2004 1338 2043 retineret,
1374 2004 1446 2035 siue
1469 2005 1648 2048 acciperet.
1690 2003 1884 2047 Dupliciter
1907 2008 2020 2034 autem

134 2051 300 2095 explicari
327 2058 440 2095 potest
467 2053 551 2085 istoc
579 2054 743 2086 uerbum:
779 2054 926 2098 referret
958 2056 1030 2087 siue
1053 2055 1175 2088 referri
1198 2057 1332 2088 iuberet
1353 2057 1388 2088 in
1411 2057 1526 2088 album
1549 2058 1699 2089 iudicum
1723 2057 1753 2087 ei
1775 2068 1908 2087 caussae
1930 2056 2021 2087 adsi-

133 2110 325 2148 gnatorum,
352 2105 408 2136 uel
427 2106 559 2148 potius:
582 2113 738 2150 acceptos
761 2107 908 2151 referret
929 2108 971 2140 αἱ)
993 2116 1221 2148 accussatore,
1245 2120 1287 2140 ex
1309 2109 1495 2140 notissuma
1519 2109 1665 2142 formula
1689 2116 1867 2154 acceptum
1890 2108 2021 2152 referre

134 2158 229 2202 quid.
271 2158 375 2189 Hunc
394 2165 507 2190 autem
529 2170 730 2200 germanum
753 2172 823 2192 esse
847 2172 982 2192 sensum
1007 2163 1218 2205 comprobant
1240 2162 1312 2205 ipsa
1335 2162 1439 2193 uerba
1462 2162 1543 2204 legis
1568 2164 1748 2203 Seruiliae,
1773 2162 1927 2195 Ferratio
1950 2172 2020 2193 nou

133 2218 356 2251 memoratae,
385 2218 468 2256 aput
491 2212 606 2254 Sigon.
640 2212 681 2243 de
704 2213 841 2245 Iudiciis
865 2215 916 2253 Π,
943 2225 993 2256 27.
1024 2219 1057 2245 et.
1081 2215 1230 2246 Brisson.
1258 2215 1299 2245 de
1318 2213 1420 2245 form.
1444 2214 1521 2246 Lib.
1543 2216 1585 2246 II.
1609 2228 1643 2259 p.
1671 2217 1741 2249 140.
1775 2215 1896 2247 Bach.:
1943 2214 2021 2247 ubei

135 2264 165 2295 is
186 2262 280 2308 (quei
296 2267 406 2308 petet)
428 2266 465 2297 C.
487 2265 582 2296 uiros
606 2266 772 2305 ediderit,
795 2267 1023 2310 iou-raritqae.
1052 2273 1126 2299 tum
1149 2268 1197 2299 eis
1218 2273 1360 2311 praetor
1373 2266 1502 2310 facito.
1528 2269 1601 2300 atei
1623 2270 1653 2300 is
1676 2269 1768 2301 unde
1784 2273 1936 2312 petetur.
1964 2268 2020 2299 die

134 2316 217 2348 XX.
233 2324 420 2362 postquam
443 2318 516 2349 eius
545 2329 665 2349 nomen
689 2319 844 2350 delatum
869 2320 947 2350 erit.
981 2333 1064 2363 qnos
1094 2321 1130 2353 (κ’.
1155 2321 1194 2354 is.
1229 2321 1308 2364 quei
1324 2325 1432 2363 petet.
1468 2332 1508 2351 ex
1530 2321 1595 2352 Ῐιαο
1618 2321 1693 2364 lege
1715 2321 1873 2353 ediderit.
1906 2321 1948 2352 de
1970 2321 2019 2352 eis

135 2368 266 2400 iudices
295 2370 329 2401 L
353 2371 449 2413 legat
477 2370 602 2402 edatue
630 2375 714 2401 eet..
758 2370 814 2402 De
837 2371 886 2403 eis
914 2370 970 2412 (ex
993 2373 1037 2404 iis
1065 2384 1119 2416 ap.
1144 2374 1259 2415 Sigon.
1282 2384 1316 2415 p.
1339 2374 1412 2414 609.
1443 2372 1496 2403 ed.
1519 2373 1615 2415 Lips.
1643 2374 1733 2415 1715.
1757 2373 1799 2403 T.
1827 2374 1872 2414 2.)
1895 2373 2017 2414 inquit,

133 2421 250 2464 legat,
274 2423 419 2462 edatue,
444 2433 514 2454 non
536 2434 638 2455 uero:
662 2423 750 2456 alios
770 2429 890 2456 contra
903 2423 1047 2468 ferat.“
1092 2425 1195 2468 Quod
1217 2424 1369 2458 Orellius
1393 2423 1484 2466 dicit,
1509 2425 1656 2469 referret
1677 2425 1912 2469 accipiendum
1935 2435 2016 2466 esse,

1565 2483 1601 2511 29
