2185 2720
191 154 226 181 98
839 141 1415 173 COMMENTARIUS.

277 221 313 254 E
334 219 434 253 ciuili
446 217 564 263 ferro)
608 217 663 250 Sic
685 228 730 249 ex
752 217 787 250 A
808 229 872 261 pro
895 218 1031 260 uolgato
1055 230 1072 250 e
1095 218 1195 250 ciuili
1218 229 1333 249 errore
1364 215 1530 259 probante
1551 215 1755 257 Garamum,
1793 225 1826 250 et
1850 219 1941 261 quod
1964 219 2071 251 maius

196 281 260 313 est,
297 285 395 305 sensu
421 272 612 314 postulante
634 270 855 302 restituimus.
901 271 1074 312 Conparat
1099 269 1304 300 Gai-alonius
1326 269 1373 301 X.
1398 268 1440 299 ad
1461 268 1537 300 Au.
1560 268 1592 299 4.
1626 268 1764 311 elapsus
1786 283 1803 302 e
1828 273 1937 304 soceri
1959 273 2074 304 mani-

196 328 258 359 bus
280 339 320 359 ac
334 325 465 369 ferre„
494 323 520 354 Ι.
551 323 582 354 T
586 323 690 354 uscul.
720 324 771 355 55.
795 323 909 356 nudus
933 324 969 354 ia
991 335 1172 354 seruorum
1185 320 1329 365 serrum
1351 326 1384 352 et
1406 333 1530 353 manus
1558 321 1763 361 incidisset„
1802 328 1835 354 et
1856 334 1920 365 'pro
1943 324 2074 355 Milone

197 392 224 411 c.
250 391 279 421 7.
304 378 460 422 quotiens
483 387 545 418 ego
569 376 659 419 ipse,
692 376 842 415 iudices,
872 388 912 407 ex
935 375 978 407 P.
1001 374 1100 407 Clodi
1123 375 1200 405 telis
1225 379 1257 405 et
1280 385 1320 404 ex
1344 374 1496 405 cruentis
1518 374 1592 405 eius
1617 373 1775 405 manibus
1798 374 1919 418 cfficgi.
1963 375 2076 416 Adde,

197 433 224 463 si
249 442 332 473 opus
356 435 420 467 est,
443 439 507 470 pro
532 427 632 458 domo
658 428 800 466 XXIII,
825 429 876 470 59.
901 428 1057 471 quotiens
1079 439 1120 459 ex
1144 431 1260 458 nostro
1273 425 1378 468 ferro
1401 438 1442 458 <ze
1461 426 1622 470 acconibus
1647 431 1697 458 est
1719 427 1868 470 elapsus.
1893 432 1927 457 et
1949 426 1990 457 de
2014 428 2076 459 Or.

200 485 267 522 lll,
290 483 327 522 3,
356 492 403 512 12.
430 480 547 512 ciuilis
561 478 660 523 ferri
681 479 859 513 subeunda
871 480 953 524 fuit
975 480 1174 513 crudelitas.

286 544 388 585 Quod
403 542 544 586 fessum
565 543 683 574 inedia
701 542 939 587 fluctibusque
960 534 1173 580 recrearunt)
1219 539 1352 581 Quibus
1374 540 1567 585 fluctibus?
1598 551 1675 571 eum
1697 539 1851 571 nondum
1878 551 1972 572 mare
2001 541 2083 572 ten·-

200 599 311 641 gisset⁴
354 597 427 628 Nec
458 595 492 625 in
516 595 575 625 illa
603 594 727 636 palude
756 595 878 627 fluctus
907 602 1018 635 erant,
1057 594 1092 625 iu
1116 604 1181 635 qua
1203 592 1293 623 inter
1323 593 1506 624 arundines
1529 593 1674 632 latebat3
1710 592 1775 623 nisi
1803 593 1948 635 augendi
1970 604 2084 625 caussa

201 648 349 682 oratorie
371 647 418 678 sic
442 646 541 677 dixit.
564 647 790 678 ERNESTIUS.
836 649 941 680 Recte
958 646 1162 679 Garatonius
1185 645 1327 676 meliora
1354 646 1550 677 Ernestium
1574 646 1663 677 Plut.
1686 646 1774 676 Blar.
1805 657 1833 676 c.
1862 646 1902 677 56
1930 657 1979 687 sq.
2002 645 2084 676 edo—

203 713 277 732 cere
300 699 449 742 potuisse
473 698 617 730 monuit.
661 699 756 730 Idem
780 701 984 732 Garatonius
1007 700 1081 731 iure
1105 697 1261 728 dissensit
1283 709 1300 727 a
1325 699 1491 736 Gracuio,
1517 697 1574 738 qui
1599 708 1641 728 ex
1664 697 1785 728 Franci
1808 698 1912 739 primi
1935 698 2085 730 auctori-

202 759 270 785 tate
295 757 373 794 post
389 751 626 795 fluctibusque
650 751 729 782 addi
753 752 947 796 confectam
969 752 1089 784 uoluit.
1135 750 1317 783 Fluctibus
1342 756 1400 790 cst,
1425 757 1463 782 ut
1485 749 1575 787 alibi,
1590 750 1769 793 fluctuum
1791 751 1997 793 agitatione,
2021 761 2086 793 qua

203 811 293 836 recte
315 804 464 845 aliquem
478 803 618 846 fessam
639 814 736 846 posse
760 804 826 835 dici
849 812 969 848 sponte
990 810 1094 848 patet.
1140 802 1211 834 Csr.
1240 803 1371 844 Proleg.
1396 805 1437 835 L.
1461 803 1505 833 ll.
1538 802 1575 833 C.
1600 802 1625 832 1.
1654 802 1684 843 §.
1712 814 1758 833 1..

296 866 396 898 Uotis
421 865 670 909 ominibusque)
714 865 804 899 Uide
826 879 911 909 quae
936 867 977 898 de
1003 867 1171 909 scriptura
1192 865 1292 897 huius
1316 866 1381 897 loci
1406 865 1539 907 Proleg.
1562 865 1604 896 L.
1628 864 1671 894 Π.
1697 864 1734 895 C.
1756 864 1782 895 I.
1807 865 1837 905 ξ.
1861 876 1908 896 11.
1933 864 2088 907 exposui,

205 919 264 952 ubi
289 918 460 950 editorum
483 917 584 948 etiam
607 918 760 949 omnium
783 918 1016 950 adnotationes
1039 919 1189 960 integrae
1211 919 1375 960 repetitae
1398 923 1487 950 suut.

291 981 394 1022 Quod
417 992 470 1013 me
492 981 550 1012 uel
572 980 610 1012 ni
626 980 771 1023 pulsum
793 982 850 1013 uel
877 982 1010 1014 ratione
1039 981 1224 1023 cedentem)
1268 981 1294 1011 P
1304 992 1320 1011 r
1330 991 1349 1011 u
1363 980 1383 1011 d
1393 992 1440 1011 en
1450 986 1513 1011 ter
1545 980 1597 1010 ho
1609 990 1625 1009 c
1654 991 1668 1010 s
1679 990 1700 1009 u
1710 991 1723 1010 s
1733 990 1780 1021 pe
1790 990 1808 1009 n
1820 979 1898 1018 dit,
1937 991 1960 1010 n
1971 991 1989 1010 e
2018 985 2089 1010 aut

208 1035 434 1066 damnatus
456 1038 526 1063 aut
551 1032 647 1062 exul
673 1031 780 1065 fuiss
792 1045 810 1064 e
833 1045 902 1065 um
915 1045 1035 1075 quam
1064 1028 1303 1064 uideretur.
1349 1032 1400 1063 Et
1428 1031 1493 1063 uis
1525 1031 1637 1062 euim
1665 1042 1774 1073 prop
1786 1031 1849 1062 ior
1879 1037 1943 1062 est
1972 1031 2090 1062 inin-

206 1081 295 1119 ria'e
319 1096 443 1128 quam
468 1084 759 1125 accusationi,
799 1091 838 1116 et
861 1086 993 1123 ratio,
1034 1097 1112 1128 qua
1134 1097 1177 1117 se
1201 1084 1310 1116 dicit
1331 1084 1538 1115 maluisse
1568 1083 1673 1113 urbe
1694 1082 1916 1123 recedere,
1940 1095 2091 1126 respe—

206 1145 318 1171 ctum
341 1136 546 1169 habuisse
570 1148 620 1178 po
634 1142 720 1168 test
741 1137 957 1169 utilitatis
980 1137 1200 1180 publicae,
1231 1148 1282 1167 ne
1303 1136 1554 1179 periculosa
1581 1134 1732 1166 multis
1755 1135 1918 1166 seditio
1943 1146 2093 1165 moue-

209 1203 225 1222 r
235 1202 252 1222 e
262 1196 275 1221 t
284 1201 306 1221 u
315 1201 343 1221 r.
368 1190 530 1220 SCHOLIA
549 1189 809 1221 AMBROSIANA.
855 1191 973 1234 Inepte
995 1196 1072 1233 post
1093 1190 1264 1221 cedentem
1287 1189 1440 1220 additum
1464 1188 1611 1230 tempori
1633 1187 1704 1219 uidi
1727 1199 1746 1218 a
1768 1189 1897 1229 Naug.;
1926 1193 2001 1218 tum
2023 1186 2094 1217 eie-

210 1249 303 1274 ctum
331 1253 350 1273 a
375 1241 543 1273 Lambino
573 1241 774 1284 repetitores
803 1242 895 1274 illius
924 1242 1072 1285 ineptius
1097 1242 1196 1273 etiam
1220 1242 1439 1274 rettulerunt.
1484 1240 1551 1270 Pro
1576 1238 1676 1271 domo
1702 1251 1753 1272 22.
1787 1241 1873 1284 quid
1894 1239 2009 1282 igitur
2031 1250 2094 1282 ego

211 1296 321 1327 cessi?
358 1305 422 1336 pro
450 1293 526 1325 Mil.
561 1293 612 1325 54.
643 1305 706 1336 ego
735 1295 853 1326 cedam
883 1301 987 1339 atque
1016 1294 1113 1327 abibo
1123 1319 1134 1333 ,
1165 1294 1199 1326 h.
1225 1305 1252 1324 e.
1276 1293 1421 1336 patriam
1446 1292 1648 1333 relinquam.
1694 1292 1859 1324 Similiter
1881 1292 1947 1323 alib
1953 1292 1973 1323 i.
2019 1291 2095 1323 Scio
2107 1323 2111 1325 ,

211 1346 369 1390 equidem
390 1357 454 1388 pro
478 1346 572 1376 Sext.
597 1357 648 1387 29.
674 1346 725 1378 50.
750 1346 791 1377 de
813 1359 873 1378 suo
898 1348 1001 1379 exilio
1026 1348 1181 1378 Tullium
1205 1346 1330 1377 dixisse
1340 1369 1348 1384 ,
1372 1346 1489 1377 cedere
1511 1345 1676 1388 tempori,
1699 1351 1748 1376 set
1771 1344 1888 1375 confer
1912 1355 1967 1374 eos
1991 1343 2094 1382 locos,

213 1405 246 1429 et
268 1398 356 1429 nihil
379 1396 458 1428 huic
482 1396 659 1439 suffragari
685 1399 878 1441 perspicies.
915 1400 1176 1431 GARATONIUS.
1221 1399 1327 1430 Recte
1357 1397 1495 1439 quidem
1519 1396 1621 1427 etiam
1646 1398 1792 1440 tempori
1813 1397 1952 1429 cessisse
1976 1394 2095 1426 Cicero

213 1450 279 1481 dici
300 1454 413 1492 potest
435 1460 512 1480 cum
535 1450 698 1490 exolaret,
724 1456 774 1481 set
796 1451 851 1482 hic
872 1450 931 1481 ubi
955 1450 996 1481 de
1019 1450 1255 1481 beneuolentia
1276 1450 1403 1492 agitur,
1427 1448 1493 1491 ilua
1515 1448 1653 1480 exulans
1676 1459 1695 1479 a
1716 1448 1853 1479 Plancio
1875 1447 1920 1479 sit
1939 1452 2095 1489 receptus

212 1503 249 1534 in
271 1501 489 1542 Macedonia,
518 1502 780 1544 ineptissumum
802 1503 880 1534 illut
902 1503 1213 1535 additamentumst.

278 1566 349 1599 His
371 1571 405 1598 et
423 1566 561 1598 senatui
575 1566 774 1610 populoque
787 1566 958 1608 Romano)
1003 1566 1091 1597 Cum
1114 1565 1318 1597 Garatonius
1342 1565 1377 1596 in
1400 1563 1499 1596 Barb.
1523 1574 1542 1594 a
1564 1562 1675 1605 prima
1696 1574 1742 1594 m.
1767 1564 1798 1595 is
1819 1568 1864 1602 et,
1887 1573 1905 1593 a
1925 1572 1990 1592 sec.
2013 1571 2098 1592 uero

215 1625 248 1651 et
271 1619 301 1650 is
323 1618 489 1660 scriptum
510 1618 732 1660 repperisset,
754 1618 888 1649 monuit
910 1617 952 1648 ad
974 1618 1065 1649 hunc
1086 1618 1216 1650 locum:
1248 1617 1367 1657 „Mihi
1390 1614 1543 1659 profecto
1567 1614 1747 1646 serendum
1769 1615 1824 1647 leis
1849 1626 1919 1646 non
1940 1613 2098 1647 uidetur:

215 1670 275 1714 qui
297 1670 388 1701 enim
412 1676 507 1702 eraut
539 1669 686 1701 addendi
713 1670 843 1701 senatui
866 1671 1062 1713 populoque
1077 1670 1259 1702 Romano?
1282 1668 1420 1707 iudices,
1443 1666 1606 1706 aduocati,
1630 1676 1756 1697 corona
1778 1665 1887 1697 omnis
1909 1665 1946 1697 in
1967 1665 2009 1697 iis
2032 1676 2097 1696 no-

215 1723 363 1755 minibus
386 1722 656 1754 continebantur.
704 1722 798 1763 Quos
820 1723 992 1765 appellare
1013 1734 1082 1753 non
1107 1722 1302 1765 oportebat,
1335 1732 1376 1752 an
1399 1720 1424 1751 ii
1446 1719 1547 1750 etiam
1578 1723 1675 1749 erant
1700 1724 1777 1749 ante
1808 1723 1963 1749 senatum
1984 1717 2099 1760 ipsum

216 1774 435 1818 appellandi?
479 1774 604 1806 Melius
628 1773 783 1812 dixisset,
809 1775 948 1817 opinor,
973 1775 1025 1806 rei
1050 1787 1089 1819 p.
1112 1781 1145 1807 et
1166 1774 1313 1807 senatui.
1357 1772 1416 1803 Set
1435 1771 1519 1802 ferri
1539 1775 1651 1813 potest
1673 1776 1706 1801 et
1732 1771 1781 1809 is,
1811 1770 1868 1801 uel
1890 1770 2006 1813 isque.-
2036 1779 2099 1800 ne-

219 1839 284 1870 que
307 1834 420 1858 tamen
442 1838 564 1858 uerum
585 1831 681 1868 puto.
727 1826 852 1858 Cursus
876 1826 967 1857 enim
989 1826 1150 1857 orationis
1174 1824 1384 1868 expeditior,
1417 1824 1578 1865 locusque
1604 1821 1744 1854 omnino
1767 1821 1909 1852 nitidior
1931 1820 2005 1860 fiet,
2035 1832 2100 1851 uo-

222 1879 296 1910 cula
318 1878 377 1909 illa
400 1879 537 1909 sublata.
580 1877 728 1910 Uidetur
754 1879 784 1910 is
808 1879 921 1920 primo
944 1878 1099 1910 additum
1123 1889 1166 1909 ex
1188 1878 1312 1919 glossa,
1349 1876 1386 1907 in
1407 1877 1462 1908 Izis
1486 1874 1607 1906 deinde
1629 1876 1872 1904 conuersum.“
1914 1872 2016 1905 Nihil
2040 1884 2100 1903 ue-

221 1931 292 1962 rius
315 1930 482 1972 scriptura
504 1930 649 1972 uolgata.
694 1930 798 1960 Recte
823 1930 942 1961 Cicero
965 1930 1108 1969 iudices,
1145 1941 1291 1971 quorum
1322 1927 1595 1959 beneuolentiam
1619 1931 1746 1968 captat,
1782 1925 1897 1967 primo
1920 1925 1995 1956 loco
2019 1935 2102 1956 con-

221 1988 404 2020 memorat,
429 1981 656 2023 discernitque
677 1987 716 2012 ut
738 1981 819 2012 alibi
841 1993 860 2012 a
881 1988 998 2013 senatu
1019 1982 1216 2025 populoque
1241 1982 1409 2012 Romano.
1453 1979 1544 2011 Uide
1567 1990 1650 2021 quos
1673 1988 1776 2019 supra
1798 1989 1871 2008 eam
1893 1977 1931 2008 iu
1951 1988 2026 2008 rem
2047 1976 2101 2008 lo-

222 2047 278 2066 cos
301 2034 484 2066 adtulimus
507 2045 540 2076 p.
559 2034 598 2065 66
620 2045 668 2075 sq.
696 2039 729 2064 et
751 2032 867 2065 confer
889 2034 989 2065 huius
1015 2040 1098 2065 orat.
1123 2035 1152 2075 ς.
1169 2045 1238 2074 71.:
1262 2033 1321 2069 Et„
1336 2044 1539 2076 quemquam
1556 2036 1665 2074 putas
1679 2029 1798 2072 ficisse
1820 2035 1893 2061 tam
1914 2029 2102 2066 excordem,

226 2088 285 2131 qui
306 2088 430 2120 uiuis
455 2087 542 2128 his,
566 2091 710 2119 stante
734 2086 836 2119 urbe
860 2092 900 2120 et
926 2086 1073 2125 curia,
1097 2086 1292 2119 rediturum
1314 2096 1366 2116 me
1389 2085 1420 2117 si
1441 2084 1597 2116 uiuerent
1619 2093 1686 2114 non
1703 2083 1874 2126 putaret?

1047 2206 1166 2241 CAP.
1218 2207 1282 2241 XI.

314 2299 343 2339 ᾗ·
374 2308 424 2339 27-
477 2299 577 2332 Uitia
611 2300 804 2334 mehercule
836 2299 897 2335 Cn.
927 2298 1056 2333 Planci
1085 2309 1139 2329 res
1168 2295 1246 2338 eae)
1297 2295 1387 2329 Uide
1417 2305 1503 2337 quae
1532 2294 1574 2325 de
1603 2294 1656 2326 his
1685 2293 1798 2325 uerbis
1826 2291 1957 2333 Proleg.
1986 2291 2028 2322 L.
2058 2291 2102 2322 11.

228 2350 266 2382 c.
290 2349 316 2380 1.
342 2350 372 2390 ς.
399 2352 447 2382 15.
472 2351 556 2383 dmi.

313 2411 385 2443 Hic
407 2420 458 2444 est
479 2415 580 2456 enim,
604 2416 664 2459 qai
685 2432 728 2439 —
750 2415 897 2448 dilectus
921 2414 982 2454 est)
1027 2413 1140 2445 Ante
1161 2416 1279 2442 actae
1301 2409 1420 2440 uitae
1444 2406 1598 2439 officia
1619 2410 1903 2438 recensentur
1927 2404 2103 2446 quadam
