2185 2720
95 151 148 179 116
749 136 1326 169 COMMENTARIUS.

97 231 163 263 qua
183 229 319 261 semper
341 213 511 259 cogitauit,
533 213 739 256 singularem
760 218 963 256 potestatem
985 211 1136 256 parabat.
1169 211 1385 243 MANUTIUS.
1430 209 1490 242 Me
1512 221 1595 242 uero
1619 212 1812 244 scholiastes
1838 210 1987 249 adducit,

98 279 138 304 ut
161 283 236 303 rem
258 272 344 302 hanc
366 281 385 300 a
407 266 562 300 Manutio
587 266 696 298 leuius
719 266 910 309 expositam
932 265 1076 296 clariore
1106 263 1251 306 quadam
1273 263 1349 294 luce
1370 261 1588 305 perfundam.
1632 264 1771 295 Initium
1798 265 1988 296 luculenter

99 325 140 357 ab
163 324 237 367 ipso
261 322 378 354 Tullio
401 319 584 363 praebetur
607 320 633 350 Ι.
657 318 699 350 ad
722 319 828 351 Attic.
856 330 924 360 17.:
947 317 1039 349 Ecce
1060 316 1152 348 aliae
1174 315 1320 347 deliciae
1345 316 1501 359 equitum
1523 316 1586 347 uix
1599 314 1789 358 ferendae,
1813 329 1898 360 quas
1923 328 1987 360 ego

100 389 169 409 non
188 377 300 409 solum
325 374 411 411 tuli,
437 377 488 404 set
510 372 616 404 etiam
639 372 775 404 ornaui.
818 370 965 408 Asiani,
988 369 1049 412 qui
1071 368 1113 399 de
1133 367 1329 399 censoribus
1352 369 1608 407 conduxerant,
1639 369 1751 411 questi
1773 374 1854 399 sunt
1876 369 1914 400 in
1936 380 1990 401 se-

103 435 202 467 natu,
225 440 260 459 se
275 427 470 470 cupiditate
491 424 672 468 prolapsos
684 424 832 456 nimium
853 434 981 465 magno
1004 420 1226 458 concluxisse3
1249 426 1289 452 ut
1311 421 1535 452 induceretur
1555 420 1691 458 locatio,
1709 421 1991 463 postulauerunt.

102 482 182 524 Ego
200 480 364 523 princeps
387 478 423 510 in
448 477 690 516 adiutoribus,
713 482 816 519 atque
839 476 924 507 adeo
946 474 1134 506 secundus.-
1157 484 1239 504 nam
1262 479 1301 504 ut
1322 473 1381 504 illi
1403 473 1572 504 auderent
1593 473 1655 504 lzoc
1672 473 1866 515 postulare,
1889 472 1992 505 Cras-

104 545 163 566 sus
185 544 240 564 eos
263 530 405 573 mpulz't.
449 529 634 561 Inuidiosa
657 540 729 567 res,
753 529 867 571 turpis
885 526 1099 570 postulatiO,
1122 530 1154 557 et
1181 523 1350 567 confessio
1375 525 1591 556 temeritatis.
1635 525 1814 556 Summum
1835 531 1913 557 erat
1928 537 1994 569 pe-

105 584 267 622 riculum,
290 595 343 621 ne,
369 582 400 614 si
416 582 508 614 nihil
530 582 773 624 inpetrassent,
794 580 899 623 plane
921 579 1162 610 alienarentur
1184 590 1207 609 a
1229 583 1363 610 senatu.
1406 577 1505 609 Huic
1528 588 1660 620 quoque
1682 578 1734 608 rei
1754 578 1995 611 subuentumst

105 648 265 669 maxume
287 634 418 667 anobis
440 632 711 677 perfectiorique,
736 638 776 664 ut
789 631 1090 676 fi·equentisszinzo
1113 635 1238 661 senatu
1261 635 1294 661 et
1318 628 1568 661 lubentissumo
1591 634 1795 669 uterentur,-
1816 631 1995 674 multaque

107 701 131 722 a
151 701 203 721 me
226 688 269 720 de
291 688 454 720 ordinum
476 686 651 729 dignitate
674 691 707 718 et
729 685 912 717 concordia
939 684 1034 716 dicta
1056 688 1138 715 sunt
1159 681 1245 714 Kal.
1267 681 1447 714 Decembr.
1477 687 1510 713 et
1525 681 1718 724 postridie3
1753 694 1860 726 neque
1882 684 1998 716 adhuc

107 740 266 783 confecta
288 751 342 771 res
365 745 434 777 est,
472 744 523 770 set
551 739 716 770 uoluntas
746 743 886 770 senatus
909 741 1104 780 perspecta.
1155 733 1253 766 Unus
1287 734 1378 766 enim
1403 734 1663 766 contradixerat
1685 735 1849 766 Metellus
1877 735 2000 768 consul

108 794 327 836 designata-5.
371 792 467 832 Quin
490 796 566 823 erat
588 791 765 829 dicturus,
797 791 845 822 ad
867 800 967 833 quem
989 792 1136 831 propter
1159 787 1229 818 diei
1251 786 1457 818 breuitatem
1473 791 1684 829 peruentum
1704 798 1771 818 non
1796 793 1863 826 est,
1897 788 1998 820 heros

111 846 172 879 ille
193 851 309 878 noster
327 844 423 876 Cato.
467 843 535 875 Hic
556 848 670 872 tamen
691 843 794 884 paulo
818 848 896 884 post
918 850 1093 871 acerrume
1115 839 1339 871 contradixit:
1366 850 1446 870 nam
1468 838 1546 870 Kal.
1564 838 1727 869 Februar.
1747 839 1829 870 anni
1851 851 2000 882 sequen-

112 899 154 930 tis
177 909 231 940 ep.
259 898 307 929 18.
341 908 449 934 unus,
486 894 614 936 inquit,
648 900 716 935 est,
750 896 811 938 qui
835 907 905 926 rem
925 905 961 936 p.
987 897 1102 930 curet,
1136 892 1332 923 constantia
1354 893 1469 935 magis
1491 897 1525 922 et
1546 891 1769 932 integritate,
1803 904 1926 935 quam,
1958 897 2000 924 ut

112 951 200 982 mihi
222 949 382 986 uidetur,
409 948 552 980 consilio
575 952 637 978 aut
660 948 822 989 ingenio,
853 946 956 983 Cato3
991 944 1052 987 qui
1073 944 1215 975 miseros
1238 943 1458 987 publicanos,
1482 955 1564 986 quos
1590 942 1711 974 habuit
1732 944 2002 976 amantissumos

113 1002 189 1041 cui,
213 1001 357 1032 tertium
380 1002 451 1032 iam
473 1011 620 1031 mensem
643 1004 765 1037 uexat,
795 1010 902 1042 neque
925 997 969 1029 iis
992 1008 1014 1027 a
1036 1001 1158 1027 senatu
1184 1007 1386 1038 responsum
1408 996 1488 1027 dari
1504 996 1655 1038 patitur.
1699 996 1754 1027 De
1782 996 1844 1027 hac
1875 995 2003 1027 iniuria

114 1053 292 1086 Plancium
322 1058 456 1095 patrem
485 1056 751 1093 conquerentem
773 1051 875 1093 paulo
902 1059 1005 1091 supra
1028 1048 1147 1079 Cicero
1175 1054 1345 1080 excussat:
1380 1060 1458 1080 cum
1480 1053 1620 1079 senatus
1649 1048 1883 1091 inpediretur,
1917 1060 2004 1091 quo.-

114 1107 249 1143 minus,
273 1105 312 1136 id
333 1106 424 1148 quod
444 1104 599 1136 hostibus
623 1115 754 1147 semper
776 1108 851 1134 erat
875 1101 1067 1139 tributum,
1098 1112 1298 1143 responsum
1319 1100 1492 1144 equitibus
1514 1101 1560 1132 R.
1583 1100 1785 1132 redderetur
1808 1105 1890 1130 etc..
1936 1099 2005 1131 Ca·-

115 1165 233 1191 tonem
254 1167 338 1187 uero
361 1157 475 1198 ipsum
497 1156 719 1198 reprehendit
740 1156 801 1186 ΙΙΙ.
825 1154 867 1184 de
890 1153 975 1184 offic.
1001 1162 1071 1183 22st
1098 1152 1181 1194 Ego
1206 1153 1312 1184 etiam
1334 1165 1412 1184 cum
1434 1152 1560 1183 Catone
1579 1164 1654 1184 meo
1675 1153 1813 1195 saepius
1837 1152 2005 1191 dissensi3

116 1210 223 1243 nimis
243 1209 332 1241 mihi
351 1207 555 1252 praefracte
579 1208 764 1240 uidebatur
786 1207 962 1238 aerarium
987 1204 1244 1247 uectigaliaque
1264 1203 1468 1247 defendere,
1506 1205 1620 1236 omnia
1640 1204 1838 1247 publicanis
1867 1214 2009 1246 negare.

118 1263 171 1296 Ibi
192 1261 305 1294 minus
328 1266 482 1291 accurata
504 1261 710 1302 Heusingeri
740 1266 788 1290 est
816 1257 1001 1289 adnotatio.
1048 1257 1138 1287 Toto
1164 1256 1310 1298 denique
1338 1256 1399 1287 illo
1419 1267 1507 1287 anno
1530 1256 1618 1287 nihil
1640 1255 1828 1299 publicanis
1850 1254 2007 1298 responsi

119 1316 248 1352 datum,
276 1315 404 1345 Catone
428 1318 461 1343 et
483 1313 621 1343 consule
641 1312 782 1343 Metello
806 1308 1078 1352 inpedientibus3
1106 1320 1310 1350 quamquam
1333 1309 1371 1340 C.
1396 1309 1518 1339 Caesar
1542 1320 1619 1339 cum
1644 1309 1763 1340 Crasso
1785 1313 1821 1339 et
1843 1308 2010 1340 Cicerone

118 1368 260 1412 adficit,
282 1372 320 1397 ut
344 1365 441 1395 docet
463 1365 676 1404 scholiastes,
709 1375 853 1396 caussae
870 1361 1157 1405 publicanorum,
1179 1360 1270 1392 inter
1292 1372 1363 1399 eos,
1395 1371 1478 1401 quos
1501 1361 1680 1392 adiutores
1703 1361 1822 1392 Cicero
1847 1361 2008 1403 appellat.

121 1418 289 1463 Quotiens
313 1417 417 1459 igitur
437 1428 476 1448 ea
500 1428 553 1448 res
576 1417 752 1459 agebatur,
793 1415 883 1456 quod
908 1424 1007 1455 saepe
1029 1412 1155 1444 factum
1175 1413 1225 1443 ait
1247 1413 1314 1444 Dio
1337 1412 1552 1451 XXXVIII,
1582 1424 1630 1454 7.,
1663 1413 1745 1444 Cato
1778 1413 1921 1444 dicendo
1945 1424 2010 1445 ex-

120 1472 249 1505 imebat
273 1470 381 1501 diem:
405 1481 515 1511 neque
539 1469 630 1500 enim
651 1469 737 1499 aliut
760 1466 870 1498 facere
892 1471 1036 1508 poterat.
1082 1465 1237 1496 Tandem
1254 1476 1343 1495 anno
1359 1464 1554 1495 DCXCIV.
1573 1465 1784 1496 consulatum
1806 1465 1909 1497 iniuit
1923 1466 2011 1497 Cae—

121 1536 187 1564 sar,
210 1534 321 1565 neque
344 1528 455 1553 tamen
480 1522 514 1552 111
529 1527 645 1552 senatu
669 1519 819 1551 confecta
845 1530 898 1550 res
920 1523 986 1549 est:
1010 1517 1082 1548 siue
1098 1518 1182 1548 Cato
1209 1518 1309 1557 etiam
1333 1523 1406 1548 tum
1427 1516 1581 1558 pristina
1603 1518 1850 1550 consuetudine
1871 1517 2011 1550 dicendi

122 1589 222 1610 mora
242 1576 334 1607 diem
357 1575 567 1612 extraxerit,
598 1579 637 1603 ut
659 1572 694 1602 in
717 1572 782 1603 alia
805 1583 841 1602 re
865 1571 906 1601 de
931 1572 1058 1602 Catone
1083 1570 1204 1601 Caesar
1226 1570 1298 1611 ipse
1321 1570 1346 1600 I.
1371 1570 1409 1600 B.
1435 1569 1510 1600 Ciu.
1531 1569 1582 1600 52.
1611 1575 1728 1611 postea
1750 1569 1905 1612 scripsit3
1938 1570 2011 1602 siue

123 1628 238 1673 potius
261 1627 323 1658 hac
346 1626 387 1656 de
410 1638 448 1657 re
470 1626 557 1657 nihil
579 1623 766 1664 rettulerit,
789 1629 828 1654 ut
851 1634 894 1653 ex
917 1622 1046 1660 Dione,
1070 1622 1249 1664 Appiano,
1276 1621 1508 1662 Suetonioque
1528 1620 1724 1659 conficitur,
1749 1622 1867 1653 consul
1889 1622 1925 1653 in
1946 1633 2012 1665 po-

123 1679 239 1726 pulari
263 1679 395 1710 ratione
422 1677 760 1708 ueheinentissumus.
806 1673 964 1706 Ualerius
987 1675 1172 1706 lllaxumus
1195 1675 1243 1712 II,
1278 1685 1329 1713 10,
1356 1685 1386 1715 7.
1417 1685 1461 1704 ex
1484 1673 1578 1704 0111111
1607 1674 1808 1714 antiquitate
1836 1685 1924 1705 unus
1949 1680 2011 1714 est,

125 1733 187 1776 qui
208 1732 372 1764 Catonem
393 1731 561 1762 aduersus
578 1729 784 1773 publicanos
810 1728 847 1758 in
868 1727 969 1758 curia
991 1727 1134 1758 dicendo
1156 1727 1248 1758 diem
1271 1726 1507 1757 extrahentem
1529 1731 1643 1755 narret
1666 1736 1685 1755 a
1710 1726 1852 1757 Caesare
1875 1728 2013 1759 consule

125 1783 295 1829 prehendi
318 1783 465 1822 iussum,
503 1794 649 1824 eumque
671 1781 832 1811 uniuerso
856 1785 973 1809 senatu
995 1785 1223 1821 prosequente
1245 1778 1376 1820 pudore
1400 1777 1587 1808 dimissum.
1633 1778 1692 1808 Set
1716 1778 1832 1820 potior
1854 1784 1904 1809 est
1925 1779 2013 1810 mihi

125 1836 250 1870 Dionis
274 1835 474 1874 auctoritas,
499 1836 557 1876 qui
580 1834 659 1865 libri
682 1833 774 1864 illius
797 1830 895 1862 initio
919 1837 1071 1862 accurate
1093 1837 1165 1862 acta
1190 1830 1338 1862 Caesaris
1369 1830 1402 1861 in
1427 1830 1603 1860 consulatu
1626 1836 1794 1869 recenset,
1818 1836 1851 1861 et
1872 1842 1900 1861 c.
1923 1831 1955 1862 5.
1977 1831 2014 1863 id

127 1888 280 1921 euenisse
304 1893 377 1918 tum
400 1887 530 1925 scribit,
563 1898 639 1917 611111
663 1885 703 1915 de
727 1883 857 1926 agraria
879 1884 952 1925 lege
975 1883 1010 1914 in
1033 1889 1150 1914 senatu
1173 1889 1347 1924 ageretur,
1383 1894 1468 1923 quae
1491 1894 1542 1912 res
1567 1888 1639 1912 erat
1660 1882 1770 1913 multo
1793 1883 2013 1924 grauissuma.

128 1939 330 1974 Plutarchus
358 1938 585 1981 adstipulatur
618 1938 653 1968 in
678 1936 815 1968 Catonis
847 1936 918 1966 uita
941 1947 967 1967 c.
992 1936 1063 1974 55„
1102 1941 1154 1966 set
1178 1941 1287 1966 rostra
1318 1935 1406 1965 male
1431 1934 1543 1965 curiae
1566 1934 1758 1974 substituit,
1796 1946 2018 1977 erroremque

128 1994 201 2037 ipse
223 2003 323 2023 suum
346 1990 477 2033 prodit,
507 2001 582 2020 611111
605 1995 739 2020 senatus
764 1989 926 2019 Catonem
951 1987 1188 2030 prosequentis
1210 1987 1418 2018 mentionem
1442 1985 1537 2025 facit,
1562 1986 1619 2027 qui
1642 1993 1733 2018 certe
1755 1998 1825 2018 non
1847 1988 1958 2019 coibat
1980 1988 2017 2022 in

128 2045 217 2078 foro.
262 2043 384 2076 Ateius
408 2053 543 2084 quoque
568 2042 687 2083 Capito
714 2047 796 2083 aput
820 2041 972 2072 Gellium
994 2040 1066 2078 IV,
1094 2051 1160 2078 10.,
1192 2039 1249 2080 qui
1272 2051 1362 2078 reni,
1395 2039 1436 2069 de
1459 2049 1524 2080 qua
1550 2039 1802 2078 consuleretur,
1832 2051 1902 2072 non
1924 2040 2017 2072 indi-

130 2105 199 2138 cat,
225 2103 339 2128 tamen
362 2095 397 2126 111
422 2101 540 2126 senatu
566 2099 693 2135 gestam
717 2104 788 2123 esse
810 2098 963 2123 testatur.
1008 2091 1111 2122 Errat
1133 2091 1238 2132 igitur
1262 2091 1297 2121 in
1320 2091 1394 2121 loco
1418 2091 1636 2129 Plutarchus,
1670 2090 1705 2121 in
1727 2102 1856 2131 caussa,
1880 2099 1918 2124 ut
1939 2093 2018 2135 opi-

131 2162 212 2190 nor,
235 2148 412 2186 Ualerius3
449 2158 550 2188 quem
573 2144 711 2186 quidem
738 2144 820 2174 haut
843 2144 948 2175 semel
973 2143 1181 2184 neglegentia
1203 2143 1335 2184 lapsum
1360 2142 1580 2184 deprehendi.
1627 2143 1819 2176 Conuersus
1842 2145 1946 2187 igitur
1972 2144 2016 2176 ad

131 2202 299 2246 populum
323 2200 444 2231 Caesar
467 2199 577 2240 legem
600 2197 684 2227 hauc
706 2195 804 2227 facile
825 2196 986 2238 pertulit,
1011 2206 1076 2237 qua
1098 2206 1185 2231 non,
1211 2200 1249 2224 ut
1270 2195 1479 2236 postulatum
1503 2200 1574 2225 erat
1598 2194 1714 2234 initio,
1738 2196 1938 2228 locationem
1962 2196 2019 2228 in·

133 2254 250 2291 duxit,
286 2258 335 2283 set
365 2252 499 2282 tertiam
523 2248 718 2280 mercedum
740 2254 873 2290 partem
897 2247 1038 2279 remisit.
1085 2246 1178 2287 Quid
1201 2246 1272 2277 ita?
1309 2246 1388 2287 quia
1414 2258 1529 2278 recens
1553 2252 1686 2289 poterat
1708 2248 1828 2280 locatio
1851 2248 2017 2289 rescindi3

133 2306 246 2348 elapso
269 2311 381 2335 autem
406 2303 476 2334 fere
500 2301 636 2333 biennio
663 2301 730 2331 iam
753 2299 787 2330 id
813 2311 882 2330 uon
905 2305 977 2330 erat
998 2299 1181 2341 integrum3
1206 2309 1272 2339 quo
1296 2298 1432 2340 quidem
1458 2305 1611 2342 tempore
1633 2301 1760 2342 accepti
1782 2306 1815 2331 ct
1836 2300 1939 2332 soluti
1962 2313 2019 2333 ra-

134 2359 182 2390 tio
205 2357 387 2388 constabat,
432 2356 550 2396 Itaque
572 2354 637 2384 hoc
659 2352 821 2383 uidentur
843 2358 976 2394 tempus
996 2351 1164 2393 respicere
1189 2350 1370 2381 Suetonius
1392 2351 1426 2381 in
1442 2352 1534 2382 Caes.
1558 2363 1585 2382 6.
1611 2363 1673 2390 20.,
1695 2352 1764 2383 Dio
1787 2352 1809 2382 l.
1823 2364 1862 2391 c.,
1886 2359 1919 2384 et
1940 2354 2019 2397 Ap..

135 2411 255 2454 pianus
278 2410 321 2440 ΙΙ.
347 2407 422 2439 Ciu.
450 2407 517 2446 15„
542 2417 620 2436 cum
641 2416 660 2435 a
682 2404 871 2447 publicanis
894 2404 1148 2442 remissionem,
1171 2402 1333 2443 ἐκδικίαν,
1353 2400 1477 2446 ἄφεσιν
1498 2404 1702 2446 postulatam
1723 2404 1850 2435 dicunt.
1895 2406 2019 2437 Sueto·
