2185 2720
162 189 217 215 234
806 180 1377 211 COMMENTARIUS.

162 261 400 295 monumenta,
435 255 587 296 litterae,
620 266 704 297 quae
725 255 830 288 uerba
851 261 883 288 et
903 255 985 287 alibi
1005 256 1053 288 sic
1074 255 1279 299 iunguntur,
1308 255 1496 299 eodemque
1516 268 1626 290 sensu.
1655 258 1878 293 ERNESTms.
1921 261 2021 295 Nihil

164 308 361 341 mutandum
384 314 442 340 est.
487 308 701 350 Quamquam
724 309 814 340 enim
837 310 1037 342 litterarum
1058 315 1092 341 et
1113 308 1294 342 annalium
1315 316 1533 343 monumenta
1559 311 1712 343 usitatior
1733 312 1858 344 locutio
1881 319 1948 353 est,
1969 321 2021 346 ta-

163 374 242 394 men
266 362 398 393 litterae
423 360 540 403 utique
562 361 704 404 posteris
725 361 877 404 produnt
898 367 1134 401 monumenta,
1170 361 1205 392 h.
1228 372 1257 392 e.
1279 363 1480 394 memoriam
1509 369 1543 395 et
1563 364 1754 396 testimonia
1774 375 1888 396 rerum
1912 373 2022 407 gesta-

165 427 253 447 rum.
299 415 434 445 Tacitus
458 414 501 445 ΙΙ.
524 414 654 445 Histor.
682 425 769 446 101.:
795 414 986 456 Scriptores
1010 421 1218 458 temporum,
1242 415 1303 458 qui
1318 416 1474 459 potiente
1495 428 1611 449 rerum
1631 418 1762 450 Flauia
1783 418 1880 449 domo
1902 430 2022 451 monu-

165 474 280 500 menta
309 468 412 499 huius
442 467 524 499 belli
552 472 812 511 conposuerunt.
856 466 943 497 Fere
969 467 1124 499 similiter
1154 467 1214 498 III.
1245 467 1287 498 de
1316 468 1385 500 Off.
1411 480 1438 500 1.
1468 468 1627 501 dicuntur
1655 476 1873 502 monumenta
1904 470 2024 514 ingeni

167 521 333 552 mandata
357 520 496 552 litteris.
541 520 584 551 II.
609 521 731 561 Agrar.
758 519 825 551 16.:
853 520 905 552 Μ.
926 520 1036 553 Bruti
1057 521 1195 553 sceleris
1216 521 1387 565 uestigia,
1410 534 1512 566 quam
1533 529 1750 555 monumenta
1774 522 1945 555 maiorum
1965 535 2024 555 sa-

163 573 316 616 pientiae
337 573 434 615 sequi
454 573 622 604 maluisti.
666 573 692 602 I.
717 571 758 602 de
779 573 853 603 Inu.
878 573 949 606 26.:
984 574 1082 614 Quae
1108 573 1179 605 iam
1206 574 1268 606 diu
1287 579 1390 617 gesta
1412 592 1455 598 —
1478 580 1591 608 tamen
1610 574 1754 619 faciant
1774 574 1907 619 fidem,
1942 587 2024 607 uere

169 625 302 657 tradita
323 637 411 665 esse,
441 626 532 669 qaod
553 637 670 657 eorum
691 631 912 658 monumenta
933 633 1027 659 certa
1049 627 1086 658 in
1107 626 1235 657 litteris
1258 632 1383 659 extent.
1426 627 1497 659 Iam
1518 639 1628 670 neque
1650 627 1753 659 celeb.
1776 627 1910 659 Ernesti
1938 639 2024 670 opus

168 688 238 708 esse
274 677 545 720 interpunctione
579 678 742 715 arbitror,
781 685 999 712 monumenta
1028 679 1142 718 nobis,
1180 679 1318 711 litterae
1341 680 1593 723 prodiderunt,
1627 687 1666 712 ut
1699 680 1764 711 duo
1794 679 1875 711 fiant
1911 679 2026 711 nomi-

167 730 290 767 natiui,
315 736 348 761 et
369 736 588 761 monumenta
608 729 807 771 litteraeque
830 732 1089 774 coniungantur,
1114 738 1151 763 ut
1172 731 1207 763 in
1228 732 1335 763 Bruto
1359 744 1388 774 7.
1411 738 1509 775 atque
1534 732 1625 764 alibi.
1650 733 1907 765 GARATONIUS.
1951 732 2026 765 Ue-

167 782 341 813 hementer
370 781 470 814 falsus
495 782 696 814 Garatonius
726 789 791 822 est,
827 782 929 816 cuius'
945 784 1129 816 sententiae
1156 785 1262 816 miror
1285 785 1455 817 Orellium
1485 786 1722 829 adstipulatum
1754 796 1834 816 esse.
1877 785 1931 817 Ac
1951 784 2026 828 pri-

166 846 260 865 mum
285 834 420 875 quidem
451 846 561 877 neque
585 835 637 866 illi
659 835 742 875 loci,
781 847 864 878 quos
887 836 1023 875 adtulit,
1061 847 1169 879 neque
1190 837 1281 868 ullus
1306 838 1444 868 omnino
1466 838 1549 870 alius
1578 838 1747 870 locutione
1768 837 1851 877 ista,
1887 838 2025 870 litterae

162 888 317 931 produnt
339 894 572 927 monumenta,
595 889 767 920 Romanos
790 899 861 920 esse
882 900 959 920 usos
982 888 1127 931 probare
1147 895 1277 931 potest,
1302 900 1379 921 cum
1402 901 1440 921 ea
1461 891 1505 922 sit
1526 891 1622 923 uerbi
1644 895 1898 923 monumentum
1919 889 2025 931 signi-

167 939 294 978 ficatio,
329 946 367 970 ut
388 946 606 971 monumenta
630 941 766 983 quidem
788 941 935 984 prodere
960 939 1089 982 aliquid
1112 940 1177 971 dici
1199 942 1344 984 possint,
1378 954 1444 985 quo
1467 943 1628 986 loquendi
1651 954 1773 985 genere
1801 953 1880 973 usus
1904 941 2023 973 Cicero

166 998 216 1024 est
242 991 283 1022 de
305 992 424 1024 Diuin.
452 993 484 1031 Ι,
512 1005 548 1034 7,
577 1004 643 1034 12.,
668 994 819 1026 minume
841 1006 923 1026 uero
945 994 1066 1025 litteris
1088 1000 1307 1026 monumenta
1333 995 1434 1037 prodi
1461 996 1526 1027 dici
1547 996 1687 1039 possint.
1731 997 1862 1028 Uerum
1883 1000 1921 1026 ut
1942 1004 2034 1026 con-·

167 1045 283 1085 cedam
306 1045 476 1088 paulisper
499 1045 533 1076 id
555 1045 618 1076 dici
640 1047 808 1089 potuisse,
833 1053 922 1078 certe
944 1047 1009 1078 hoc
1031 1047 1105 1077 loco
1128 1046 1191 1077 diei
1213 1059 1281 1078 non
1303 1048 1432 1090 potuit,
1455 1049 1491 1079 in
1514 1060 1590 1091 quo,
1613 1048 1642 1080 si
1668 1048 1889 1080 Garatonium
1911 1047 2026 1089 sequi-

167 1109 263 1136 mur,
300 1097 404 1128 uerba
433 1099 516 1130 lzaec
537 1099 578 1130 de
601 1100 876 1143 sapientissumis
906 1101 995 1132 uiris
1020 1101 1057 1132 in
1083 1101 1148 1132 hac
1170 1112 1207 1132 re
1222 1100 1366 1144 publica
1395 1107 1613 1133 monumenta
1633 1100 1818 1131 necessario
1840 1101 1904 1132 hoc
1925 1111 2025 1131 sensu

167 1150 272 1193 accipi
297 1150 434 1182 debent:
467 1152 527 1183 lzos
551 1152 592 1183 de
614 1164 687 1195 sap.
710 1153 799 1184 uiris
822 1154 858 1185 in
881 1154 945 1185 lzac
967 1166 1004 1185 re
1021 1166 1059 1197 p.
1083 1153 1228 1196 seriptos
1257 1153 1371 1185 libros.
1414 1153 1464 1185 At
1491 1164 1600 1194 neque
1632 1153 1711 1184 libri
1736 1153 1808 1184 siue
1837 1151 2022 1190 uolumina,

167 1215 252 1246 quae
276 1202 317 1233 de
341 1203 468 1245 magnis
494 1204 577 1235 uiris
600 1205 723 1247 scripta
744 1205 899 1245 fuerunt,
921 1217 1083 1248 umquam
1105 1217 1124 1236 a
1145 1205 1308 1237 Romanis
1330 1211 1548 1238 monumenta
1570 1206 1611 1238 de
1632 1205 1722 1237 uiris
1744 1204 1828 1236 dicta
1849 1211 1938 1244 sunt,
1960 1215 2023 1236 ne-

167 1268 232 1298 que
247 1256 281 1286 in
296 1255 385 1286 hunc
401 1256 513 1286 locum
528 1256 718 1289 istiusmodi
733 1259 896 1290 sententia
910 1258 1057 1301 quadrat,
1071 1258 1107 1289 in
1121 1270 1187 1300 quo
1203 1257 1459 1297 manifestumst,
1483 1258 1547 1289 hoc
1560 1257 1623 1288 dici
1638 1269 1655 1288 a
1666 1257 1713 1289 Μ.
1724 1257 1840 1289 Tullio
1851 1257 2021 1289 debuisse:

167 1310 250 1341 llaec
281 1309 316 1339 in
347 1309 574 1340 monumentis
602 1311 732 1354 scripta
762 1318 843 1345 sunt
869 1313 911 1344 de
932 1312 1208 1356 sapientissumis
1235 1312 1335 1344 uiris.
1378 1312 1499 1352 Neque
1521 1322 1603 1342 uero
1627 1310 1662 1341 in
1686 1310 1822 1342 Ernesti
1843 1310 2024 1353 interpun-

165 1362 276 1393 ctione
302 1360 510 1402 acquiescere
539 1361 714 1403 debemus,
756 1376 820 1407 qua
846 1365 1157 1396 insolentissumum
1180 1363 1325 1395 orationi
1353 1363 1538 1405 asyndeton
1562 1361 1736 1394 inferatur.
1781 1362 1951 1395 Audacior
1973 1370 2024 1395 et-

165 1415 231 1446 iam
255 1425 356 1455 quam
380 1425 464 1455 quae
486 1415 622 1456 probari
647 1416 753 1458 possit
775 1429 891 1449 eorum
915 1418 1153 1456 coniectmast,
1180 1417 1238 1459 qui
1260 1428 1323 1458 pro
1345 1417 1482 1448 litterae
1504 1416 1716 1447 scribendum
1739 1416 1938 1448 litterarum
1958 1427 2025 1459 pu-

166 1472 331 1499 tauerunt.
376 1467 545 1508 Equidem
567 1479 764 1510 persuasum
786 1471 871 1502 mihi
894 1470 1011 1509 habeo,
1037 1470 1077 1501 ab
1091 1470 1275 1512 interprete
1294 1479 1394 1510 super
1415 1474 1633 1500 monumenta
1656 1467 1890 1511 explicationis
1913 1480 2026 1500 caussa

167 1521 305 1551 litterae
328 1529 397 1549 esse
419 1519 584 1560 positum,
607 1520 707 1562 idque
729 1522 769 1553 ab
792 1523 937 1554 librariis
959 1528 1144 1564 receptum.
1187 1521 1300 1553 Potuit
1321 1521 1385 1552 hoc
1407 1532 1446 1552 eo
1469 1520 1599 1553 facilius
1623 1520 1705 1560 fieri,
1728 1532 1794 1563 quo
1817 1521 1946 1563 saepius
1969 1521 2028 1553 Ci-

168 1584 245 1603 cero
269 1576 488 1603 monumenta
518 1577 551 1602 et
573 1573 709 1606 litteras
733 1575 936 1617 coniungere
957 1575 1054 1607 solet.
1101 1573 1171 1606 Cfr.
1198 1575 1242 1605 Π.
1264 1574 1300 1605 in
1323 1575 1424 1607 Uerr.
1447 1574 1515 1613 ΙΙΙ,
1545 1573 1602 1616 89,
1633 1584 1705 1616 209.
1739 1574 1965 1606 monumentis
1986 1586 2028 1606 ac

167 1625 305 1656 litteris.
349 1624 392 1654 ΙΙ.
417 1624 453 1654 in
477 1625 577 1656 Uerr.
600 1625 668 1665 IV,
695 1626 753 1666 48,
783 1629 852 1661 106.
876 1629 1004 1660 litteris
1026 1634 1130 1671 atque
1151 1628 1391 1659 monumentis.
1421 1637 1484 1668 pro
1507 1625 1621 1668 Ligar.
1644 1637 1678 1665 2,
1703 1627 1732 1658 6.
1756 1627 1883 1659 litteris
1904 1639 2026 1659 monu-

167 1677 368 1718 mentisque.
391 1686 453 1716 pro
478 1676 590 1707 Deiot.
618 1678 672 1718 15,
696 1680 746 1721 57.
771 1681 899 1712 litteris
921 1681 1224 1724 monumentisque.

248 1728 332 1760 ZVon
355 1740 486 1771 semper
508 1730 642 1762 easdem
662 1734 849 1765 sententias
871 1733 913 1765 ab
939 1734 1066 1766 eisdem
1088 1752 1130 1758 —
1155 1745 1226 1765 esse
1253 1731 1424 1776 defensas)
1466 1731 1554 1763 Esse
1569 1731 1726 1775 defensas
1744 1732 1857 1762 aBau.
1878 1732 1923 1773 [et
1934 1730 2023 1774 Erfi]

167 1788 225 1813 est.
271 1780 479 1812 Praeclaram
502 1781 621 1814 codicis
644 1786 777 1826 optumi
800 1787 977 1817 lectionem
998 1798 1109 1818 sermo
1132 1786 1204 1829 ipse
1226 1784 1441 1823 conmendat,
1473 1783 1531 1825 qui
1553 1783 1591 1813 de
1614 1796 1673 1823 eo,
1711 1783 1799 1827 quod
1822 1783 1947 1815 sactum
1971 1784 2025 1825 sit,

166 1834 370 1865 instituitur:
404 1844 513 1874 neque
547 1834 638 1867 enim
666 1837 740 1869 aliis
770 1838 963 1882 praecipere
993 1838 1104 1869 uideri
1133 1839 1227 1878 uolt,
1271 1838 1323 1870 sui
1346 1836 1539 1868 defensione
1569 1843 1756 1868 contentus.
1800 1836 1962 1868 Priuatim
1983 1836 2026 1868 ad

166 1888 353 1919 Lentulum
375 1886 522 1918 scribens
545 1886 694 1921 Platonis
718 1892 915 1922 auctoritate
937 1891 1061 1929 utitur,
1086 1902 1170 1933 quae
1192 1891 1228 1922 in
1250 1889 1325 1921 foro
1346 1888 1548 1932 proferenda
1569 1900 1638 1920 non
1661 1895 1742 1920 erat.
1766 1890 2024 1921 GARATONIUS.

167 1940 376 1981 Scripturarn
399 1939 578 1982 defensas,
611 1953 674 1984 pro
699 1954 763 1985 qua
786 1944 888 1974 ceteri
919 1944 997 1975 libri
1029 1943 1260 1988 defendendas
1282 1943 1423 1982 habent,
1455 1942 1638 1974 necessario
1660 1941 1763 1973 fuisse
1784 1941 2024 1984 recipiendam,

168 1992 287 2028 uerba,
313 2002 397 2033 quae
419 1993 640 2034 praecedunt,
668 1996 751 2028 llaec
772 1997 814 2028 de
837 1997 1113 2040 sapientissumis
1135 2003 1168 2029 et
1193 1998 1233 2030 cl.
1256 1997 1345 2029 uiris
1368 2013 1411 2021 ·—
1431 2001 1648 2028 monumenta
1670 1995 1764 2027 nobis
1780 1995 2026 2038 prodiderunt,

166 2044 355 2074 luculenter
377 2045 570 2078 ostendunt.

948 2136 1107 2172 CAP.
1168 2137 1249 2172 XL.

252 2203 281 2244 ἓ.
306 2203 357 2244 95-
402 2202 511 2237 Nunc
532 2206 632 2238 uenio
654 2207 702 2238 acl
722 2207 805 2240 illut
826 2213 1033 2248 extremum,
1075 2209 1167 2252 quod
1188 2208 1323 2253 dixisti)
1365 2208 1422 2242 Ad
1443 2208 1522 2241 illut
1543 2208 1686 2247 scilicet,
1724 2207 1813 2250 quod
1837 2213 2027 2239 extremum

168 2255 293 2286 dixisti.
338 2256 388 2287 At
410 2256 521 2288 nescio
546 2258 737 2300 quomodo,
770 2261 851 2292 Bau.
877 2262 925 2303 [et
945 2260 1033 2303 ΕΓΗ]
1058 2261 1175 2300 habet,
1212 2263 1247 2294 in
1272 2274 1337 2306 quo
1359 2262 1492 2295 dixisti.
1535 2262 1640 2293 Recte
1663 2260 1799 2303 quidem
1821 2260 1884 2290 dici
1904 2259 2026 2302 potuit,

168 2308 215 2339 acl
237 2309 337 2346 illut,
378 2310 469 2352 quod
497 2311 534 2341 in
563 2317 712 2344 extremo
744 2314 877 2346 dixisti.
920 2314 1040 2346 Altera
1061 2315 1121 2346 illa
1143 2314 1228 2345 ratio
1252 2314 1409 2356 loquendi
1431 2315 1647 2358 perplexior,
1686 2314 1723 2345 in
1751 2324 1815 2355 qua
1837 2317 2028 2343 extremum

168 2361 401 2392 accussationis
417 2368 515 2403 caput
530 2362 715 2406 intellegas.
760 2367 1005 2399 Uerumtamen
1027 2368 1084 2398 alii
1107 2367 1270 2399 uiderint:
1295 2379 1354 2409 ego
1377 2367 1412 2399 iu
1426 2368 1560 2410 uolgata
1582 2367 1725 2398 lectione
1746 2364 1928 2407 acquiesco.
1952 2364 2029 2396 GA-

169 2420 368 2444 ΚΑΤΟΝῙΙῑὸ.
412 2413 447 2445 A
469 2414 634 2448 latinitate
657 2418 841 2450 abhorrere
862 2426 957 2462 puto,
982 2420 1070 2462 quod
1091 2421 1127 2452 in
1143 2421 1170 2453 B
1194 2425 1227 2451 et
1248 2420 1276 2451 E
1299 2420 1461 2463 scriptum
1485 2426 1587 2452 extat.
1631 2421 1720 2452 Nam
1739 2419 1774 2450 in
1796 2429 1861 2460 quo
1883 2416 1930 2447 sic
1953 2422 2029 2448 tan-

167 2470 243 2495 tum
264 2463 347 2507 POHi
369 2466 498 2508 Potuit,
531 2468 560 2500 si
581 2469 725 2502 uerbum
748 2472 815 2504 loci
836 2473 1114 2516 significationem
1136 2473 1261 2505 habens
1282 2473 1529 2516 praecessisset,
1557 2473 1655 2514 quale
1673 2477 1738 2511 est,
1769 2470 1858 2512 quod
1883 2471 2028 2502 Garato-
