2185 2720
704 145 729 175 Ο
749 144 778 175 Α
798 144 838 174 P.
876 142 1023 173 XXXV.
1050 140 1079 182 §.
1105 146 1208 175 81-
1227 142 1390 173 XXXVI.
1418 140 1445 182 §.
1472 146 1517 174 88.
1992 148 2045 174 221

170 237 259 264 sem,
281 235 359 257 cum
380 220 578 255 consulibus
600 221 789 265 ceterisque
818 220 892 253 eius
922 219 1093 252 ultoribus
1125 220 1338 252 dimicarent.
1379 219 1426 251 Et
1446 229 1508 262 pro
1540 217 1640 251 domo
1663 218 1702 250 C.
1726 217 1917 250 XXXIV:
1960 218 2047 249 mihi

170 284 234 311 aut
256 283 289 309 te
311 276 494 320 intetfecto
519 288 596 308 cum
618 272 836 314 consulibus,
872 280 936 306 aut
961 279 993 306 te
1016 274 1099 305 uiuo
1122 278 1158 305 et
1181 279 1292 305 tecum
1312 277 1345 304 et
1368 283 1446 304 cum
1467 272 1540 303 illis
1565 271 1673 303 armis·
1698 270 1942 303 decertamlmn
1961 269 2046 312 fuit.

170 330 328 362 Placetne
350 329 455 372 igitur
476 329 541 361 hoc
564 328 611 358 ita
634 325 798 367 exprimi,
837 327 870 358 si
886 324 1001 369 finem
1023 337 1100 357 eum
1128 324 1198 367 (aut
1222 331 1315 364 tum,
1351 331 1391 356 ut
1416 330 1466 356 est
1488 324 1523 355 in
1547 325 1596 364 E,
1625 325 1670 363 B,
1700 322 1855 365 aliisque)
1885 324 2046 355 uincendi

169 383 343 420 uiderem,
381 395 481 426 quem
509 392 577 413 non
600 378 787 411 uidebam?
823 389 988 420 quaenam
1017 378 1099 409 haec
1120 378 1284 419 loquendi
1312 378 1422 411 ratio?
1468 377 1569 408 Tolle
1590 388 1681 408 nunc
1701 376 1979 414 additamentum,
2017 382 2048 406 et

167 435 350 467 uei-bulum
364 434 450 478 fore
471 434 526 465 uel
546 431 737 476 fictarum,
778 430 870 473 quod
900 436 1079 462 extrusum
1107 436 1216 473 patet,
1252 431 1408 463 restitue:
1453 431 1550 462 uinci
1571 436 1688 462 autem
1709 428 1868 472 inprobos
1894 441 1916 459 a
1941 428 2048 463 bonis,

161 487 285 532 fateor
301 487 420 532 faisse
442 486 684 530 praeclarum,
713 485 745 516 si
758 483 874 528 finem
896 495 974 516 eam
999 483 1069 526 (uel
1094 483 1183 525 tum)
1208 484 1370 516 uincendi
1383 482 1468 527 fore
1490 484 1661 521 uiderem,
1682 482 1755 521 uel,
1779 482 1933 513 uiderem
1946 479 2047 524 fore.-

168 542 236 572 iam
258 547 347 573 recta
370 545 401 570 et
421 539 602 581 perspicua
622 537 751 569 uidebis
775 536 899 569 omnia.
925 537 1186 568 GARATONIUS.
1230 536 1334 567 Recte
1358 536 1562 568 Garatonius
1587 536 1785 568 Ciceronem
1808 533 1945 575 negauit
1966 533 2049 564 scri-

170 594 251 625 bere
271 592 439 636 potuisse,
462 593 494 624 si
508 590 623 634 finem
645 602 722 622 eum
745 590 908 623 uincendi
930 590 1104 629 uiderem,
1127 601 1226 633 quem
1242 588 1401 632 profecto
1424 602 1491 622 non
1514 589 1692 627 uidebant,
1717 593 1766 619 set
1787 597 1897 627 neque
1920 597 1980 617 cur
2003 586 2049 617 ita

171 647 317 679 scribere
345 656 415 676 11011
437 644 603 687 potuerit,
641 655 752 686 neque
776 643 948 686 quomodo
971 643 1117 675 scribere
1140 641 1312 680 debuerit,
1349 641 1530 674 intellexit.
1574 643 1656 674 Non
1678 640 1791 684 potuit
1823 639 1870 671 sic
1892 639 2048 677 scribere,

172 698 260 741 quod
283 698 387 729 uerba
401 696 517 740 finem
539 709 617 729 eum
635 714 678 720 --
701 708 801 740 quem
822 695 1010 728 necessario
1035 695 1120 726 hanc
1141 694 1339 726 sententiam
1363 695 1546 734 continent,
1572 701 1610 726 ut
1628 693 1737 737 pluris
1760 692 1966 723 existumare
1989 692 2049 723 de-

169 752 306 782 beamus
343 749 419 782 finis
440 749 600 781 uincendi
622 748 737 780 fuisse.
759 749 869 792 Atqui
891 750 956 781 1100
977 747 1234 780 alienissumum
1257 759 1276 778 a
1298 747 1463 779 sententia
1485 747 1657 780 Ciceronis
1684 752 1744 786 est,
1771 746 1829 788 qui
1850 746 2050 788 simpliciter

169 803 319 835 noluisse
341 813 377 834 se
399 802 491 833 uinci
513 802 674 844 inprobos
697 813 717 833 a
738 802 835 834 bonis
856 802 945 842 dicit,
970 801 1058 844 quod
1081 801 1178 832 uictis
1200 800 1353 843 inprobis
1377 799 1478 832 finem
1499 800 1659 832 uincendi
1680 811 1749 831 non
1771 798 1909 830 uiderit.
1955 799 2050 830 Haec

169 862 282 887 autem
305 856 492 887 sententiae
515 855 717 898 peruersitas
741 856 935 887 certissuma
964 855 1171 887 correctione
1194 860 1226 885 et
1247 859 1382 896 poterat
1403 854 1480 884 tolli
1505 854 1546 885 ab
1570 853 1754 885 editoribus
1783 858 1817 884 et
1840 862 1924 882 uero
1948 851 2049 882 etiam

171 908 310 940 debebat
342 914 479 951 recepta
509 914 729 950 optumorum
760 908 910 940 codicum
941 909 1107 951 scriptura
1135 913 1209 939 tum
1240 918 1304 949 pro
1334 919 1413 938 eam
1441 906 1686 938 exhibentium.
1732 906 1803 937 Iam
1832 911 1970 947 optume
1998 905 2050 935 di—

173 968 296 994 ctumst
320 962 352 994 si
371 960 487 1005 finem
509 966 584 992 tum
605 961 770 993 uincendi
792 962 960 1002 uiderem,
996 961 1043 993 sic
1065 967 1103 991 ut
1128 966 1203 992 tum
1225 960 1268 991 sit
1292 960 1396 991 uictis
1419 959 1593 1003 inprobis,
1630 971 1696 1001 quo
1721 970 1819 990 sensu
1842 969 1940 1000 saepe
1963 958 2050 989 hanc

171 1015 372 1059 particulam
401 1013 557 1056 usurpari
587 1012 728 1045 constat.
772 1015 896 1057 Neque
925 1026 1007 1046 uero
1036 1014 1158 1053 uerba,
1196 1026 1295 1057 quem
1324 1011 1483 1056 profecto
1510 1024 1577 1044 non
1610 1012 1789 1051 aidebam,
1824 1011 1919 1042 saluo
1949 1022 2050 1043 sensu

172 1067 281 1099 omitti
311 1077 410 1109 posse
436 1071 532 1108 puto.
578 1066 676 1108 Quae
706 1066 799 1098 enim
829 1073 985 1099 secuntur
1015 1068 1134 1106 uerba,
1181 1067 1249 1099 Ubi
1271 1067 1361 1098 enim
1385 1072 1528 1110 praesto
1543 1065 1702 1109 fuissent
1725 1071 1804 1103 eto.,
1841 1063 1882 1094 iis
1904 1063 2051 1094 manife-

171 1126 292 1153 stumst
316 1119 416 1151 huius
439 1119 545 1161 ipsius
568 1119 763 1159 sententiae,
788 1131 873 1163 quae
897 1119 1010 1151 uerbis
1035 1133 1134 1164 quem
1153 1120 1310 1164 profecto
1333 1131 1400 1151 non
1423 1119 1583 1151 uidebam
1605 1118 1727 1156 subest,
1752 1116 1919 1148 rationem
1940 1116 2051 1156 reddi,

173 1174 220 1205 ita
242 1179 281 1204 ut
306 1173 358 1204 his
382 1171 513 1203 omissis
537 1172 646 1203 omnis
669 1183 785 1204 sensus
809 1184 985 1215 nexusque
1008 1175 1157 1205 tollatur.
1202 1174 1249 1206 At
1272 1173 1380 1212 enim,
1405 1171 1526 1202 obiciat
1546 1171 1640 1213 quis,
1673 1171 1746 1214 ipsa
1765 1170 1843 1208 illa,
1875 1181 1975 1211 quam
1998 1170 2050 1201 his

172 1226 287 1258 uerbis
310 1224 479 1256 enuntiari
505 1223 660 1257 debuisse
684 1227 885 1257 senteutiam
908 1227 1091 1267 contendo,
1131 1227 1200 1258 iam
1228 1226 1359 1265 uerbis,
1400 1226 1431 1257 si
1450 1223 1566 1267 finem
1596 1230 1670 1256 tam
1699 1224 1863 1255 uincendi
1885 1224 2051 1262 uiderem,

173 1279 297 1312 subest.
342 1279 392 1310 Ea
413 1278 503 1308 enim
526 1278 631 1309 uerba
654 1279 712 1320 qui
734 1279 850 1322 ponit,
873 1291 1061 1322 numquam
1083 1291 1153 1310 non
1174 1279 1240 1310 1100
1261 1279 1297 1310 111
1322 1284 1434 1310 mente
1456 1277 1557 1308 habet
1580 1282 1611 1307 et
1634 1276 1675 1307 ab
1701 1276 1910 1308 auditoribus
1933 1277 2052 1308 subin-

174 1331 289 1373 tellegi
313 1331 402 1362 uolt:
426 1337 478 1363 set
491 1329 607 1374 finem
630 1337 704 1363 tam
729 1333 892 1365 uincendi
913 1345 980 1365 non
1003 1332 1174 1365 uidebam.
1218 1333 1395 1364 Praeterea
1418 1335 1555 1368 constat,
1583 1340 1653 1360 non
1674 1340 1752 1360 raro
1777 1330 1868 1362 enim
1889 1330 2052 1372 particula

173 1383 343 1416 rationem
374 1384 467 1415 reddi
500 1385 687 1416 sententiae
708 1397 779 1417 non
802 1386 994 1417 enuntiatae
1022 1386 1154 1417 disertis
1177 1384 1309 1424 uerbis,
1347 1390 1397 1415 set
1419 1393 1616 1425 suppressae
1641 1382 1697 1413 uel
1719 1382 2050 1425 subintellegendae:

171 1444 208 1470 ut
230 1449 308 1469 cum
331 1437 413 1469 dicit
433 1437 552 1469 Cicero
578 1438 718 1469 Tuscul.
740 1438 790 1478 II,
815 1439 866 1477 24,
890 1440 956 1481 59.:
980 1439 1081 1472 Nam
1104 1444 1178 1471 tam
1201 1439 1410 1482 ingemuisse
1432 1435 1713 1480 Epaminondam
1730 1441 1851 1479 Pictas,
1878 1449 1956 1468 cam
1980 1450 2051 1469 una

172 1503 252 1524 cum
273 1491 445 1533 sangnine
466 1491 580 1522 uitam
606 1491 752 1535 ecfluere
774 1493 942 1524 sentiret?
977 1492 1192 1535 inperantem
1222 1491 1313 1523 enim
1332 1490 1486 1533 patriam
1509 1488 1796 1521 Lacedaemoniis
1823 1490 2051 1534 relinquebat,

173 1556 279 1588 quam
300 1549 480 1587 acceperat
501 1544 717 1577 seruientem.
762 1544 841 1585 Quo
865 1544 900 1575 iu
914 1544 988 1575 1000
1012 1543 1217 1576 referendast
1239 1544 1330 1576 enim
1352 1542 1516 1585 particula
1535 1541 1576 1572 ad
1598 1553 1812 1584 suppressam
1834 1543 2050 1575 sententiam:

175 1610 242 1630 non
266 1598 448 1640 ingemuit.
492 1597 573 1629 Alia
596 1598 753 1640 exempla
775 1597 896 1629 adtulit
916 1597 1162 1629 Ramshornius
1188 1597 1250 1628 Gr.
1274 1597 1348 1627 Lat.
1375 1595 1404 1636 ἕ.
1431 1595 1501 1636 187.
1524 1595 1550 1634 Ι,
1577 1606 1604 1626 1.
1628 1606 1662 1637 p.
1686 1594 1777 1627 564..
1822 1596 1916 1627 Haec
1939 1597 2053 1628 omnia

176 1651 240 1683 etsi
262 1650 410 1693 cuipiam
432 1661 509 1680 cum
531 1661 653 1692 mag-na
677 1650 818 1692 quadam
840 1650 1085 1693 probabilitatis
1109 1649 1219 1692 specie
1244 1649 1330 1681 mihi
1353 1647 1441 1679 obici
1465 1647 1657 1687 uideantur,
1693 1659 1780 1690 nego
1803 1654 1915 1680 tamen
1937 1650 2050 1689 uerba,

174 1705 215 1735 de
241 1703 361 1746 quibus
386 1702 515 1744 agitur,
543 1703 654 1733 omitti
677 1714 790 1745 posse,
813 1703 914 1745 longe
937 1703 1037 1734 aliam
1059 1703 1199 1734 illorum
1222 1703 1391 1739 locorum,
1420 1701 1454 1731 in
1478 1700 1597 1742 quibus
1620 1700 1710 1732 enim
1732 1713 1751 1731 a
1772 1713 1951 1744 suppressa
1974 1714 2053 1733 sen·-

177 1756 279 1789 tentia
300 1756 451 1798 pendere
474 1755 641 1795 uidemus,
666 1768 767 1798 quam
790 1756 890 1788 huius
903 1756 968 1788 loci
989 1755 1156 1787 rationem
1179 1767 1248 1787 esse
1272 1754 1485 1786 contendens.
1530 1754 1570 1785 In
1592 1753 1660 1785 illis
1684 1753 1775 1784 enim
1793 1754 1886 1794 locis,
1910 1754 1944 1785 id
1964 1755 2052 1797 quod

175 1821 229 1842 res
251 1809 324 1852 ipsa
345 1808 510 1851 postulat,
533 1808 574 1838 ad
598 1820 672 1840 eam
694 1809 844 1841 refertur
866 1809 1066 1841 sententiam
1088 1808 1255 1851 particula
1280 1809 1352 1847 illa,
1385 1819 1468 1849 quae
1492 1813 1550 1838 aut
1572 1818 1615 1838 ex
1638 1812 1708 1838 toto
1732 1807 1934 1847 uerborum,
1967 1820 2051 1850 quae

175 1861 397 1906 praecedunt,
436 1862 625 1903 conplexu,
659 1868 718 1894 aut
748 1873 767 1893 e
785 1862 917 1901 uerbis,
958 1873 1042 1903 quae
1070 1868 1149 1893 sunt
1176 1862 1340 1905 primaria
1363 1871 1590 1902 maxumeque
1612 1860 1735 1902 respici
1758 1860 1880 1891 debere
1903 1868 2050 1904 apparet,

174 1915 306 1948 nemini
328 1926 397 1946 non
420 1920 539 1957 sponte
561 1914 845 1957 subintellegitur.
890 1916 1009 1956 Itaque
1031 1915 1095 1946 hoc
1119 1915 1213 1955 loco,
1251 1915 1288 1946 in
1310 1926 1376 1957 quo
1403 1913 1566 1957 primaria
1587 1913 1670 1944 haec
1691 1924 1761 1944 esse
1784 1913 1906 1955 liquet:
1949 1915 2052 1947 Uinci

175 1975 292 2002 autem
315 1967 474 2012 inprobos
496 1981 518 2000 a
541 1968 652 2008 bonis,
676 1968 800 2012 fateor
817 1969 935 2013 fuisse
950 1969 1195 2012 praeclarum,
1225 1968 1253 2000 si
1275 1967 1317 1999 ad
1338 1966 1523 2009 sequentia,
1575 1966 1641 1998 Ubi
1663 1967 1754 1998 enim
1777 1973 1850 2006 etc„
1872 1978 2051 2009 suppressa

176 2021 315 2053 deberet
335 2021 497 2052 sententia
517 2021 639 2064 putari,
666 2033 709 2053 ex
736 2033 801 2064 qua
823 2023 882 2053 illa
906 2021 1110 2064 penderent,
1134 2033 1210 2052 meo
1233 2020 1357 2052 iudicio
1380 2021 1462 2052 haec
1483 2025 1615 2050 tantum
1637 2030 1816 2062 suppressa
1837 2026 1951 2062 posset
1975 2020 2052 2051 exi-

177 2073 336 2107 stumari:
361 2079 412 2105 set
433 2074 530 2106 uinci
551 2075 711 2118 inprobos
733 2088 755 2108 a
778 2075 886 2113 bonis,
908 2086 975 2106 non
988 2071 1070 2117 filit
1089 2075 1321 2118 praeclarum.
1363 2072 1472 2114 Atqui
1492 2072 1593 2104 huius
1615 2073 1800 2103 sententiae
1822 2072 1975 2104 minume
1992 2071 2052 2104 Ci-

176 2138 254 2158 cero
276 2126 312 2157 iu
334 2126 550 2167 sequentibus
571 2128 737 2160 rationem
758 2128 878 2160 reddit.
922 2126 1055 2159 Deinde
1077 2138 1161 2157 uero
1184 2127 1334 2158 alienum
1357 2127 1497 2158 omnino
1522 2126 1759 2157 aLatinorum
1782 2125 1946 2168 loquendi
1969 2137 2051 2156 con-

176 2179 355 2212 suetudine
376 2178 507 2215 iudico,
539 2185 578 2211 ut
598 2187 676 2223 post
698 2181 946 2213 enuntiationes
969 2179 1227 2219 condicionalis,
1266 2180 1374 2222 qualis
1396 2179 1478 2210 haec
1501 2184 1567 2218 est,
1608 2178 1648 2209 de
1671 2189 1737 2219 qua
1760 2178 1967 2221 disputatur,
2003 2179 2051 2209 ita

176 2238 337 2275 sequatur
367 2232 458 2264 enim
484 2233 670 2275 particula,
703 2240 743 2265 ut
770 2245 809 2265 ea
831 2232 1037 2272 sententiae,
1072 2243 1157 2274 quae
1183 2243 1226 2264 ex
1249 2231 1478 2263 enuntiatione
1508 2231 1730 2263 condicionali
1758 2231 1882 2275 conligi
1912 2232 2051 2262 demum

175 2291 290 2328 potest
319 2295 381 2315 nec
412 2284 533 2317 diserte
555 2286 772 2327 enuntiatast,
804 2287 890 2319 ratio
919 2286 1093 2317 reddatur.
1138 2286 1260 2328 Neque
1283 2297 1365 2316 uero
1388 2283 1508 2316 inutile
1531 2283 1611 2325 quid
1632 2283 1746 2323 faciet,
1782 2285 1840 2327 qui
1863 2284 2049 2316 accuratius

178 2349 351 2380 exponere
380 2337 580 2378 instituerit,
629 2339 750 2381 quibus
778 2339 1028 2372 condicionibus
1056 2338 1226 2381 supprimi
1251 2338 1418 2370 sententia
1445 2335 1568 2379 possit,
1609 2348 1653 2368 ex
1676 2348 1742 2379 qua
1769 2338 1859 2370 enim
1885 2337 2050 2380 particula

176 2389 332 2433 pendeat.
376 2391 468 2423 Nam
489 2397 529 2423 ut
549 2397 642 2423 recte
663 2392 728 2423 hoc
753 2391 879 2423 factum
901 2392 1042 2423 Tuscul.
1065 2392 1108 2430 II,
1134 2391 1193 2431 24,
1217 2392 1269 2434 59.
1293 2397 1350 2430 est,
1374 2390 1421 2421 ita
1443 2390 1479 2421 in
1503 2395 1586 2421 orat.
1611 2390 1694 2421 Sest.
1709 2390 1748 2422 C.
1761 2390 1893 2422 XLIX.
1917 2393 1947 2431 §.
1966 2391 2048 2430 105„

179 2443 239 2486 qui
263 2443 356 2476 locus
378 2443 431 2476 illi
453 2444 658 2477 simillumus
683 2451 751 2477 est:
786 2444 887 2478 Num
909 2456 970 2477 uos
1001 2445 1237 2484 existumetis,
1271 2444 1466 2483 Gracchos,
1499 2448 1562 2476 aut
1585 2443 1812 2482 Saturninos,
1846 2449 1910 2476 aut
1932 2455 2050 2487 quem-
