2185 2720
138 167 194 193 222
789 153 1351 184 COMMENTARIUS.

139 247 242 279 quam
263 234 405 267 illorum
425 239 602 270 ueterum,
633 230 694 275 qui
709 230 899 274 populares
920 229 1149 267 habebantur,
1182 228 1296 260 ullum
1319 240 1483 272 umquam
1505 229 1542 261 in
1565 229 1721 262 contione
1741 229 1900 263 habuisse
1921 242 2003 262 con·

139 288 305 320 ductum?
345 287 458 321 Nemo
475 285 616 324 habuit3
645 284 723 327 ipsa
742 283 833 315 enim
851 282 998 325 largitio
1020 288 1053 314 et
1075 294 1150 326 spes
1172 281 1338 314 commodi
1354 281 1530 325 propositi
1551 281 1625 314 sine
1642 283 1795 314 mercede
1815 283 1892 316 ulla
1912 283 2006 316 mul-

140 340 326 373 titudinem
348 338 549 372 concitabat.
570 336 666 368 nullo
688 335 791 367 modo
815 334 918 365 uerba
939 347 1036 367 nemo
1058 334 1179 367 habuit
1201 333 1310 365 omitti·
1329 339 1524 376 potuerunt.
1568 335 1687 376 Itaque
1708 333 1868 366 seruanda
1888 334 2006 378 putaui

140 393 261 430 uerba,
285 404 382 436 quem
402 390 558 434 profecto
580 401 648 423 non
670 388 838 421 uidebam.
882 387 972 420 Uide
992 388 1093 419 etiam
1112 386 1243 428 Proleg.
1265 387 1308 418 L.
1330 387 1374 418 II.
1399 387 1438 418 C.
1461 387 1488 418 Ι.
1513 387 1543 429 5.
1566 398 1596 419 2.
1619 398 1654 430 p.
1675 387 1834 419 XXXI..

167 444 172 450 ’
225 446 352 478 Fateor
366 443 485 487 fuisse
499 441 736 487 praeclarum)
780 442 835 473 Ne
848 439 1018 485 futurum
1031 439 1150 484 fuisse
1173 438 1238 469 dici
1261 437 1416 471 debuisse
1436 445 1545 482 pute8‚
1570 439 1686 471 confer
1709 440 1754 471 G.
1777 439 1820 470 T.
1842 438 1888 471 A.
1910 438 2007 470 Kru-

141 509 276 541 gerum,
298 495 556 538 grammaticum
576 495 870 534 emdifissumum,
892 493 930 525 in
951 494 1056 533 libro,
1079 492 1172 524 cuius
1194 491 1326 523 titulus:
1355 491 1660 534 Untersuchungen
1681 503 1740 523 aus
1763 490 1842 523 dem
1864 490 2007 523 Gebiete

142 550 199 582 der
222 550 278 581 lat.
302 548 538 592 Sprachlehre.
583 548 676 579 Fasc.
700 547 728 578 I.
750 557 784 589 p.
811 547 868 578 151
892 558 941 589 sq.
965 546 1052 578 conl.
1075 557 1110 589 p.
1133 543 1352 585 562—570..

224 603 264 635 Si
277 601 392 646 finem
417 606 491 634 tum
515 600 678 633 uincendi
708 599 874 642 uiderem)
917 600 971 631 De
1001 599 1065 630 hoc
1095 607 1230 640 quoque
1257 595 1419 637 loquendi
1447 607 1588 639 genere,
1621 596 1654 629 si
1673 614 1717 621 —
1738 596 1911 634 uiderem,
1942 605 2007 636 pro

142 667 208 698 quo
237 655 365 687 tirones
394 655 426 687 si
443 671 485 678 —
507 654 673 686 uidissem
705 657 900 695 expectent,
935 658 1073 695 optume
1106 648 1266 692 exposuit
1294 648 1383 680 idem
1413 648 1589 691 Krugerus
1620 649 1643 680 l.
1673 649 1699 682 l.
1728 660 1763 692 p.
1794 646 2006 680 216—242..

140 707 238 741 Addo
262 719 306 739 ex
328 708 390 739 hac
412 712 496 738 orat.
524 707 562 738 C.
584 706 669 737 XX.
694 706 724 747 5.
745 705 814 737 55.=
843 717 950 749 neque
973 705 1064 737 enim
1085 714 1250 746 umquam
1270 701 1417 734 maiores
1435 702 1547 734 nostri
1570 702 1786 734 sortitionem
1807 700 2008 733 constituis-

141 767 216 794 sent
238 760 456 799 aediliciam,
493 759 563 792 nisi
594 758 753 791 uiderent
780 758 935 790 accidere
950 768 1069 801 posse,
1105 761 1145 788 ut
1168 755 1392 798 conpetitores
1415 767 1518 798 pares
1540 753 1726 798 suffragiis
1751 759 1871 787 essent.
1907 759 1942 785 et
1967 752 2008 784 de

140 824 253 855 arusp.
271 824 358 855 resp.
386 812 424 844 C.
449 811 568 844 XXII.
592 812 622 853 5.
640 811 709 853 47.:
742 811 802 844 An
821 811 904 849 iste,
933 810 1004 842 nisi
1019 809 1136 852 primo
1155 819 1190 840 se
1212 807 1408 840 dedisset
1430 808 1494 847 iis,
1527 819 1673 851 quorum
1693 807 1827 839 animos
1848 819 1872 839 a
1887 811 2009 839 uostra

141 866 349 898 auctoritate
371 866 540 897 seiunctos
563 876 634 896 esse
654 863 929 901 arbitrabamur3
966 861 1037 894 nisi
1066 873 1120 892 eos
1148 861 1185 892 in
1207 860 1340 892 caelum
1366 861 1441 893 suis
1464 859 1626 892 laudibus
1650 860 1857 903 praeclarus
1885 864 2008 892 auctor

142 918 281 951 extoll
289 924 377 950 eret
385 931 397 957 ;
432 918 501 950 nisi
524 917 711 950 exercitum
739 914 774 948 C.
796 915 954 948 Caesaris
985 912 1036 955 (in
1059 925 1124 957 quo
1137 911 1309 956 fallebat,
1343 919 1395 945 set
1416 925 1494 945 eum
1517 924 1613 944 nemo
1641 911 1906 955 redargu-ebat),
1937 911 2008 943 nisi

143 983 241 1009 eum,
274 971 436 1014 inquam,
467 970 654 1002 exercitum
675 968 786 1012 signis
809 967 948 1011 infestis
978 967 1014 998 in
1037 966 1172 998 curiam
1193 977 1227 997 se
1249 966 1474 998 inmissurum
1502 965 1773 997 minitaretu
1785 977 1822 1005 r,·
1855 965 1926 998 nisi
1947 964 2007 997 Cn.

142 1024 307 1066 Pompeio
329 1023 506 1061 adiutore,
529 1023 580 1056 M.
603 1022 725 1054 Crasso
750 1025 910 1058 auctore,
936 1031 1023 1063 quae
1035 1018 1354 1062 faciebat,facere
1376 1019 1567 1050 clamare
1577 1022 1610 1057 ἰ,-
1634 1018 1706 1050 nisi
1727 1018 1881 1050 consules
1906 1029 2009 1050 caus-

142 1088 217 1108 sam
241 1076 458 1108 coniunxisse
488 1087 620 1113 secum,
658 1074 694 1106 in
718 1085 784 1117 quo
814 1084 882 1104 uno
910 1084 975 1104 non
1007 1070 1256 1111 mentiebatur,
1294 1070 1605 1114 confirmaret.-
1645 1076 1717 1102 tam
1746 1071 1898 1103 crudelis
1928 1071 2009 1109 mei,

144 1135 216 1160 tam
237 1129 423 1161 sceleratus
453 1128 505 1160 rei
522 1126 683 1170 publicae
705 1131 850 1157 uexator
871 1137 942 1157 esse
967 1124 1224 1168 potuisset?
1269 1123 1347 1164 Quo
1376 1123 1412 1154 in
1435 1123 1509 1154 loco
1533 1134 1577 1154 ex
1601 1123 1787 1154 uariatione
1808 1123 2009 1166 plusquam-

142 1179 285 1223 perfecti
309 1181 458 1212 dedisset
480 1186 511 1211 et
528 1177 793 1221 inperfectorum
815 1178 1010 1215 extolleret,
1032 1176 1275 1215 minitaretur,
1298 1176 1480 1214 clamaret,
1509 1174 1754 1218 confirmaret,
1786 1175 1868 1217 quid
1890 1175 2010 1207 discri-

143 1233 245 1265 minis
267 1234 356 1265 inter
377 1239 560 1274 utrumque
582 1236 714 1272 tempus
737 1229 937 1269 intercedat,
977 1238 1139 1260 maxume
1170 1228 1289 1260 elucet.
1332 1227 1391 1260 Ad
1418 1226 1668 1259 inlustrandum
1695 1233 1826 1268 autem,
1862 1228 1951 1271 quod
1971 1228 2010 1260 in

145 1286 209 1318 hac
230 1298 281 1317 or.
303 1284 483 1318 Planciana
503 1283 700 1327 positumst‚
723 1282 755 1314 si
774 1300 818 1307 —-
839 1283 1011 1321 uiderem,
1033 1281 1128 1312 iuuat
1150 1280 1357 1323 adposuisse,
1381 1291 1465 1323 quae
1487 1279 1576 1311 idem
1600 1279 1719 1311 Cicero
1742 1280 1873 1323 scripsit
1894 1280 2009 1312 eadem

145 1338 186 1369 de
208 1350 246 1370 re
269 1338 305 1370 in
328 1350 378 1370 or.
403 1343 480 1380 post
501 1336 572 1368 red.
596 1336 632 1367 in
654 1347 726 1367 sen.
750 1336 788 1366 C.
810 1336 908 1367 XIII.
932 1337 962 1376 5.
986 1334 1056 1366 53.:
1084 1333 1203 1377 potui,
1226 1346 1262 1377 p.
1285 1347 1331 1373 c.‚
1352 1333 1473 1366 multis
1495 1332 1694 1365 auctoribus
1706 1331 1930 1376 fortissumis
1950 1334 2008 1365 ui·-

147 1392 198 1423 ris
221 1404 274 1424 me
298 1392 337 1424 ui
358 1392 532 1434 armisque
563 1388 765 1433 defendere3
800 1400 861 1420 nec
889 1388 976 1419 mihi
1002 1388 1074 1430 ipse
1097 1387 1157 1418 ille
1183 1387 1321 1419 animus
1342 1387 1434 1419 idem
1454 1398 1565 1424 meus,
1599 1384 1694 1416 uobis
1716 1397 1785 1417 non
1809 1385 2009 1429 incognitus

145 1444 279 1488 defuit3
319 1451 370 1477 set
398 1443 617 1482 uidebam,
665 1442 696 1474 si
732 1441 892 1474 uicissem
915 1446 1134 1484 praesentem.
1166 1440 1429 1479 aduersarium,
1463 1438 1610 1471 nimium
1639 1437 1767 1470 multos
1802 1438 1890 1471 mihi
1920 1439 2009 1471 alios

145 1509 218 1529 esse
240 1497 437 1530 uincendos.

237 1550 303 1582 Ubi
325 1551 416 1582 enim
433 1566 475 1573 —
498 1549 627 1581 ultores
649 1546 822 1589 uidebam)
868 1545 1045 1588 Copiosius
1072 1546 1154 1578 haec
1177 1545 1294 1577 Cicero
1318 1556 1381 1587 pro
1405 1544 1510 1577 Sestio
1537 1544 1575 1576 C.
1598 1544 1700 1577 XIX.
1724 1544 1754 1585 5.
1777 1543 1830 1576 45.
1857 1544 2009 1587 expom't.

229 1603 378 1635 Praesto
389 1601 524 1646 fuisset
546 1602 634 1634 milti
655 1607 718 1632 aut
740 1606 812 1631 tam
825 1598 939 1642 fortis
961 1600 1099 1639 consul,
1130 1611 1233 1643 quam
1254 1599 1299 1631 L.
1322 1598 1503 1640 Opimius,
1536 1609 1641 1641 quam
1661 1597 1696 1630 C.
1720 1598 1879 1637 Marius,
1905 1610 2010 1642 quam

146 1656 191 1687 L.
212 1655 360 1687 Flaccus
382 1672 424 1679 —
445 1660 529 1693 aut,
551 1655 582 1686 si
603 1654 718 1685 minus
731 1652 866 1696 fortes,
887 1657 1041 1684 attamen
1064 1658 1136 1684 tam
1158 1651 1256 1693 iusti)
1300 1651 1370 1682 Cur
1392 1649 1553 1691 singulari
1576 1650 1693 1689 utitur,
1717 1661 1793 1681 cum
1816 1650 1923 1692 pluris
1945 1661 2010 1681 no·-

145 1707 266 1746 minat,
292 1707 419 1749 plurali
441 1718 541 1745 uero,
565 1718 641 1737 cum
665 1705 792 1736 unum?
822 1704 1021 1746 praesertim
1043 1716 1119 1736 cum
1142 1704 1300 1736 continuo
1323 1709 1498 1743 sequatur,
1521 1703 1626 1734 Esset
1648 1703 1761 1745 igitur
1776 1702 2009 1744 pugnandum

146 1772 224 1793 cum
245 1759 450 1792 consulibus·
494 1760 605 1792 Uerae
622 1756 775 1789 lectionis
798 1756 978 1798 uestigium
992 1756 1152 1800 fuissent
1173 1757 1207 1788 in
1232 1767 1299 1787 uno
1322 1760 1451 1785 tantum
1475 1754 1590 1787 Oxon.
1614 1754 1782 1796 [aliisque]
1808 1765 1878 1785 esse
1900 1753 2010 1785 uideo.

146 1813 268 1854 Neque
291 1812 382 1850 enim
404 1811 628 1844 dubitandum
650 1816 716 1849 est,
755 1810 838 1851 quin
859 1809 1024 1852 scriptum
1049 1820 1069 1840 a
1089 1810 1206 1841 Tullio
1228 1808 1346 1847 fuerit,
1393 1807 1459 1839 Ubi
1482 1807 1572 1839 enim
1588 1813 1729 1850 praesto
1742 1806 1900 1850 fuissent
1922 1807 2010 1839 mihi

147 1871 210 1897 aut
232 1871 304 1898 tam
322 1865 440 1908 fortes
469 1865 634 1898 consules.
679 1863 776 1895 Falsa
807 1862 921 1894 usitati
949 1862 1114 1904 conpendi
1137 1862 1227 1895 Coss.
1249 1859 1481 1902 interpretatio
1503 1859 1665 1891 mendum
1694 1858 1791 1890 facile
1814 1857 2007 1892 adduxerit.

148 1918 395 1950 GARATONIUS
441 1918 540 1950 Nihil
564 1917 677 1948 uerius
700 1915 762 1947 hae
786 1914 1034 1953 emendatione,
1062 1915 1098 1946 iu
1121 1927 1222 1957 quam
1244 1925 1320 1946 cum
1345 1911 1528 1945 Garatonio
1552 1911 1654 1943 etiam
1682 1911 1857 1944 Weiskius
1879 1911 2007 1944 incidit.

231 1972 277 2003 L.
300 1970 473 2013 Opimius)
517 1970 655 2002 Dictum
679 1969 718 2000 de
741 1980 779 2001 eo
801 1967 868 1998 iam
890 1968 927 2000 C.
952 1967 1112 1999 XXVIII
1134 1980 1183 2010 sq.
1211 1974 1268 1999 est.

231 2025 277 2056 L.
297 2024 458 2065 Flaccus)
502 2024 544 2055 L.
568 2023 724 2056 Ualerius
744 2021 880 2054 Flaccus
903 2020 1040 2062 conlega
1062 2021 1099 2052 C.
1123 2021 1213 2052 Mari
1243 2020 1305 2053 VI.
1335 2016 1493 2050 consulis.
1538 2015 1628 2049 Uide
1650 2016 1719 2048 Cle.
1747 2028 1811 2059 pro
1841 2016 1880 2048 C.
1902 2016 2011 2049 Rabi-

148 2077 198 2109 rio
220 2077 258 2108 C.
282 2076 360 2108 VII.
386 2076 415 2117 5.
440 2086 511 2114 2o.,
540 2075 690 2117 Philipp.
713 2075 816 2112 VIII,
840 2074 877 2110 5,
905 2074 952 2104 15.
975 2079 1007 2104 et
1028 2073 1063 2104 in
1088 2073 1188 2104 Catil.
1212 2075 1244 2113 I,
1270 2084 1308 2110 2,
1332 2071 1380 2102 4..

230 2129 395 2173 Inprobos
427 2127 528 2172 ciuis)
571 2128 620 2160 Μ.
645 2127 671 2158 F
676 2126 804 2158 uluiom
831 2126 988 2157 Flaccum
1017 2126 1228 2158 consularem
1261 2131 1293 2156 et
1323 2125 1361 2156 C.
1393 2121 1586 2154 Gracchum
1616 2121 1835 2154 tribunicium
1867 2121 2008 2165 Opimio

149 2182 302 2220 consule3
348 2181 568 2212 Saturninum
600 2180 773 2212 tribunum
804 2179 852 2222 pl.
883 2184 916 2209 et
946 2178 1122 2209 Glauciam
1151 2185 1342 2221 praetorem
1374 2177 1411 2208 C.
1443 2174 1554 2208 Mario
1590 2181 1623 2206 et
1650 2176 1692 2209 L.
1721 2173 1860 2207 Ualerio
1887 2173 2006 2205 Flacco

149 2245 249 2266 coss..
276 2234 489 2266 MANUTIUS.
533 2234 622 2267 Uide
644 2245 717 2264 eam
740 2244 813 2264 rem
833 2230 940 2262 fusius
963 2236 1192 2273 exponentem
1211 2231 1260 2262 M.
1278 2229 1433 2261 Tullium
1456 2228 1490 2259 in
1508 2227 1548 2259 iis
1565 2227 1647 2259 locis
1670 2239 1754 2269 quos
1775 2226 1878 2260 modo
1892 2224 2007 2257 adtuli.

232 2287 276 2320 P.
296 2286 450 2330 Mucius)
495 2286 533 2318 P.
555 2286 690 2319 Mucius
713 2284 889 2323 Scaeuola,
926 2282 985 2325 qui
1010 2294 1088 2314 cum
1110 2283 1153 2315 L.
1181 2281 1368 2325 Calpurnio
1392 2281 1512 2313 Pisone
1539 2279 1645 2322 Frugi
1673 2291 1727 2312 au.
1751 2279 1823 2312 621.
1853 2275 2008 2308 consula-

150 2346 220 2372 tum
241 2339 351 2380 gessit.

232 2391 278 2423 P.
299 2391 427 2434 Scipio)
470 2391 507 2424 P.
529 2391 641 2433 Scipio
665 2390 800 2429 Nasica,
838 2388 896 2431 qui
919 2387 1075 2431 pontifex
1102 2399 1283 2420 maxumus
1313 2385 1388 2418 suit.
1434 2385 1506 2418 Csr.
1529 2385 1564 2417 iu
1588 2384 1686 2416 Catil.
1710 2383 1743 2422 I,
1770 2392 1805 2420 1,
1828 2379 1859 2411 5.
1892 2378 2008 2422 ibique

148 2445 363 2487 interpretes,
391 2449 425 2474 et
444 2443 593 2487 Philipp.
616 2444 718 2483 vlu,
741 2443 777 2482 4,
805 2442 872 2474 15..
