2185 2720
673 123 699 152 C
719 123 747 151 A
768 123 806 152 P.
844 122 986 151 XXVII.
1005 120 1033 162 §.
1054 127 1098 154 67.
1128 137 1165 144 —
1183 121 1343 152 XXVIII.
1369 120 1395 162 §.
1416 125 1460 154 68.
1963 127 2016 154 177

138 203 303 246 iibrigen,
345 211 445 233 wenn
477 199 539 232 der
565 198 707 232 Termin
727 197 798 242 fiir
821 198 927 241 jeden
947 197 1164 242 gekommen,
1208 198 1265 230 die
1286 198 1432 238 Selium,
1477 197 1602 230 welche
1623 197 1799 241 dringend
1819 198 1882 239 ist,
1919 199 2016 243 jetzt

134 255 267 300 grade,
303 265 403 287 wenn
425 253 475 285 sie
493 251 677 296 gefordert
702 252 810 291 wird,
844 251 1031 284 bezalzlen?
1074 251 1171 292 Quae
1192 249 1418 293 interpretatio
1441 261 1550 292 neque
1572 250 1699 290 uerbis,
1733 262 1818 293 quae
1839 250 1875 281 in
1898 250 2018 284 editio-

134 308 234 341 nibus
266 306 424 338 omnibus
454 311 531 337 sunt
563 303 700 346 scripta,
736 314 847 346 neque
874 303 941 336 loci
971 303 1154 335 sententiae
1181 303 1349 335 conuenit.
1392 304 1482 335 Nam
1506 302 1594 344 quod
1616 303 1773 335 nonnulli
1800 302 1944 343 faciunt,
1979 310 2017 336 ut

136 360 304 399 omittant,
327 369 413 401 quae
433 369 504 389 non
525 356 740 398 intellegunt,
764 356 796 387 id
819 356 883 388 sibi
911 356 1072 390 Wolffius
1094 356 1248 395 indulsit,
1273 367 1462 399 pronomen
1484 357 1547 389 Ιιοο
1569 362 1644 387 ante
1666 368 1787 389 nomen
1809 356 1959 400 positum
1980 355 2017 388 in

135 412 408 455 interpretatione
431 421 502 442 non
531 408 682 440 reddens.
726 409 784 441 Set
810 410 945 442 missam
973 409 1135 442 faciamus
1164 408 1471 452 interpretationem
1497 409 1615 449 istam,
1649 415 1749 452 atque
1777 409 1899 449 uerba,
1933 420 2018 451 quae

137 466 259 508 scripta
282 475 372 496 nunc
393 463 429 494 in
452 462 540 494 editt.
563 462 738 504 leguntur,
765 474 866 504 quem
883 475 1019 495 sensum
1041 462 1233 506 praebeant,
1260 463 1355 504 isque
1378 474 1479 505 quam
1501 462 1630 493 alienus
1652 474 1672 494 a
1693 463 1760 495 loci
1782 462 1944 495 sententia
1966 462 2018 502 sit,

135 519 327 556 uideamus3
364 527 430 558 quo
458 515 545 547 facto
579 515 659 556 quid
689 515 752 547 uiti
782 515 839 546 hic
867 516 961 548 locus
985 515 1205 555 contraxerit,
1245 522 1364 558 sponte
1392 514 1575 558 apparebit.
1620 515 1708 546 Cum
1730 516 1946 548 manifestum
1968 515 2018 555 sit,

137 571 258 610 uerba,
287 575 407 601 utrum
428 580 481 601 me
504 567 710 600 conturbare
734 575 885 612 oportet,
918 569 955 601 in
974 570 1067 602 hunc
1089 580 1159 600 esse
1181 580 1315 600 sensum
1338 568 1437 607 dicta,
1467 573 1587 600 utrum
1607 568 1739 601 nemini
1761 569 1815 607 id,
1846 568 1938 612 quod
1958 568 2018 599 cle-

135 625 214 663 beo,
235 634 288 655 me
310 621 442 653 soluere
464 626 617 664 oportet,
645 632 798 653 mancam
818 623 969 665 primum
990 629 1082 666 patet
1104 621 1370 664 interrogationis
1393 620 1546 660 alterius,
1578 632 1663 663 quae
1683 621 1797 653 uerbis
1819 620 1886 651 illis
1909 631 2019 663 oppo-

136 677 246 716 nitur,
275 673 475 705 sententiam
497 685 582 714 esse,
606 673 634 705 si
656 674 745 706 nihil
770 675 853 707 aliut
873 675 938 706 nisi
961 676 1041 715 hoc,
1075 688 1122 708 an
1143 675 1264 707 ceteris
1287 674 1439 706 debitum
1462 685 1523 705 suo
1545 679 1695 718 tempore
1720 675 1879 712 reddere,
1910 672 2019 703 conti-

134 735 222 762 neat.
264 726 363 759 Nihil
392 732 442 757 est
464 726 575 766 enim,
611 727 699 769 quod
720 728 824 759 uerbo
848 729 970 761 ceteris
999 727 1193 770 oppositum
1218 726 1355 769 cogitari
1379 726 1492 769 possit.
1535 726 1667 758 Deinde
1689 738 1765 759 cum
1789 726 1907 765 uerba,
1941 738 2019 758 cum

136 782 301 824 cuiusque
323 779 395 811 (lies
417 780 570 818 uenerit,
592 780 631 811 ad
654 786 787 824 tempus
809 780 978 820 futurum,
1002 780 1062 811 illa
1084 792 1183 820 uero,
1207 791 1291 823 quae
1314 779 1423 810 statim
1446 784 1618 819 secuntur,
1641 792 1752 820 nunc,
1775 792 1852 812 cum
1869 779 2018 822 petitur,

135 835 176 868 ad
203 843 360 877 praesens
385 837 518 874 tempus
549 839 714 875 spectent,
749 833 822 866 fieri
850 832 1001 876 profecto
1030 834 1126 865 nulla
1155 833 1283 865 ratione
1305 837 1427 874 potest,
1463 837 1500 863 ut
1522 838 1703 875 utrumque
1724 832 1918 864 membrum
1940 842 2019 862 cuni

134 887 248 920 uerbis
270 885 390 918 ceteris
410 884 598 917 dissoluere
620 886 849 929 coniungatur.
896 885 1029 928 Quibus
1050 886 1090 917 de
1116 886 1238 918 caussis
1260 884 1403 917 dubitari
1425 884 1561 927 nequit,
1586 885 1668 927 quin
1688 896 1877 928 pronomen
1898 885 1960 917 lzoc
1982 883 2019 914 in

134 940 282 972 datiuom
304 938 385 971 liuic
405 936 605 969 mutandum
627 938 689 977 sit,
714 950 780 981 quo
803 938 892 970 facto
916 945 948 970 et
969 940 1091 972 ceteris
1114 945 1161 971 est
1184 938 1272 981 quod
1294 938 1509 980 respondeat,
1537 949 1598 969 nec
1619 938 1725 970 uerba
1746 951 1837 971 nuno
1859 949 1937 970 cum
1957 949 2017 980 pe-

136 995 226 1027 titur
246 991 391 1034 amplius
413 1000 487 1021 cum
511 989 568 1030 ijs,
602 1002 687 1033 quae
709 992 920 1031 antecedunt,
960 1004 1037 1024 cum
1060 993 1225 1037 cuiusque
1248 992 1320 1024 clies
1343 992 1497 1030 uenerit,
1529 998 1688 1034 pugnant.
1735 991 1807 1022 Iam
1828 990 1920 1022 uides
1943 1001 2019 1021 eam

136 1046 279 1078 existere
302 1041 514 1081 sententiam,
545 1053 630 1084 quae
652 1045 838 1076 necessario
860 1044 1062 1086 requiritur:
1093 1045 1133 1077 Si
1157 1046 1277 1078 multis
1300 1044 1399 1076 debeo
1424 1045 1462 1076 in
1484 1045 1594 1088 iisque
1619 1045 1787 1083 Plancio,
1817 1049 1936 1076 utrum
1958 1055 2018 1075 ne-

136 1098 224 1131 mini
245 1108 298 1129 me
320 1101 452 1139 oportet
475 1095 628 1128 debitum
650 1097 803 1136 reddere,
824 1111 871 1130 an
892 1098 1012 1130 ceteris
1036 1104 1122 1137 tum,
1144 1111 1222 1130 cum
1244 1098 1409 1141 cuiusque
1433 1097 1506 1129 dies
1529 1098 1712 1130 solutionis
1735 1097 1881 1135 uenerit,
1905 1097 2018 1129 Plan-

135 1152 187 1185 cio
217 1162 324 1190 nuno,
364 1160 442 1180 cum
469 1160 629 1180 maxume
651 1150 806 1192 petitur,
841 1163 963 1183 nomen
991 1152 1205 1184 dissoluere?
1248 1150 1365 1192 Atque
1387 1150 1472 1181 hanc
1500 1150 1599 1181 huius
1621 1150 1688 1182 loci
1712 1149 1908 1182 sententiam
1934 1160 2016 1188 esse,

135 1203 238 1235 sensit
259 1202 327 1233 iam
345 1200 502 1232 librarius
524 1201 580 1232 uel
602 1200 767 1244 interpres
790 1202 941 1243 quidam,
979 1205 1037 1247 qui
1059 1211 1137 1247 post
1159 1204 1295 1237 uenerit
1316 1203 1437 1235 addidit
1459 1204 1546 1236 satis
1564 1203 1708 1247 facere,
1739 1202 1828 1246 quod
1851 1202 1887 1234 in
1910 1203 1963 1235 La
1985 1209 2016 1235 et

132 1265 162 1300 ψ
186 1255 347 1298 scriptum
367 1253 545 1297 reperitur.
588 1253 702 1286 Uerba
728 1255 820 1298 quod
840 1261 944 1299 urget
967 1256 1052 1287 bene
1074 1256 1218 1288 reddidit
1240 1256 1414 1289 WVolssius.

218 1319 437 1361 Quamquam
458 1317 640 1349 dissimilis
662 1323 713 1350 est
728 1319 899 1362 pecuniae
921 1319 1048 1352 debitio
1071 1325 1104 1351 et
1123 1318 1278 1363 gratiae)
1310 1341 1486 1350 ......
1521 1320 1592 1362 qui
1621 1319 1880 1363 adgreditur
1910 1330 2017 1362 quae

132 1371 379 1416 proficient
400 1377 437 1402 et
458 1370 507 1402 ad
527 1371 804 1403 coniecturae
826 1378 983 1404 statum
1006 1378 1047 1403 et
1067 1372 1116 1403 ad
1139 1372 1263 1403 illum
1286 1373 1665 1415 compensatiuum.
1716 1375 1821 1406 Nam
1847 1395 1855 1404 .
1881 1395 1889 1404 .
1913 1394 1921 1404 .
1946 1383 2018 1403 ua-

132 1424 243 1456 lebit
268 1423 411 1467 gratia
435 1423 665 1455 Ciceronis
688 1424 832 1466 ipsius
859 1432 902 1457 et
924 1436 1076 1457 eorum
1099 1425 1170 1466 qui
1192 1431 1373 1468 propter
1394 1424 1521 1457 illum
1544 1426 1723 1458 Plancio
1748 1426 1918 1458 fuerint
1940 1424 2017 1457 ad-

133 1477 330 1509 iumento
353 1476 403 1507 ad
425 1475 740 1518 impetrandam
761 1477 1039 1509 aedilitatem.
1084 1478 1171 1509 Nec
1191 1489 1276 1509 non
1301 1478 1428 1509 etiam
1449 1490 1527 1521 per
1549 1479 1627 1510 hoc
1649 1502 1658 1510 .
1682 1502 1691 1511 .
1716 1502 1725 1511 .
1747 1479 1789 1510 id
1815 1484 1877 1510 est
1899 1489 2016 1509 com-

134 1528 331 1573 pensatio
355 1528 661 1569 exhibebitur,
695 1536 740 1561 ut
762 1529 928 1562 iudices
958 1542 1030 1562 reo
1052 1531 1238 1563 maxime
1267 1531 1479 1574 prodesse
1500 1532 1728 1574 patiantur
1750 1531 1798 1563 ad
1823 1531 2015 1575 impuni-

133 1587 266 1614 tatem
284 1581 530 1624 praesentis
552 1582 732 1614 huiusce
755 1583 1028 1616 discriminis
1052 1596 1096 1616 ea
1119 1584 1356 1624 beneficia,
1390 1597 1495 1628 quae
1518 1586 1728 1617 Ciceroni
1755 1585 2015 1628 praebuerit

136 1633 344 1674 exolanti,
378 1640 421 1666 ut
441 1635 629 1667 haberet
657 1635 700 1666 in
722 1636 895 1680 integro
930 1637 1068 1670 ciuem
1089 1639 1235 1681 patria
1258 1650 1379 1681 quem
1404 1645 1675 1681 reposceret.
1721 1638 1910 1671 Uerbum
1937 1638 2015 1670 hoc

135 1698 307 1731 quoque
333 1699 417 1719 non
440 1687 658 1720 incuriose
682 1688 955 1730 adnotemus,
994 1691 1108 1733 quod
1137 1691 1404 1723 debitionem
1434 1692 1648 1735 pecuniae
1672 1691 1698 1735 1)
1729 1690 1850 1723 dixit.
1896 1691 2014 1722 Sello-

133 1749 196 1772 LIA
218 1741 478 1773 AMBROSIANA.

218 1807 317 1840 Nam
339 1809 399 1850 qui
414 1809 602 1852 pecuniam
624 1811 802 1849 dissoluit,
827 1813 947 1844 statim
972 1824 1039 1845 non
1060 1813 1161 1846 habet
1183 1813 1239 1852 icl,
1273 1813 1365 1857 quocl
1386 1812 1559 1852 reddidit,
1591 1813 1652 1857 qui
1673 1817 1790 1845 autem
1811 1811 1926 1851 debet,
1955 1824 2013 1844 aes

133 1861 259 1893 retinet
290 1860 455 1903 alienum)
497 1862 674 1895 Antonius
707 1864 871 1897 Iulianus
911 1866 1027 1898 rlzetor
1060 1878 1163 1910 super
1199 1878 1236 1898 eo
1267 1867 1535 1909 enthymemate,
1579 1867 1672 1910 (μισεῖ
1705 1870 1755 1898 est
1794 1866 1831 1897 in
1859 1865 2014 1898 oratione

132 1913 185 1946 M.
210 1913 327 1951 Tulli,
358 1926 425 1957 qua
441 1926 509 1958 pro
532 1915 591 1947 Cn.
609 1916 756 1947 Plancio
782 1917 890 1956 dixit,
913 1917 965 1950 itu
987 1919 1224 1952 existumauit.
1267 1918 1327 1950 Set
1349 1918 1454 1951 uerba
1472 1920 1592 1963 prius,
1623 1920 1664 1951 de
1687 1918 1809 1963 quibus
1831 1918 1872 1950 ab
1896 1930 1933 1950 eo
1956 1918 2012 1950 iu-

133 1966 266 1999 dicium
282 1965 425 2009 factum
453 1973 522 2006 est,
559 1969 636 2012 ipsa
659 1982 805 2013 ponam:
845 1970 1115 2015 Quamquam
1146 1971 1395 2005 dissimilis
1428 1978 1491 2004 est
1523 1972 1739 2016 pecuniae
1770 1971 1942 2003 debitio
1973 1977 2013 2003 et

131 2018 334 2063 gratiae:
357 2021 782 2065 namquipeeuniam
804 2024 1027 2065 dissoluit,
1050 2027 1211 2058 statim
1232 2024 1462 2058 nonhabet
1487 2026 1542 2064 icl,
1566 2026 1679 2069 quod
1700 2024 1915 2063 reddidit,
1939 2025 2013 2068 qui

132 2076 274 2104 autem
300 2071 444 2111 debet,
476 2085 546 2106 aes
580 2076 748 2108 retinet
776 2077 992 2117 alienum3
1022 2080 1221 2122 gratiam
1250 2083 1393 2110 autem
1421 2084 1460 2110 et
1492 2079 1563 2122 qui
1591 2077 1750 2121 refert,
1787 2076 1937 2115 habet,
1973 2082 2012 2109 et

132 2124 208 2168 qui
236 2123 383 2164 habet,
420 2125 464 2157 in
495 2138 539 2159 eo
568 2127 661 2171 ipso
690 2130 802 2172 quod
829 2130 958 2164 habet
989 2130 1144 2175 refert.
1187 2131 1341 2176 Neque
1370 2142 1445 2175 ego
1468 2143 1580 2164 nunc
1604 2130 1795 2163 Plancio
1818 2130 2012 2163 desinam

207 2278 237 2318 1)
276 2279 393 2309 Confer
414 2281 478 2310 Cic·
500 2282 538 2311 de
557 2284 645 2315 offic.
665 2286 713 2324 II,
740 2297 786 2317 20.
807 2293 838 2317 et
863 2294 935 2328 post
953 2289 1018 2319 red.
1038 2289 1186 2327 ad‘Quir.
1207 2300 1232 2319 c.
1256 2299 1297 2320 10.
1310 2312 1316 2319 .
1356 2289 1500 2319 Ceterum
1519 2288 1724 2318 Ambrosiano
1744 2287 1911 2326 interpreti
1930 2298 2011 2317 noua

134 2334 197 2355 non
217 2327 355 2365 uidetur,
379 2329 460 2367 quod
480 2332 727 2370 reprehendebat
747 2335 950 2373 Garatonius,
979 2343 1026 2367 set
1045 2338 1178 2367 notanda
1198 2350 1262 2368 uox
1281 2338 1404 2368 debitio.
1443 2337 1536 2375 Quod
1556 2342 1658 2366 autem
1678 2341 1752 2375 aput
1773 2335 1911 2364 Gellium
1931 2335 1963 2371 1,
1982 2337 2009 2364 4.

134 2373 173 2402 de
198 2383 234 2450 (tia
259 2375 427 2455 ephtiglssite&
443 2377 623 2418 disseritur,
653 2382 687 2411 id
704 2382 790 2413 fauet
809 2384 926 2413 iudicio
956 2384 1141 2426 interpretis
1160 2386 1286 2423 Ambr.‚
1313 2386 1367 2426 qui
1393 2386 1520 2416 eandem
1546 2385 1765 2415 obseruatione
1792 2383 1915 2423 dignam
1932 2394 2007 2423 pro-

134 2430 199 2450 nun
214 2430 276 2450 laul
291 2443 299 2452 .
366 2445 373 2454 .
429 2436 511 2456 mus.

1557 2487 1596 2515 35
