2185 2720
934 143 974 173 L.
995 143 1037 173 ΙΙ.
1077 143 1111 172 C.
1132 143 1156 172 I.
1196 142 1224 183 §.
1245 144 1272 172 8.
1873 146 2044 178 XXXVII

159 226 216 258 est,
235 220 287 250 hic
307 231 430 260 quoque
449 220 484 249 in
504 220 611 249 codice
631 218 776 258 principe
795 228 888 258 super
907 219 966 247 tibi
986 217 1164 257 explicandi
1185 228 1290 246 caussa
1309 218 1346 246 ab
1367 218 1541 257 interprete
1560 228 1675 247 nomen
1694 218 1876 248 Laterensis
1895 222 2045 261 scriptum

158 269 254 299 fuisse
279 269 430 308 suspicor.
478 269 564 298 Hinc
595 266 749 306 quomodo
778 266 895 306 duplex
920 266 976 294 illa
995 266 1151 304 scriptura
1177 265 1320 294 codicum
1341 266 1419 294 oriri
1445 267 1603 305 potuerit,
1632 276 1737 294 omnes
1764 266 1825 294 iam
1853 278 1906 297 sua
1933 275 2044 309 sponte

158 317 354 355 intellegent.

235 365 269 394 C.
290 365 363 393 Vll.
385 363 412 403 §.
437 373 478 399 17.
519 362 618 399 Quid,
653 363 682 389 si
703 361 817 398 populi
836 370 954 398 qaoque
973 359 1104 398 factum
1124 360 1274 398 defendo,
1300 361 1500 393 Laterensis,
1535 365 1564 388 et
1584 361 1688 396 doceo,
1716 363 1769 392 Cn.
1790 364 1963 392 Plancium
1983 376 2045 393 non

157 413 324 451 obrepsisse
345 413 389 440 acl
406 412 566 442 honorem,
585 414 631 437 set
651 419 683 436 eo
704 411 824 437 uenisse
845 418 956 441 cursu,
977 410 1032 446 qui
1052 417 1168 444 semper
1183 411 1327 444 patuerit
1347 407 1582 436 hominihus
1601 409 1658 437 hoc
1678 417 1782 439 nostro
1802 415 1937 449 equestri
1955 414 2019 441 loco
2031 413 2048 442 ?

233 461 355 489 Primus
378 459 531 487 Graeuius
552 457 611 485 hoc
632 457 701 485 loco
722 461 793 495 post
813 454 989 483 hominibus
1009 464 1049 482 ex
1068 455 1154 489 Erf.‚
1176 465 1309 492 quocum
1329 457 1354 484 B
1375 456 1548 491 consentit,
1577 460 1652 484 ortis
1674 458 1807 494 addidit,
1834 469 1924 498 saepe
1944 465 2047 489 tamen

158 508 191 537 id
212 507 371 537 subaudiri
392 516 423 534 se
443 515 507 533 non
528 505 648 533 nescire
669 514 806 532 1110110113.
847 503 964 531 Contra
985 503 1173 531 Garatonius
1195 502 1270 532 haec
1291 504 1468 533 adnotauit:
1500 504 1724 543 „Participium
1745 517 1779 534 01·
1781 509 1820 534 lzs
1839 508 2047 538 necessarium

160 565 225 584 non
245 561 306 591 est,
332 559 367 582 ut
386 552 467 580 uidit
486 552 553 590 ipse
576 552 746 587 Graeuius,
775 555 806 578 et
831 550 931 588 glossa
958 551 1085 579 uidetur
1105 551 1263 580 Ernestio.
1301 553 1375 580 Alia
1400 552 1493 590 plane
1519 551 1631 579 1atiost
1656 552 1797 581 locorum
1819 554 1906 582 Tulli
1927 556 1950 584 Ι
1971 557 2046 601 Agr.

159 612 187 641 9.
209 607 239 630 et
266 601 370 629 Ualer.
391 601 474 628 EIax.
495 599 555 635 IV,
578 610 610 637 7,
638 601 674 628 4..
720 599 838 626 Tamen
866 597 962 626 Uei-L>
974 620 982 634 ‚
1013 599 1131 627 Oliuct.
1142 620 1149 633 ‚
1178 609 1211 626 ac
1233 598 1469 627 Lallemandnm
1498 599 1663 637 dampnale
1683 610 1747 627 11011
1767 601 1879 637 ausim,
1908 603 1961 640 qui
1981 598 2047 634 eam

159 660 270 679 uocem
290 649 326 676 ab
349 648 460 683 unico,
497 653 544 676 set
571 648 726 685 egregi0‡
714 648 785 675 7Mso
814 645 960 683 [quocum
980 647 1005 674 Β
1026 645 1115 683 facit]
1136 656 1205 673 cum
1228 645 1365 674 Giaeuio
1386 657 1527 684 sumpsei
1530 651 1603 682 unt,
1639 657 1707 674 011111
1727 657 1851 685 praesei
1854 649 1909 678 tim
1929 652 2048 690 aliquid

158 697 193 725 111
212 706 248 724 ea
267 696 308 724 sit
328 695 518 733 diligentiae.
557 695 716 733 Significat
737 693 819 720 enim
839 692 981 721 homines
1002 703 1100 721 nouos
1113 714 1121 728 ,
1142 704 1274 731 quorum
1294 693 1425 721 maiores
1446 694 1479 721 in
1501 694 1638 732 equestri
1659 704 1780 732 semper
1801 696 1950 733 dignitate
1971 710 2047 728 con-

156 743 309 772 stiterant.
351 743 437 770 Talis
459 752 498 770 ex
518 752 543 770 c.
567 743 609 770 13.
636 741 781 770 Plancius
804 740 899 768 fuisse
920 742 1133 778 cognoscitur,
1169 742 1246 769 tales
1268 741 1307 776 11,
1339 742 1392 779 qni
1414 751 1438 768 0.
1458 743 1503 769 25.
1521 744 1598 778 pari
1618 742 1682 769 loco
1703 745 1765 770 orti
1785 743 1945 781 dicuntur,
1965 747 2047 783 talis,

158 795 195 820 ut
214 791 291 819 alios
310 786 519 829 praeteream,
553 790 590 817 de
612 790 723 828 quibus
743 788 861 817 locutio
884 788 988 816 eadem
1009 788 1189 824 adhibetur,
1226 788 1293 826 ipse
1315 788 1458 824 Tullius,
1486 789 1539 826 qui
1562 791 1695 827 equestri
1715 796 1817 817 ortum
1836 792 1900 820 loeo
1920 804 1952 821 se
1972 794 2049 824 dicit

158 839 194 867 in
214 839 288 876 Agr.
316 839 337 867 l.
366 850 408 874 c.,
439 844 470 866 et
496 848 528 866 se
554 838 607 866 hic
635 848 705 866 eum
734 836 860 866 Plancio
888 836 1106 874 similibusque
1134 836 1304 873 coniungit.
1352 836 1451 874 Atqui
1478 836 1621 864 homines
1649 836 1742 864 etiam
1768 839 1889 868 nobiles
1917 846 2051 881 equestri

159 887 224 915 loeo
244 896 326 922 esse,
347 892 377 914 et
397 888 509 924 equitis
529 887 665 914 Romani
674 885 767 920 filios
786 884 925 923 potuisse
947 885 1038 912 docet
1059 884 1188 921 insignis
1209 884 1296 911 locus
1317 893 1375 921 pro
1396 885 1518 912 Muren.
1542 894 1583 921 7.,
1605 894 1695 922 quem
1716 886 1852 915 consule.
1863 890 1881 904 “

237 934 376 962 Orellins
399 933 569 961 Gracuium
592 937 713 960 secutus
735 935 810 960 ortis
830 933 968 971 recepit,
999 938 1030 960 et
1050 937 1152 967 reete,
1179 936 1214 959 ut
1235 931 1357 969 opinor.
1398 931 1475 959 Nam
1498 931 1551 969 qui
1572 942 1675 960 carere
1696 932 1755 961 hoc
1781 935 1949 974 participio
1978 948 2049 967 ora-

162 981 281 1010 tionem
307 991 398 1020 posse
426 980 569 1008 arbitrati
597 985 684 1014 sunt,
713 984 783 1007 ante
808 980 912 1008 omnia
939 980 1094 1007 similibus
1122 979 1201 1007 locis
1230 979 1399 1006 conuenire
1428 979 1488 1008 1100
1515 980 1664 1018 loquendi
1693 990 1803 1017 genus,
1837 983 1973 1013 homines
1992 986 2050 1015 hoc

162 1035 266 1058 nos-tro
286 1031 422 1066 equestri
441 1029 505 1057 loco
524 1026 688 1056 Tullianae
705 1028 936 1064 consuetudini,
958 1028 1113 1055 similibus
1134 1028 1212 1055 locis
1234 1028 1425 1065 conprobare
1448 1028 1609 1056 debebant.
1650 1028 1736 1064 Quos
1756 1029 1817 1056 nisi
1839 1031 1906 1068 quis
1927 1032 2050 1061 adtule-

161 1077 221 1113 rit,
241 1087 305 1105 11011
327 1087 452 1115 possum
472 1077 547 1104 ortis
567 1085 625 1114 pro
648 1074 746 1111 glossa
774 1074 899 1104 habere.
941 1076 1054 1113 Neque
1080 1086 1155 1103 uero
1178 1075 1354 1103 istiusmodi
1382 1076 1468 1103 locus
1497 1075 1534 1103 ad
1555 1075 1779 1104 defendendam
1799 1078 1951 1116 uolgatam
1972 1081 2051 1109 scri-

161 1130 285 1164 pturam
305 1125 394 1159 facit,
429 1123 526 1161 qualis
548 1128 610 1158 est,
645 1122 698 1160 qni
720 1122 751 1150 in
774 1123 868 1151 Corn.
889 1123 1025 1162 Nepotis
1046 1123 1113 1151 uita
1132 1123 1282 1150 Eumenis
1310 1123 1343 1151 C.
1365 1123 1388 1151 Ι.
1417 1121 1443 1161 §.
1465 1124 1491 1151 5.
1512 1123 1642 1160 legitur:
1676 1130 1754 1161 aput
1772 1126 1840 1153 illos
1861 1138 1876 1154 e
1895 1131 2051 1157 contrario

162 1183 250 1201 nemo
271 1173 368 1200 adid
385 1172 519 1209 officiam
539 1171 736 1205 aclmiltitur,
757 1172 820 1198 nisi
840 1171 1013 1199 honesto
1033 1172 1136 1205 loco,
1158 1176 1185 1198 et
1199 1170 1268 1205 stcle
1288 1176 1317 1197 et
1337 1171 1497 1198 industria
1519 1173 1655 1208 cognita.
1685 1172 1793 1208 Immo,
1813 1173 1929 1211 siquid
1948 1175 2052 1212 uideo,

163 1219 217 1248 hic
237 1229 359 1258 quoque
379 1220 413 1247 id
432 1219 573 1258 spurium
594 1218 838 1253 iudicandumst,
869 1218 951 1255 quod
972 1228 1041 1246 cum
1063 1217 1095 1245 in
1118 1217 1260 1245 omnibus
1282 1218 1440 1246 codicibus
1467 1223 1627 1255 repertum
1650 1225 1746 1256 esset,
1772 1220 1889 1249 nullam
1908 1222 2052 1261 interpo—

164 1266 291 1296 lationis
312 1267 521 1305 suspicionem
547 1267 661 1302 mouit,
695 1276 810 1294 nomen
830 1265 1008 1293 hominibus
1030 1265 1109 1293 dico.
1148 1265 1185 1292 Id
1205 1266 1231 1292 si
1251 1266 1329 1301 suit,
1358 1276 1434 1304 quae
1454 1276 1521 1293 mea
1540 1267 1721 1304 suspiciost,
1755 1278 1848 1307 super
1868 1271 1945 1297 ortis
1965 1270 2053 1308 posi-

164 1319 250 1351 tum,
268 1314 352 1342 unde
373 1314 534 1342 diuersitas
555 1314 727 1352 scripturae
749 1313 893 1341 codicum
914 1318 981 1341 orta
1002 1313 1059 1349 sit,
1085 1312 1205 1341 nemini
1226 1314 1357 1352 amplius
1379 1314 1544 1342 obscurum
1566 1315 1636 1343 erit.

241 1362 275 1390 C.
296 1361 388 1390 XIII.
408 1360 436 1400 §.
456 1363 501 1390 33.
540 1362 710 1398 Asperius,
746 1363 867 1399 inquit,
902 1361 1026 1388 locutas
1054 1367 1097 1388 est
1118 1361 1244 1398 aliquid
1261 1362 1440 1399 aliquando.
1459 1377 1497 1382 -—
1522 1363 1619 1390 Immo
1635 1362 1776 1400 sortasse
1796 1363 1932 1393 liberius.
1953 1380 1991 1386 —
2008 1366 2055 1394 At

165 1411 204 1439 id
219 1411 337 1447 ipsum,
357 1411 476 1446 inquit,
505 1420 566 1437 non
586 1416 631 1437 est
642 1410 823 1445 feremlcm.
842 1423 881 1428 -—-·
901 1409 985 1445 Ergo
1005 1408 1040 1435 ln·
1052 1408 1185 1445 ferendi
1204 1414 1295 1444 sant,
1325 1410 1394 1446 qui
1413 1419 1540 1446 quera
1549 1415 1663 1443 ntur,
1692 1410 1867 1439 libertatem
1886 1413 1997 1449 equitis
2016 1413 2055 1441 R.

164 1467 196 1485 se
214 1457 307 1494 serre
328 1466 389 1483 non
403 1455 520 1491 posse?
553 1455 684 1482 ubinam
710 1455 763 1482 ille
790 1453 878 1481 mos?
912 1454 966 1481 ubi
994 1456 1051 1482 illa
1072 1456 1216 1492 aequitas
1238 1456 1345 1483 iuris?
1381 1456 1436 1484 ubi
1455 1457 1512 1484 illa
1533 1458 1666 1490 antiqua
1686 1457 1814 1484 libertas

167 1514 314 1542 oppressa
335 1502 481 1530 ciuilibus
502 1503 644 1530 extollere
667 1503 732 1529 iam
752 1506 847 1537 eaput
867 1506 895 1527 et
917 1500 1090 1538 aliquando
1111 1504 1252 1527 recreala
1272 1509 1302 1526 se
1323 1501 1442 1535 erigere
1463 1499 1615 1527 debebat?

241 1552 290 1580 I‘ta
298 1551 349 1578 hic
367 1550 452 1578 locus
469 1549 501 1577 in
517 1549 659 1577 omnibus
677 1548 869 1576 editionibus
886 1547 1020 1585 scriptus
1035 1552 1129 1575 extat.
1150 1547 1216 1584 Ego
1226 1546 1344 1584 primus
1359 1547 1432 1574 exB
1444 1552 1474 1575 et
1485 1547 1510 1574 E
1521 1547 1706 1576 auctoritate
1721 1549 1778 1578 hoc
1794 1555 1864 1578 ante
1880 1558 2056 1589 queruntur

168 1599 283 1628 addidi·
321 1598 475 1626 Falsumst
495 1597 587 1632 enim,
609 1596 691 1635 quod
709 1595 862 1623 Graenins
880 1595 946 1622 Erf.
964 1595 1042 1622 dicit
1061 1595 1118 1623 lzoe
1137 1599 1209 1632 post
1230 1599 1406 1631 queruntur
1426 1594 1547 1622 addere.
1587 1594 1703 1624 Errant
1723 1602 1823 1626 autem
1843 1598 2056 1637 uehementer,

169 1646 223 1686 qui
251 1646 308 1674 hoe
332 1654 504 1683 pronomen
533 1645 570 1673 ab
598 1645 773 1685 interprete
795 1643 934 1671 additum
961 1647 1091 1681 putant,
1120 1642 1154 1669 in
1175 1652 1234 1679 qua
1253 1641 1407 1680 sententia
1428 1641 1614 1670 Garatonius
1643 1648 1674 1671 et
1695 1644 1833 1673 Orellius
1860 1646 1979 1675 fuerint
1997 1657 2056 1675 110-

169 1697 299 1729 cessest,
330 1692 383 1730 qui
410 1692 553 1730 recipere
579 1692 762 1721 recusarint.
803 1691 939 1719 Tantum
968 1690 1051 1718 enim
1079 1690 1181 1725 abest,
1208 1694 1243 1717 ut
1270 1689 1493 1727 interpretibus
1522 1689 1629 1729 deberi
1658 1691 1720 1719 dici
1748 1693 1861 1730 possit,
1891 1694 1974 1732 quod
1998 1704 2056 1723 nec

170 1740 375 1781 explicationi
395 1740 460 1767 ullo
481 1740 573 1768 modo
594 1740 746 1768 inseruiat
766 1749 867 1777 neque
888 1739 1016 1767 omnino
1044 1737 1217 1766 sentcntiae
1245 1737 1308 1766 loci
1329 1737 1588 1767 accommodatum
1610 1738 1665 1773 sit,
1700 1740 1788 1777 quale
1808 1750 1981 1778 pronomen
2000 1741 2057 1770 hoc

168 1790 272 1819 uisum
293 1787 463 1817 Garatonio
485 1792 517 1815 et
537 1787 699 1823 Orelliost,
719 1792 755 1815 ut
777 1787 929 1815 eiusmodi
950 1787 1081 1815 uerbum
1103 1791 1156 1815 aut
1175 1786 1211 1814 ab
1232 1785 1300 1824 ipso
1324 1785 1432 1814 Tullio
1453 1787 1628 1824 profectum
1649 1791 1701 1814 ant
1720 1787 1756 1813 ab
1778 1786 1915 1815 librariis
1936 1798 1975 1816 ex
1994 1788 2056 1817 alio

170 1842 351 1875 corruptum
371 1834 545 1863 necessario
567 1834 815 1863 existumandum
836 1835 886 1863 sit.
926 1834 1038 1873 Neque
1059 1845 1136 1863 uero
1157 1834 1220 1862 uiri
1248 1833 1296 1861 illi
1318 1833 1499 1862 doctissumi
1528 1844 1700 1872 pronomen
1720 1834 1794 1863 illut
1813 1835 1953 1873 spurium
1972 1835 2057 1864 iudi-

171 1890 307 1921 cessent,
336 1884 362 1911 si
384 1894 445 1922 quo
465 1884 665 1912 referendum
693 1893 816 1921 quoqne
843 1882 936 1910 inodo
959 1883 1178 1921 explicandum
1199 1886 1297 1916 esset,
1333 1882 1573 1911 intellexissent.
1613 1882 1756 1920 Ineptum
1777 1892 1849 1910 sane
1870 1888 1964 1919 esset,
1994 1884 2020 1911 si
2040 1894 2057 1912 a

171 1933 269 1961 uerbo
290 1937 464 1969 queruntur
482 1931 621 1969 pendere
640 1935 820 1969 putaretur,
848 1930 881 1957 in
903 1940 962 1967 qua
984 1930 1133 1968 opinione
1155 1929 1343 1959 Garatonius
1372 1935 1402 1958 et
1424 1930 1565 1959 Orellius
1584 1930 1733 1958 uidentur
1752 1929 1857 1958 fuisse.
1898 1932 1951 1959 Set
1980 1941 2058 1959 con-

171 1979 360 2017 iungendum
386 1979 573 2007 cumnerbo
594 1978 685 2016 ferre
705 1983 751 2006 est
777 1983 808 2006 et
829 1978 1028 2006 referendum
1056 1978 1093 2006 ad
1121 1976 1344 2006 antecedentia.
1383 1976 1518 2015 Adpono
1546 1977 1660 2005 iterum
1687 1981 1788 2005 totum
1808 1977 1910 2006 locum
1936 1977 2057 2007 omissis

171 2027 330 2067 paulisper
349 2026 453 2055 uerbis
479 2026 655 2055 libertatem
680 2028 792 2064 equitis
811 2026 963 2060 Romani,
990 2030 1027 2054 ut
1053 2026 1233 2063 intellegas,
1263 2024 1385 2061 egregie
1413 2024 1473 2052 iam
1494 2025 1666 2053 orationem
1686 2025 1871 2063 procedere:
1897 2026 2057 2061 Asperius,

173 2075 294 2113 inquit,
314 2074 435 2101 locutus
455 2079 499 2101 est
518 2074 642 2112 aliquid
659 2074 838 2112 aliquando.
857 2087 896 2093 ·—-
915 2074 1014 2101 Immo
1031 2073 1173 2111 sbrlasse
1193 2072 1332 2100 liberius.
1351 2087 1390 2093 —-
1408 2073 1453 2100 At
1473 2073 1509 2100 id
1526 2076 1644 2110 ipsam,
1665 2075 1786 2110 lnquit,
1807 2082 1870 2100 non
1889 2078 1931 2100 est
1945 2071 2058 2110 feren-

175 2122 258 2150 dum.
277 2136 316 2142 —-
334 2121 420 2157 Ergo
440 2119 474 2148 ln·
485 2121 617 2158 ferendi
634 2127 725 2154 sunt,
745 2122 799 2158 qui
817 2120 875 2148 hoc
895 2127 1070 2158 queruntur
1089 2132 1120 2149 se
1133 2121 1224 2159 serre
1245 2129 1305 2146 non
1321 2119 1437 2155 posse?

250 2168 314 2195 Iam
335 2167 404 2205 quis
425 2171 485 2202 est,
519 2168 594 2205 quin
621 2168 789 2206 aptissume
809 2168 915 2199 uideat
933 2178 1107 2206 pionomen
1127 2167 1185 2194 hoc
1212 2167 1351 2204 positum
1371 2177 1436 2194 esse
1456 2167 1560 2205 itaque
1581 2167 1814 2205 explicandum:
1842 2169 1974 2204 equitem
1993 2168 2058 2195 Ro-

174 2225 302 2245 manum
323 2215 452 2242 liberius
472 2215 566 2252 loqui,
587 2215 639 2242 uel
658 2216 796 2250 breuius,
816 2216 991 2244 libertatem
1012 2217 1124 2253 equitis
1134 2214 1297 2242 Romani?
1318 2214 1360 2242 Et
1381 2214 1455 2252 quid
1475 2214 1598 2242 tandem
1618 2215 1821 2253 probabilius,
1842 2223 1941 2251 quam,
1961 2213 1987 2241 si
2005 2219 2058 2242 aut

175 2265 233 2293 Ιιοε
247 2268 299 2292 aut
319 2263 494 2291 libertatem
513 2264 626 2299 equitis·
635 2264 770 2291 Romani
790 2264 889 2294 deleri
911 2263 1034 2298 debent,
1054 2262 1228 2301 posteriora
1243 2262 1338 2290 uerba
1356 2262 1550 2300 pronominis
1567 2262 1623 2290 lion·
1640 2261 1815 2299 explicandi
1831 2271 1934 2289 caussa
1949 2261 1987 2289 ab
2006 2261 2058 2290 in—

175 2315 315 2350 terprete
335 2310 453 2338 adiecta
474 2309 564 2338 esse?
592 2308 688 2347 quue
707 2310 826 2348 ipsum,
848 2316 915 2339 orta
935 2311 996 2340 tria
1015 2310 1071 2340 illa
1090 2311 1186 2339 uerba
1206 2310 1243 2338 ab
1264 2310 1436 2349 interprete
1457 2320 1540 2346 esse,
1568 2319 1604 2337 eo
1625 2309 1806 2337 credibilius
1826 2308 1903 2336 mihi
1924 2309 2059 2346 uidetur,

177 2370 239 2399 quo
259 2359 360 2388 minus
380 2358 439 2386 ista
458 2356 652 2395 pronominis
673 2357 858 2394 explicatio,
879 2369 968 2396 quam
989 2358 1153 2386 continent
1172 2358 1268 2388 uerba
1288 2357 1353 2393 illa,
1373 2357 1447 2386 huic
1469 2357 1693 2385 accommodata
1713 2356 1828 2391 locost,
1851 2356 1938 2384 cuius
1958 2366 2059 2385 uenu-

179 2412 290 2436 statem
309 2407 343 2434 in
363 2405 426 2434 sola
448 2404 598 2432 orationis
618 2404 772 2432 breuitate
793 2414 859 2437 esse
878 2406 1013 2443 positam
1032 2410 1169 2443 apparet.
1207 2405 1356 2440 Accedit,
1385 2405 1467 2443 quod
1487 2403 1680 2441 interpositis
1701 2403 1804 2430 uerbis
1824 2403 1888 2431 illis
1908 2403 1964 2432 lzoe
1983 2413 2060 2443 pro-

180 2464 294 2483 nomen
312 2451 420 2493 parum
439 2457 510 2493 apte
531 2463 547 2480 a
573 2452 687 2488 uerbo,
716 2463 733 2480 a
753 2461 814 2490 quo
834 2453 968 2490 pendet,
986 2454 1079 2490 serre
1103 2452 1197 2482 nimis
1217 2452 1401 2492 seiungitur.
1440 2452 1516 2480 lllut
1545 2456 1646 2480 autem
1672 2451 1810 2481 omnium
1837 2451 2061 2488 certissumum,

1821 1480 1830 1492 ,
1864 1469 1945 1494 quae
1964 1460 2057 1487 malis
