2185 2720
596 122 697 154 PRO
726 121 799 152 CN.
827 121 1071 152 PLANCIO.
1106 120 1212 151 CAP.
1237 120 1401 150 XXXVI.
1420 119 1602 150 XXXVII.
2007 122 2043 148 51

158 213 202 234 ex
235 199 352 233 multis
382 199 518 240 audire,
563 198 622 242 qui
651 204 725 230 tum
754 196 956 238 adfuerunt,
995 203 1124 230 constat
1154 195 1378 228 inuitissumis
1407 195 1490 228 uiris
1523 194 1622 226 bonis
1653 192 1806 232 cessisse,
1849 202 1912 223 nec
1938 190 2043 222 fuisse

155 254 312 292 dubium,
341 253 422 295 quin
446 252 663 284 contentione
689 257 722 283 et
743 251 846 282 armis
868 251 1025 294 superior
1046 255 1161 293 posset
1183 260 1265 280 esse.
1310 249 1402 290 Ergo
1425 249 1484 279 ille
1507 260 1584 279 cum
1607 259 1722 286 suurn,
1751 256 1823 277 non
1846 256 1922 275 cum
1944 254 2043 275 sena-

153 313 208 339 tus
230 306 357 338 sactum
381 305 594 344 defenderet,
623 316 701 335 cum
724 303 1011 346 perseuerantiam
1035 302 1221 335 sententiae
1244 312 1340 340 suae,
1372 312 1442 332 non
1465 301 1607 332 salntem
1630 299 1680 331 rei
1701 297 1857 341 publicae
1878 295 2042 327 retinuis-

152 366 220 400 set,
244 366 377 398 tamen,
402 368 506 400 quom
528 355 607 387 illut
629 356 864 388 uoluntarium
886 356 1009 389 uolnus
1032 355 1179 398 accepit,
1211 355 1423 386 iustissumos
1447 352 1601 384 omnium
1622 352 1845 385 Bletellorum
1867 356 1901 380 et
1923 348 2041 379 claris-

150 424 265 444 sumos
288 410 482 452 triumphos
504 408 613 450 gloria
636 414 669 439 et
694 408 794 440 laude
816 409 1001 452 superauit,
1026 408 1117 452 quod
1141 414 1174 439 et
1187 407 1264 438 illos
1287 407 1379 449 ipsos
1402 405 1671 449 inprobissumos
1695 404 1777 435 ciuis
1803 401 1950 434 interfici
1974 412 2041 431 no-

151 465 232 505 luit,
271 471 305 496 et
326 475 369 495 ne
396 462 470 504 quis
493 461 601 492 bonus
627 461 782 493 interiret
805 461 840 492 in
865 461 981 493 eadem
1012 461 1113 493 caede
1135 460 1309 503 prouidit3
1346 471 1406 502 ego
1430 459 1532 491 tantis
1557 456 1716 501 periculis
1740 454 1924 498 propositis
1951 464 2039 492 cum,

150 518 180 550 si
202 518 310 549 uictus
337 527 459 554 essem,
489 513 647 545 interitus
674 513 725 545 rei
747 514 919 557 publicae,
950 513 978 545 si
1001 514 1173 552 uicissem,
1207 513 1339 544 infinita
1363 511 1535 544 dimicatio
1561 515 1759 554 pararetur,
1790 506 2038 545 conmitterem,

148 577 188 603 ut
209 570 301 602 idem
315 567 480 613 *perditor
502 566 553 597 rei
574 567 731 609 publicae
753 567 965 606 nominarer,
990 567 1049 609 qui
1071 572 1226 598 seruator
1249 566 1413 599 fuissem?

194 647 201 654 ’
231 637 423 670 XXXVII.
448 636 599 668 Mortem
622 648 677 667 me
699 635 852 667 timuisse
875 635 969 666 dicis.
1002 636 1075 678 Ego
1097 646 1181 666 uero
1204 646 1247 666 ne
1270 633 1551 666 inmortalitatem
1574 630 1711 673 quidem
1736 634 1853 660 contra
1873 637 1948 657 rem
1972 635 2039 667 pu-
2049 630 2085 657 90

148 691 271 724 blicam
294 689 524 733 accipiendam
546 695 714 731 putarem,
738 688 865 719 nedum
889 688 997 719 emori
1020 699 1096 718 cum
1119 687 1271 730 pernicie
1293 687 1344 718 rei
1366 686 1522 729 publicae
1544 684 1682 715 uellem.
1726 684 1818 715 Nam
1842 679 1901 722 qni
1922 688 1986 721 pro
2002 687 2040 707 re

146 744 284 788 publica
312 743 419 775 uitam
451 741 651 780 ediderunt,
693 740 773 771 licet
800 751 856 771 me
885 740 1040 782 desipere
1064 739 1201 779 dicatis,
1246 750 1434 781 numquam
1457 736 1652 770 mehercule
1677 747 1732 767 eos
1755 739 1902 766 mortem
1925 728 2039 773 potius

148 809 251 839 quam
273 796 553 827 inmortalitatem
576 793 750 824 adsecutos
772 792 902 834 putaui.
947 793 1020 834 Ego
1042 804 1126 823 uero
1148 792 1176 823 si
1199 797 1274 822 tum
1296 792 1437 823 illorum
1460 791 1636 833 inpiorum
1659 787 1751 819 ferro
1773 798 1811 817 ac
1832 795 1935 816 manu
1957 793 2040 813 con-

148 851 321 888 cidissem,
361 850 398 881 in
421 854 628 892 perpetuum
654 857 707 876 res
731 845 867 887 publica
895 845 995 875 ciuile
1025 844 1234 887 praesidium
1262 845 1379 876 salutis
1402 856 1481 876 suae
1504 841 1718 887 perdidisset.
1765 839 1860 880 Quin
1884 839 1985 868 etiam
2010 832 2040 865 si

145 915 202 936 me
227 903 278 934 uis
302 903 415 945 aliqua
436 900 549 933 morbi
570 904 629 929 aut
652 903 774 928 natura
795 897 868 940 ipsa
891 897 1172 939 consumpsisset,
1204 903 1318 928 tamen
1341 897 1470 928 auxilia
1491 894 1699 939 posteritatis
1722 898 1833 924 essent
1858 889 2038 926 inminuta,

151 955 243 999 quod
261 961 480 998 peremptum
504 958 590 985 esset
611 961 687 982 mea
707 956 819 981 morte
841 950 877 982 id
901 950 1117 994 exemplum,
1142 950 1250 993 qualis
1272 949 1408 982 futurus
1431 949 1468 981 in
1487 960 1542 981 me
1567 945 1775 990 [retinendo]
1799 943 1917 975 fuisset
1939 951 2039 973 sena-

222 1156 262 1174 ex
286 1145 391 1174 inultis
419 1145 499 1185 aud.)
530 1147 583 1174 Ma
610 1150 642 1174 et
666 1146 714 1174 Lc
742 1145 854 1173 audire
881 1154 918 1172 ex
943 1147 1060 1174 multis.
1087 1150 1126 1167 -“·
1163 1142 1242 1183 tum)
1274 1144 1327 1173 Mc
1354 1148 1386 1172 et
1414 1144 1460 1173 Pb
1488 1149 1601 1172 tamen.
1627 1157 1666 1164 —
1703 1146 1840 1178 constat,
1868 1141 1933 1169 inu.
1958 1137 2038 1167 uiris

144 1191 250 1232 bonis)
273 1194 323 1222 Sic
344 1194 368 1221 B
391 1199 422 1222 et
440 1194 483 1231 E3
503 1204 572 1222 nam
594 1193 655 1221 Ox.
677 1204 746 1221 cum
765 1193 790 1220 B
812 1196 844 1219 et
863 1191 890 1219 E
912 1193 1105 1228 consentire,
1127 1203 1166 1221 ex
1186 1192 1311 1220 silentio
1335 1192 1382 1220 ed.
1406 1192 1486 1228 Ox.,
1507 1191 1559 1229 qui
1580 1190 1641 1226 sic,
1661 1195 1697 1218 ut
1716 1200 1782 1228 ego,
1804 1187 1938 1227 scripsit,
1957 1184 2037 1214 male

145 1241 328 1278 concludas3
350 1242 446 1270 ceteri
467 1244 530 1270 inu.
551 1244 630 1270 uiris
651 1247 772 1270 constat
796 1240 891 1267 bonis.
912 1254 950 1261 —-
989 1239 1200 1279 inuitissimis)
1227 1240 1279 1268 Sic
1301 1241 1337 1274 B,
1367 1240 1405 1277 Ε,
1432 1240 1466 1277 C,
1487 1240 1529 1275 H,
1552 1239 1582 1275 S,
1603 1243 1634 1267 et
1654 1239 1700 1276 T3
1736 1237 1833 1267 ceteri
1852 1233 2036 1272 ,inuicti-ssi-

143 1290 210 1317 mis.
229 1302 269 1310 —-·
307 1289 452 1326 cessisse)
473 1291 526 1319 Ma
549 1292 677 1325 nexisse,
702 1289 733 1317 D
755 1291 874 1317 vecisse.
894 1302 933 1308 —
970 1289 1040 1327 nec)
1059 1289 1106 1317 La
1125 1299 1231 1326 neque.
1249 1303 1288 1311 —-

217 1347 280 1365 non
302 1338 383 1375 cum)
404 1338 449 1365 Pb
471 1343 501 1367 et
526 1338 550 1366 C
572 1348 641 1365 non.
661 1352 699 1358 —
737 1334 870 1374 senatus)
891 1337 929 1374 χὸ
949 1346 1008 1364 om.
1028 1351 1067 1357 —
1106 1337 1187 1373 cum)
1215 1337 1253 1374 χ5
1273 1342 1311 1364 et.
1331 1351 1370 1357 —-
1408 1340 1529 1371 tamen,
1556 1330 1661 1373 quom)
1695 1332 1746 1361 Sic
1771 1342 1788 1361 e
1808 1331 1905 1367 coni.;
1924 1330 1967 1365 B,
1996 1327 2035 1362 Ε,

139 1384 196 1420 La,
217 1384 277 1421 Lb‚
297 1386 347 1420 Pa,
365 1395 392 1420 ς,
413 1385 460 1422 χ5,
481 1390 512 1413 et
531 1385 577 1413 F2
597 1392 702 1414 tamen
721 1385 756 1413 ob
779 1385 885 1417 illam,
915 1384 1014 1420 qtzo(l;
1045 1383 1100 1412 Mb
1124 1390 1228 1412 tamen
1253 1384 1288 1412 ob
1308 1385 1399 1412 illam
1419 1383 1646 1417 constantiam,
1675 1391 1754 1419 quo;
1787 1380 1871 1408 Uict.
1893 1390 1909 1406 a
1929 1384 2034 1406 tamen

138 1433 174 1461 ob
195 1435 283 1461 illam
303 1435 530 1468 constantiam,
557 1444 638 1471 φαίη
664 1444 744 1462 unus
765 1431 832 1460 cod.
853 1431 961 1458 Lamb.
983 1436 1013 1459 et
1034 1432 1125 1459 Pucc.
1147 1437 1250 1459 tamen
1273 1432 1308 1460 ob
1329 1433 1432 1468 illam,
1459 1441 1538 1469 qna,
1565 1434 1636 1468 post
1656 1431 1774 1466 accepit
1794 1428 1939 1456 addentes
1959 1434 2033 1451 con-

139 1482 312 1513 stantiam;
340 1481 392 1508 Mc
413 1486 479 1507 tum
500 1480 535 1507 ob
556 1482 662 1516 illam,
692 1492 768 1519 quo;
787 1480 819 1508 Η
839 1478 874 1506 ob
895 1480 998 1513 illam,
1026 1489 1106 1517 quo;
1139 1479 1236 1506 ceteri
1260 1486 1365 1507 tamen
1385 1479 1421 1507 ob
1441 1479 1545 1514 illam,
1573 1488 1642 1516 quo.
1661 1492 1699 1498 —
1736 1477 1828 1515 illud)
1848 1475 1895 1503 La
1914 1473 1974 1500 ille.
1994 1483 2032 1492 —··

137 1527 361 1566 uoluntarium)
395 1528 440 1555 Pb
470 1533 502 1556 et
534 1529 576 1556 Pe
611 1529 819 1557 uoluntarius.
847 1540 887 1547 ·--
943 1525 1076 1564 accepit)
1110 1527 1162 1554 Mc
1190 1531 1221 1554 et
1251 1527 1275 1555 C
1302 1529 1463 1564 acceperit.
1489 1541 1529 1547 —-
1585 1525 1771 1554 iustissimos
1795 1539 1834 1546 ·—·
1861 1516 2032 1560 superauit)

137 1574 167 1603 A
187 1574 289 1603 habet.
309 1590 348 1596 —
386 1575 582 1615 iustissimos)
601 1578 662 1612 Ma,
683 1577 748 1612 Mb,
770 1575 853 1603 Uict.
875 1585 906 1609 a,
926 1573 982 1609 Le,
1003 1574 1043 1608 D,
1067 1578 1098 1601 et
1118 1583 1152 1611 χι
1176 1576 1382 1611 iustissimas,
1410 1582 1435 1612 ψ
1455 1575 1644 1603 iustissimis.
1663 1588 1701 1595 --
1738 1566 1953 1606 Metellorum)
1973 1565 2029 1594 Msb

137 1628 169 1651 et
188 1623 273 1651 Uict.
292 1634 308 1651 a
329 1624 532 1651 flffetellorum
557 1624 684 1652 habitas
711 1630 762 1652 est.
781 1639 820 1644 -—
858 1622 957 1660 gloria
978 1626 1009 1649 ct
1028 1621 1130 1659 laude)
1160 1622 1210 1649 Sic
1239 1632 1255 1649 e
1277 1623 1358 1651 coni.
1389 1622 1510 1658 Garat.;
1551 1622 1575 1650 C
1592 1623 1714 1659 gloriae
1742 1627 1769 1649 et
1790 1618 1901 1650 lande;
1935 1611 2032 1642 ceteri

132 1672 255 1710 gloriae
277 1671 380 1699 laude.
400 1686 439 1691 -
477 1670 562 1709 illos)
582 1672 619 1709 23
643 1681 702 1699 om.
721 1686 760 1692 —-·
797 1669 913 1708 noluit)
940 1671 1002 1704 Mc,
1025 1669 1059 1704 C,
1080 1674 1111 1697 et
1130 1680 1148 1701 ς
1169 1670 1277 1699 uoluit.
1296 1686 1335 1691 -—
1373 1680 1412 1698 ne
1433 1668 1514 1708 quis)
1534 1669 1590 1704 La,
1611 1670 1671 1704 Lb‚
1692 1674 1723 1697 et
1741 1675 1768 1706 ψ
1790 1678 1827 1696 ne
1847 1664 1974 1702 aliquis,
1995 1673 2032 1682 ·-·

139 1728 194 1757 ego
214 1733 253 1740 -—-
272 1718 411 1747 timuisse
433 1718 523 1758 dicis)
551 1719 606 1747 Mb
635 1723 666 1746 et
687 1729 705 1750 ς
725 1730 791 1755 om,
825 1724 871 1746 set
898 1718 931 1746 in
952 1717 1008 1746 Mb
1029 1726 1121 1753 marg.
1150 1716 1210 1745 ads,
1232 1723 1267 1746 ut
1288 1718 1363 1746 ins..
1381 1734 1421 1739 —-
1458 1717 1643 1756 propositis)
1662 1717 1705 1745 Pa
1720 1716 1908 1753 propositus.
1929 1725 1966 1732 -
2004 1706 2031 1735 Si

136 1766 210 1806 uic.)
231 1767 255 1795 C
276 1773 305 1794 et
324 1769 352 1794 si
372 1769 521 1794 uicissem.
541 1782 580 1787 —-
617 1766 775 1806 uicissem)
797 1767 826 1795 G
846 1767 878 1795 in
899 1775 991 1802 marg.
1012 1766 1149 1792 uicerim.
1169 1780 1207 1785 —-
1245 1765 1419 1805 pararetur)
1449 1767 1496 1795 La
1511 1771 1682 1803 putaretur
1703 1774 1771 1791 cum
1796 1762 1834 1800 gl.
1849 1763 2031 1798 pararetur,

137 1815 181 1843 Pa
195 1821 373 1852 pareretur.
391 1829 431 1836 —·
469 1813 583 1852 coum.)
611 1814 657 1842 La
685 1818 928 1844 committeretur
958 1823 1026 1841 cum
1053 1812 1093 1850 gl.
1122 1815 1349 1843 committerem.
1368 1830 1407 1835 -—
1445 1813 1539 1853 idem)
1558 1814 1588 1841 D
1610 1817 1642 1840 et
1662 1811 1686 1840 C
1706 1813 1780 1849 ipse.
1800 1824 1838 1831 —·
1875 1800 2031 1846 perditor)

138 1863 191 1891 Mc
207 1862 360 1899 proditor.
379 1878 416 1884 —
454 1863 583 1901 nomin.)
602 1863 649 1891 La
670 1873 738 1891 cum
760 1864 797 1901 gl.
819 1866 1050 1898 nominaretur,
1071 1862 1103 1889 H
1124 1862 1356 1895 nominaretur,
1377 1862 1402 1890 C
1422 1864 1626 1890 nominarem.
1649 1874 1688 1881 —

213 1921 248 1950 C.
269 1920 446 1950 XXXVII.
465 1919 492 1960 §.
513 1931 558 1959 90.
578 1920 726 1960 Mortem)
747 1922 792 1950 Pb
813 1926 844 1949 et
864 1921 905 1948 Pc
926 1929 985 1947 om.
999 1933 1038 1940 —-
1075 1917 1230 1957 putarem)
1249 1919 1292 1947 Pa
1307 1922 1435 1956 pulani.
1449 1935 1488 1941 —
1525 1917 1651 1956 nedum)
1673 1918 1722 1946 Lb
1744 1917 1881 1945 nec-dum.
1894 1927 1932 1936 —-·
1969 1919 2028 1950 pro

135 1979 170 1999 re
191 1967 232 2007 p.)
257 1969 309 1996 Ma
331 1979 429 2005 prope
449 1980 492 2006 μ,
512 1970 545 1997 H
566 1980 663 2007 porro
683 1972 731 1997 rei
750 1980 796 2007 μ,
822 1969 865 1997 Pa
885 1978 943 1996 om-
967 1981 1005 1989 —-·
1044 1965 1221 2005 ediderunt)
1248 1966 1299 1994 Sic
1320 1967 1355 2001 B,
1375 1967 1412 2001 E,
1440 1971 1470 1994 et
1489 1967 1548 2003 Pa3
1575 1967 1631 2001 La,
1651 1966 1711 2001 Lb‚
1733 1965 1789 1999 Lc,
1813 1964 1847 1998 C,
1869 1963 1898 1997 S,
1921 1967 1953 1998 ψ,
1974 1958 2029 1996 Fl,

136 2016 231 2052 Pith.‚
252 2021 282 2044 et
302 2015 422 2054 Eybius
444 2016 613 2052 claimant,-
633 2017 729 2046 ceteri
750 2018 952 2051 dediderunt,
982 2015 1064 2052 quod
1083 2024 1145 2042 rec.
1167 2014 1338 2049 Gruterus,
1365 2024 1512 2042 monens:
1547 2014 1707 2050 „Necesse
1727 2011 1822 2039 habui
1843 2008 1926 2037 istud
1945 2005 2028 2035 reci-

134 2074 226 2103 pere,
254 2063 374 2091 abiecto
395 2064 614 2100 reddiderant,
648 2065 729 2103 quod
749 2070 881 2093 restaret
902 2064 934 2091 iu
955 2063 1043 2091 editt.
1064 2062 1308 2097 uetustioribus,
1345 2061 1543 2100 firmaretque
1564 2068 1628 2091 tota
1649 2059 1761 2089 cohors
1782 2058 1923 2086 codicum
1943 2053 2028 2089 Palu„

134 2112 210 2141 item
239 2111 270 2140 S.
290 2110 374 2138 Uict.
403 2116 433 2138 et
454 2111 581 2140 Grut.“.
599 2128 637 2133 —
674 2112 761 2151 licet)
787 2113 830 2141 Pa
849 2112 919 2139 nisi.
938 2126 978 2132 -
1018 2109 1172 2149 desipere)
1199 2111 1240 2138 Pa
1266 2110 1412 2137 deserere.
1431 2124 1469 2131 —
1508 2108 1630 2148 dicatis)
1656 2119 1674 2140 ς
1695 2108 1809 2136 dicitis.
1828 2120 1867 2126 -—·
1903 2102 2028 2131 meher-

136 2158 218 2198 cule)
237 2159 293 2194 Pb,
313 2159 365 2193 Pc,
387 2163 419 2186 et
438 2158 466 2185 O
498 2159 692 2189 mehercules.
712 2176 751 2182 —-
788 2160 894 2200 potius
922 2157 1024 2197 quam)
1050 2159 1092 2186 Pa
1112 2168 1207 2196 quam
1220 2159 1338 2194 potins.
1357 2171 1396 2179 -—-
1435 2156 1607 2196 adsecutos)
1627 2156 1660 2185 H
1680 2160 1712 2184 et
1731 2162 1759 2193 ψ
1787 2157 1971 2182 consecutos,
1990 2162 2029 2170 -

135 2206 256 2247 putaui)
274 2209 335 2242 Ma,
355 2208 411 2241 Le,
433 2210 463 2234 ct
483 2206 512 2233 D
530 2213 692 2243 putarem,
713 2209 751 2246 23
766 2210 908 2246 putauit.
927 2222 966 2229 -·

210 2255 289 2294 tum)
310 2257 371 2290 Me,
392 2255 444 2289 Pe,
464 2254 506 2289 D,
527 2258 558 2281 et
578 2255 602 2283 C
623 2267 709 2290 mem,
730 2258 767 2294 23
788 2264 863 2285 tam.
882 2271 920 2278 —-
959 2253 1004 2293 ac)
1031 2254 1079 2282 La
1099 2257 1130 2281 et
1150 2260 1176 2291 ψ
1196 2257 1261 2281 aut.
1281 2268 1319 2274 -
1356 2251 1390 2280 in
1411 2251 1510 2290 perp.)
1537 2251 1592 2280 Mb
1614 2256 1645 2280 et
1664 2252 1716 2280 Mc
1736 2251 1972 2286 imperpetuum.
1989 2258 2029 2265 ·-·

136 2303 219 2342 suae)
239 2304 280 2331 Fi
305 2314 363 2331 om.
381 2317 421 2323 ——·
460 2301 486 2329 si
507 2312 554 2329 me
575 2301 635 2340 uis)
655 2304 692 2341 23
712 2306 740 2331 si
759 2306 816 2332 uis.
835 2319 875 2324 —
913 2302 1025 2341 tamen)
1046 2304 1098 2332 Mc
1120 2312 1198 2330 cum.
1212 2315 1251 2320 -—
1290 2305 1392 2328 essent
1412 2298 1507 2338 imm.)
1527 2300 1579 2328 Ma
1599 2300 1775 2332 imminuta,
1796 2296 1842 2324 Le
1861 2295 2028 2322 imminuta

137 2357 244 2379 essent.
262 2367 298 2374 —
336 2349 512 2388 inuniuuta)
535 2349 559 2377 C
579 2352 762 2386 immunita,
782 2351 830 2378 La
849 2355 880 2378 ct
900 2358 925 2388 ψ
946 2353 1129 2384 immutata,
1151 2354 1197 2377 set
1217 2348 1250 2376 in
1269 2348 1317 2376 La
1338 2357 1457 2386 supers.
1476 2349 1652 2375 imminuta.
1670 2361 1708 2366 —
1746 2339 1954 2383 peremptum)
1980 2340 2028 2367 La

138 2408 207 2426 cum
235 2398 272 2435 gl.
292 2406 484 2438 prereptum.
503 2413 541 2420 —-
579 2398 670 2437 essct)
697 2399 759 2434 Ma,
786 2399 838 2433 Pa,
865 2403 896 2426 et
922 2398 955 2426 H
982 2408 1059 2433 esse,
1092 2398 1131 2435 23
1160 2407 1218 2424 om.
1238 2411 1276 2417 —-
1314 2393 1452 2433 futurus)
1479 2394 1531 2422 Ma
1557 2399 1627 2432 post
1646 2394 1767 2432 suisset
1786 2392 1887 2430 ponit.
1905 2404 1943 2412 -—
1982 2385 2028 2425 in)

138 2446 162 2474 C
184 2456 242 2474 om.
261 2460 300 2466 —-

1551 2488 1613 2519 19*
