2185 2720
183 170 219 197 «ΞΓ,
840 155 1404 189 COMMENTARIUS.

186 239 303 271 Tullio
324 236 540 269 coniunctum
564 235 646 266 hant
666 231 831 264 mediocri
853 231 999 263 amicitia
1021 232 1140 271 fuisse,
1176 231 1326 263 studium
1349 235 1492 261 testatur
1514 229 1611 269 satis,
1640 230 1729 272 quod
1753 237 1791 262 ut
1815 231 1855 262 ab
1879 229 1984 262 exilio
2007 240 2063 260 re-

186 298 381 324 uocaretur.
415 290 444 320 ei
468 289 586 320 Cicero
608 285 787 328 praestitit.
833 285 969 316 Diserte
990 292 1165 327 praeterea
1187 284 1283 316 Xlll.
1309 282 1417 324 Epist.
1439 294 1488 324 70.
1517 282 1615 315 Nam
1638 295 1715 315 cum
1740 284 1781 316 T.
1802 284 1929 326 Ampio
1952 281 2063 315 Balbo

187 345 274 377 mila·
296 355 427 376 summa
442 340 680 384 fiwiiliasitas
702 337 980 380 necessitudoque
1006 344 1065 370 est.
1090 337 1275 379 Repulsam
1299 334 1444 375 denique
1467 334 1583 365 tulisse
1605 335 1744 366 uidetur
1766 335 1955 374 aedilitatis,
1982 343 2066 375 quae

188 403 300 427 tamen
330 394 512 426 admodum
543 403 657 423 recens
687 402 757 422 esse
783 400 853 421 non
882 389 1004 430 potuit.
1050 391 1164 431 Quom
1196 386 1322 419 etenim
1359 397 1401 417 ex
1429 386 1528 427 Pighi
1556 387 1745 419 rationibus
1775 388 1817 418 T.
1849 388 1908 417 HI.
1941 385 2068 418 Annal.

189 460 223 492 p.
248 449 319 489 3-6.
348 446 425 488 (Ed.
452 446 542 476 1615.
566 456 600 487 p.
625 443 712 485 524.)
742 443 784 473 T.
808 441 954 483 Ampius
986 442 1142 473 tribunus
1165 439 1270 471 fuerit
1292 450 1381 469 anno
1408 439 1549 470 DCXC.
1573 439 1613 480 (a.
1642 440 1714 482 691.
1739 439 1898 480 Almel.)-,
1929 438 2069 468 Praetor

188 512 272 531 nero
295 511 382 530 anno
405 498 580 529 DCXCV.
607 497 647 538 (a.
672 496 743 537 (396.
767 493 922 533 AlmeL),
944 495 1068 536 spatio,
1094 493 1183 536 quod
1206 493 1363 530 interest,
1386 491 1508 533 petitio
1533 491 1713 522 aedilitatis
1736 491 1940 529 includitur,
1972 494 2006 520 et
2026 488 2067 519 ab

191 563 278 583 anuo
308 550 503 582 DCXCIX.
536 549 577 591 (a.
603 560 674 591 700.
700 546 861 587 mmet),
899 545 1146 588 quo-defensus
1171 551 1220 576 est
1242 543 1417 581 Plancius,
1460 542 1532 574 fere
1554 544 1765 574 nonennium
1797 543 1921 574 distare
1945 547 2065 584 potest.

192 605 452 635 GianToxn-s.
497 602 601 633 Recte
625 601 725 632 etiam
747 600 792 632 A.
816 597 907 630 Maio
932 598 973 629 de
995 598 1174 629 aedilitatis
1197 597 1353 639 repulsa,
1378 607 1479 637 quam
1502 596 1621 627 tulerit
1643 596 1684 627 T.
1704 595 1870 638 Ampius,
1899 593 1995 636 loqui
2016 592 2071 625 hic

193 656 311 686 Cicero
335 654 482 685 uidetur.
2064 646 2071 652 ⁵

276 708 431 750 Rogatio
455 707 531 749 ipsa
553 717 685 749 semper
708 710 757 737 est
776 703 1047 747 gratiosissima)
1093 702 1305 743 Quoniam
1328 700 1613 744 a'fltpa'fio).ov¹)
1638 702 1812 732 uerbum
1838 706 1916 740 est,
1939 706 1980 732 et
2002 699 2071 731 in-

190 759 360 791 terdum
383 764 524 800 potest
548 757 825 799 rogationem,
849 755 891 785 id
915 761 977 786 est
998 753 1236 797 ψήφισμαῐ)
1260 754 1534 796 significare,
1556 754 1721 785 ideirco
1745 755 1812 785 hic
1834 754 2073 785 admonen-

191 811 287 841 dum
316 813 527 841 lectorem
558 809 727 851 putaui,
758 820 824 852 per
853 807 1127 849 rogationem
1157 818 1176 837 a
1202 807 1351 838 Tullio
1383 806 1685 837 cum'maxime
1715 806 1981 848 petitionem
2010 805 2073 836 si-

191 861 414 904 gnificari,
449 873 553 903 quae
582 861 697 892 facta
726 860 783 892 sit
810 871 891 902 pro
921 858 1156 889 candidato.
1199 859 1361 889 SCHOLIA
1394 859 1654 890 Amnaosism.
1701 859 1793 890 Male
1824 857 2072 890 Ambrosianus

192 916 274 946 haec
296 914 412 944 scribit
433 925 497 955 pro
523 915 619 957 ipsa,
652 912 742 954 quod
766 917 815 942 est
836 912 1019 954 aptissume
1042 910 1180 941 dictum.
1228 910 1321 941 Facit
1344 911 1453 949 enim,
1486 917 1524 942 ut
1545 911 1757 953 rogationem
1780 911 1820 941 ab
1844 921 1901 949 eo,
1934 909 1993 952 qui
2012 921 2074 940 ro-

192 972 265 1008 gat,
295 965 438 996 discerni
462 966 706 1007 intellegamus.
751 965 841 996 Nam
864 964 928 994 hoc
951 962 1031 993 dicit
1054 963 1191 994 Cicero:
1228 973 1298 993 non
1321 963 1423 1001 mihi,
1459 963 1493 994 id
1517 970 1566 995 est
1588 975 1656 994 non
1682 962 1807 1004 gratiae
1832 973 1927 993 meae
1950 967 1984 992 et
2007 972 2074 1002 po-

192 1018 316 1049 tentiae
338 1017 481 1059 adrogo,
507 1018 596 1059 quod
619 1029 682 1060 pro
706 1016 842 1047 Plancio
865 1015 1022 1045 laborans
1053 1014 1161 1053 ualui,
1184 1020 1233 1045 set
1255 1015 1440 1055 rogationi,
1467 1026 1551 1056 qnae
1575 1015 1663 1057 ipsa,
1688 1014 1722 1045 id
1747 1021 1796 1045 est
1819 1026 1920 1056 quae,
1953 1013 2073 1044 etiam-

193 1070 221 1101 si
246 1070 290 1107 is,
317 1069 374 1110 qui
397 1076 503 1110 rogat,
530 1081 599 1100 non
621 1070 664 1101 sit
686 1070 788 1100 homo
813 1067 1050 1109 amplissumus
1074 1065 1179 1108 (quod
1204 1065 1285 1096 dicit
1308 1073 1462 1108 respectu
1485 1067 1600 1098 habito
1625 1066 1789 1109 Pompei),
1813 1073 1926 1097 tamen
1949 1067 2074 1109 plura-—

193 1133 287 1152 mum
311 1121 397 1152 solet
418 1122 551 1158 ualere,
588 1132 664 1152 cum
687 1127 736 1152 cst
759 1120 868 1151 officio
890 1119 1144 1150 necessitudinis
1168 1118 1346 1149 coniuncta
1367 1131 1538 1150 maxume.
1583 1119 1761 1151 Eiusmodi
1791 1126 1905 1150 autem
1925 1118 1992 1150 fuit
2013 1130 2073 1151 ro-

193 1174 281 1216 gatio
307 1174 489 1206 Ciceronis.
534 1175 693 1205 Ceterum
714 1171 783 1203 uid.
807 1171 940 1213 Proleg.
964 1172 1005 1202 L.
1029 1171 1055 1201 I.
1081 1171 1118 1202 C.
1142 1171 1202 1202 ΠΙ.
1229 1172 1258 1212 §.
1284 1171 1313 1202 6.
1341 1183 1375 1214 p.
1397 1172 1472 1203 XX
1494 1183 1561 1213 sq..

280 1226 378 1265 Quae
401 1231 451 1257 est
475 1226 598 1270 officio)
643 1225 714 1256 Cur
746 1235 821 1254 cum
851 1224 878 1254 B
906 1229 956 1255 est
980 1233 1049 1253 non
1072 1223 1248 1263 eiecerim,
1282 1223 1415 1266 Proleg.
1443 1224 1485 1256 L.
1509 1224 1552 1254 Π.
1580 1223 1618 1255 C.
1643 1224 1671 1255 Ι.
1701 1225 1731 1266 §.
1754 1224 1785 1256 4.
1815 1236 1850 1267 p.
1873 1222 2001 1255 XXXI
2021 1235 2072 1266 sq.

194 1277 332 1309 dictum.

279 1331 338 1362 Set
367 1335 407 1361 nt
435 1331 536 1374 quasi
558 1331 701 1374 parenti
729 1335 761 1361 et
790 1328 924 1360 custodi
951 1327 1076 1359 salictis
1102 1327 1209 1368 meae)
1254 1327 1309 1358 Sic
1339 1329 1526 1360 necessario
1553 1340 1596 1360 ex
1625 1329 1651 1359 B
1678 1333 1710 1359 et
1732 1328 1761 1359 E
1785 1326 1984 1359 auctoritate
2005 1339 2070 1371 pro

192 1389 381 1413 ceterorum
405 1383 559 1413 codicum
585 1382 728 1413 lectione
751 1381 885 1412 custodi
907 1392 979 1412 meo
1002 1380 1217 1410 scribendum
1240 1379 1374 1421 putaui,
1414 1392 1617 1423 quamquam
1639 1379 1796 1420 Ernestio
1820 1381 1924 1412 uerba
1946 1381 2073 1413 salutis

191 1447 286 1467 meae
308 1436 414 1477 glossa
428 1434 499 1464 uisa
515 1440 602 1470 sunt,
627 1433 797 1464 monenti:
822 1431 930 1467 ..mihi
952 1431 1090 1462 uidetur
1113 1443 1183 1463 esse
1200 1432 1327 1473 glossa:
1354 1445 1426 1464 meo
1450 1445 1616 1464 conmune
1640 1438 1689 1463 est
1704 1434 1849 1476 parenti
1870 1439 1903 1464 et
1926 1433 2071 1465 custodi.

190 1488 282 1518 Infra
306 1488 406 1518 etiam
430 1492 494 1525 est,
525 1486 616 1529 qnod
635 1498 687 1517 me
709 1484 920 1516 custodierit.
930 1486 953 1500 “
998 1483 1125 1514 Contra
1149 1495 1249 1525 quem
1273 1490 1412 1526 optume
1435 1486 1569 1516 monuit
1593 1485 1816 1517 Garatonius:
1853 1485 2071 1525 „Lambinus

190 1545 241 1571 set
265 1540 365 1582 quasi
381 1551 448 1581 pro
469 1544 615 1582 parente
637 1543 669 1569 et
692 1537 830 1568 custode
851 1548 933 1568 meo.
976 1535 1086 1576 Atqui
1109 1536 1278 1577 eleganter
1300 1543 1340 1568 ut
1362 1538 1597 1579 repetitumst,
1622 1543 1655 1568 et
1678 1537 1808 1568 datiuos
1832 1538 1984 1580 egregius
2009 1543 2070 1569 est.

193 1592 251 1621 Set
273 1591 415 1631 rogandi
438 1601 550 1619 caussa
576 1601 685 1631 neque
708 1588 785 1620 satis
809 1594 925 1629 aperta
947 1593 1033 1625 erat,
1064 1599 1140 1618 cum
1163 1594 1275 1618 tamen
1298 1589 1390 1619 locus
1417 1590 1672 1630 apertissumam
1696 1591 1862 1632 postulet,
1886 1601 1997 1632 neque
2018 1601 2074 1622 sa-

192 1642 234 1673 tis
262 1642 424 1673 concinne
445 1641 565 1682 posita,
591 1641 791 1682 priusquam
814 1650 914 1680 opem
936 1639 1053 1669 tulerit
1076 1639 1296 1677 Erfnrtensis,
1325 1651 1424 1681 quem
1448 1653 1466 1671 a
1489 1642 1549 1672 cel.
1573 1642 1719 1672 Ernesto
1742 1642 1851 1672 miror
1872 1643 2072 1683 glossemate

192 1701 391 1736 corruptum
413 1693 537 1735 putari.
582 1694 661 1724 Non
685 1692 786 1723 modo
810 1697 892 1732 aput
907 1691 1013 1721 Tacit.
1028 1691 1087 1722 ΙΙΙ.
1111 1691 1237 1722 Annal.
1257 1693 1303 1722 14.
1329 1698 1441 1723 custos
1464 1694 1590 1724 salutis
1613 1693 1777 1731 occurrit,
1805 1699 1854 1724 set
1878 1693 1996 1724 Cicero
2020 1699 2071 1724 et-

192 1747 259 1778 iam
282 1757 383 1788 supra
408 1746 505 1776 initio
529 1745 624 1786 ipso,
663 1744 722 1787 Cn.
744 1743 871 1775 Planci
900 1744 934 1774 in
957 1755 1052 1781 mea,
1086 1743 1213 1785 inquit,
1251 1744 1363 1774 salute
1389 1744 1612 1775 custodienda
1626 1743 1758 1786 fidem3
1794 1744 1829 1775 in
1852 1745 2070 1786 peroratione

194 1811 221 1830 C.
245 1799 296 1829 42.
321 1810 387 1829 non
411 1809 473 1840 ego
496 1798 580 1828 meis
603 1802 765 1828 ornatum
787 1794 961 1837 beneficiis
983 1807 1005 1826 a
1028 1795 1124 1826 uobis
1147 1796 1325 1838 deprecor,
1363 1796 1516 1834 iudices,
1549 1802 1599 1827 set
1623 1797 1796 1828 custodem
1818 1798 1943 1829 salutis
1966 1810 2069 1830 meae.

194 1850 263 1883 Ubi
287 1849 376 1891 quod
399 1849 510 1887 addit,
532 1860 599 1892 pro
622 1861 690 1880 zmo
704 1847 790 1890 filio
813 1848 880 1878 duo
901 1853 1018 1889 patres
1041 1848 1282 1889 deprecamur,
1306 1847 1464 1886 ostendit,
1490 1854 1527 1879 ut
1551 1848 1682 1889 opinor,
1709 1849 1906 1879 Ciceronem
1930 1849 1985 1880 hic
2000 1862 2071 1893 pa-

195 1902 286 1934 renti
308 1913 380 1933 meo
402 1912 471 1931 non
494 1899 595 1930 fuisse
624 1900 804 1930 dicturum.
849 1899 899 1930 At
920 1905 1102 1941 parentem
1124 1899 1249 1930 salutis
1271 1905 1408 1931 nostrae
1430 1900 1467 1930 P.
1489 1900 1673 1931 Lentulum
1699 1901 1928 1942 appellauerat
1948 1913 2071 1933 consu-

194 1955 279 1993 ]em,
307 1964 370 1996 per
393 1963 493 1993 quem
516 1950 690 1982 restitutus
713 1950 841 1989 fuerat,
872 1950 912 1980 ad
938 1950 1036 1990 Quir.
1061 1951 1108 1989 5.,
1136 1962 1239 1992 quam
1264 1951 1402 1992 quidem
1424 1951 1472 1982 ibi
1494 1951 1673 1982 lectionem
1696 1953 1736 1982 ab
1757 1952 1821 1983 hoc
1844 1954 1918 1985 loco
1942 1954 2071 1986 firmari

196 2006 300 2047 magis
323 2005 480 2041 arbitror,
505 2014 604 2043 qnam
628 2002 707 2032 inde
729 2002 897 2032 auxilium
919 2001 997 2031 huic
1018 2001 1214 2043 petendum.
1262 2003 1350 2043 Quia
1374 2015 1456 2034 uero
1479 2003 1625 2034 nimium
1647 2004 1783 2035 Plancio
1809 2006 1924 2046 tribui,
1946 2007 2072 2038 merito

195 2059 286 2090 illius
318 2058 382 2088 isto
411 2054 713 2091 conmemorando,
755 2059 788 2084 et
817 2052 1020 2094 querebatur
1041 2053 1109 2084 iam
1131 2054 1324 2085 Laterensis
1347 2066 1374 2085 c.
1398 2055 1470 2094 4o.,
1506 2061 1539 2085 et
1560 2055 1643 2086 alios
1668 2056 1747 2086 hinc
1770 2057 1976 2090 existumare
1996 2060 2070 2102 ipse

194 2110 340 2147 nolebat,
364 2108 489 2139 idcirco
511 2106 642 2137 addidit
664 2106 782 2148 qzcasz'3
807 2104 899 2135 cuius
921 2105 992 2135 uim
1015 2105 1200 2146 particulae
1223 2112 1262 2137 ut
1285 2105 1395 2137 deleto
1418 2106 1520 2148 fregit
1532 2107 1730 2138 Lambinus.
1774 2109 1928 2143 Plancius
1950 2123 2070 2144 reuera

195 2169 307 2195 custos
338 2167 371 2191 et
399 2165 580 2202 propterea
612 2159 712 2201 quasi
740 2169 866 2200 parens
889 2155 954 2187 fuit
979 2157 1166 2189 Tullianae
1188 2159 1354 2190 salutis-fl
1397 2158 1492 2189 Idem
1517 2160 1721 2191 Garatonius
1743 2160 1779 2191 in
1803 2162 1883 2193 Cur.
1907 2163 2068 2195 Secundis

195 2215 277 2245 haec
304 2212 451 2243 addidit:
494 2211 640 2250 „Etiam
669 2221 732 2251 pro
762 2208 878 2240 Sextio
907 2219 934 2238 c.
959 2209 1008 2250 69.
1039 2209 1206 2240 Milonem
1236 2211 1385 2251 appellat
1413 2212 1586 2243 custodem
1607 2212 1732 2243 salutis
1755 2225 1847 2246 suae.
1890 2215 1975 2245 Tam
1997 2216 2068 2246 sol-

194 2266 315 2297 lemnis
338 2264 511 2301 locutiost,
543 2267 582 2292 ut
605 2261 853 2302 Quinctilianus
876 2260 956 2290 Inst.
981 2267 1105 2291 orator.
1130 2262 1183 2301 V,
1211 2273 1258 2292 11·
1282 2272 1316 2303 p.
1340 2262 1412 2293 438.
1438 2263 1648 2305 Dionysimn
1669 2263 1797 2295 dixerit
1812 2271 1931 2308 petere
1952 2273 2066 2298 custo-

193 2318 254 2349 des
277 2317 401 2348 salutis
424 2326 523 2354 suae,
556 2324 633 2344 cum
655 2313 874 2353 Aristoteles,
903 2312 994 2343 unde
1014 2312 1177 2354 sumpsit,
1213 2312 1301 2343 nihil
1324 2313 1408 2344 aliut
1431 2313 1567 2354 habeat,
1600 2314 1665 2346 nisi
1688 2316 1792 2355 αἰτιῦν
1813 2315 1876 2359 τήν
1899 2316 2063 2361 φυλακήν,

272 2420 298 2459 1)
336 2420 397 2448 Pro
417 2418 521 2446 uerbis
540 2418 673 2457 graecis,
693 2428 769 2457 quae
788 2419 827 2448 A.
846 2419 947 2449 Maius
967 2429 1006 2449 ex
1026 2419 1203 2449 coniectura
1223 2419 1344 2458 posuit,
1364 2419 1472 2449 lacuna
1492 2421 1524 2449 in
1546 2420 1651 2450 codice
1671 2425 1726 2450 est.
