2185 2720
696 172 720 202 C
739 171 769 202 A
788 172 830 201 P.
867 168 1061 200 XXXVIII.
1087 167 1113 209 §r
1133 174 1178 202 93.
1200 185 1237 192 -
1262 169 1425 199 XXXIX.
1452 168 1479 210 §.
1500 176 1545 203 94.
1991 177 2046 205 233

267 249 376 283 ,Nunc
404 247 509 281 etiam
537 252 695 286 senatus,
734 244 792 279 cui
812 257 866 279 me
887 256 1019 290 semper
1046 245 1180 286 addixi)
1226 245 1357 277 callide
1378 245 1507 277 senatui
1528 257 1618 277 nunc
1641 243 1760 277 tribuit
1783 245 1917 287 Cicero,
1955 253 2046 280 certe

179 314 201 334 a
225 308 341 334 senatu
363 312 398 333 se
419 300 623 332 adsentiente
644 298 692 330 ait
713 297 859 339 factum,
883 297 974 341 quod
996 304 1126 330 senatus
1149 304 1284 330 auctore
1308 298 1469 330 Cicerone
1490 298 1715 340 potissumum
1737 297 1872 331 fecerat.
1915 300 2046 332 Decre-

177 354 232 386 uit
253 354 344 386 enim
361 353 490 392 Cicero,
513 359 552 384 ut
574 351 653 383 dicit
676 351 712 383 in
733 363 782 384 or.
805 351 847 383 de
868 363 967 394 prou.
991 361 1081 382 cons.
1105 349 1144 382 C.
1164 350 1229 382 XI.
1261 350 1292 393 §.
1316 351 1389 392 26„
1416 351 1549 383 Caesari
1570 350 1831 395 supplicationes
1855 351 2044 395 quindecim

177 407 327 446 dierum,
350 406 572 449 stipendium,
603 410 638 436 et
659 403 774 435 decem
795 404 932 446 legatos.

270 460 362 493 Tum
376 459 512 491 hercule
526 469 579 490 me
593 456 775 501 confitear)
796 457 883 490 Uide
901 467 985 500 quae
1005 454 1044 486 de
1058 453 1124 486 hoc
1139 453 1214 486 loco
1231 455 1363 499 Proleg.
1378 457 1420 489 L.
1435 457 1479 489 ΙΙ.
1503 458 1540 489 C.
1561 457 1586 489 Ι.
1603 458 1632 499 §.
1654 458 1701 490 16.
1717 468 1751 499 p.
1769 457 1848 490 LV.
1864 456 2045 501 disputaui.

268 513 299 554 §.
323 511 374 554 94.
419 510 544 554 Neque
565 511 656 543 enim
677 510 904 542 inconstantis
921 515 1021 554 puto,
1046 508 1251 540 sententiam
1273 515 1450 554 tamquam
1471 512 1615 555 aliquod
1635 510 1821 553 nauigium
1842 516 1945 555 atque
1967 523 2046 543 cur-

179 577 257 598 sum
279 577 320 597 ex
342 563 440 606 reip.
463 568 664 607 tempestate
686 563 876 606 moderari)
919 563 960 595 In
982 561 1122 593 eandem
1144 562 1344 594 sententiam
1370 563 1491 603 uerbis,
1520 575 1604 605 quae
1626 563 1707 594 haec
1728 562 1941 602 antecedunt,
1965 574 2046 594 con-

175 616 322 656 mutatis,
352 621 391 647 ut
417 627 480 658 pro
502 627 561 647 sua
584 616 736 648 ubertate
766 615 928 659 copiaque
960 621 1074 646 orator
1095 615 1196 655 solet,
1229 615 1265 646 in
1288 616 1400 648 eadem
1423 616 1475 648 illi
1496 615 1619 658 insigni
1641 614 1683 645 ad
1704 615 1741 645 P.
1764 615 1950 646 Lentulum
1972 614 2047 658 epi-

176 669 266 702 stula
287 668 333 700 ita
354 668 524 710 loquitur:
560 669 766 713 Numquam
787 669 877 702 enim
901 667 1158 712 praestantibus
1181 668 1218 699 in
1240 680 1277 700 re
1292 681 1330 712 P·
1353 669 1582 712 gubernanda
1603 668 1692 700 uiris
1714 668 1893 699 Zazzdatast
1915 668 1952 699 ia
1975 679 2046 700 una

177 721 350 754 sententia
365 727 540 765 perpetua
560 723 779 765 permansi03
807 727 858 753 set
880 727 920 753 ut
942 722 978 752 ia
1000 721 1201 764 nauigando
1225 723 1420 764 tempestati
1443 721 1579 765 obsequi
1599 722 1688 753 artis
1710 726 1778 759 est,
1807 721 1943 752 etiamsi
1961 733 2045 764 por-

178 780 255 806 tam
277 780 390 806 tenere
414 785 480 806 non
503 786 626 817 queas,
656 787 758 819 quom
779 785 860 807 uero
883 775 922 806 id
938 774 1053 817 possis
1076 779 1212 805 mutata
1237 773 1472 817 ztelificatione
1494 775 1654 818 adsequi,
1692 773 1871 805 stultzmzst
1894 785 1971 805 eum
1993 779 2044 805 te-

177 839 259 859 nere
281 839 358 859 cum
377 827 535 870 periculo
558 838 697 858 (rursum
716 839 815 871 quem
836 827 964 870 ceperis
981 827 1120 870 potius,
1145 839 1248 870 quam
1269 839 1307 859 eo
1330 833 1543 867 conmutato,
1566 840 1631 871 quo
1653 826 1741 859 uelis
1764 826 1901 858 tandem
1921 838 2045 869 perue-

177 879 265 911 nire.
306 878 364 910 Ad
395 890 473 910 eum
500 879 612 911 locum
641 879 814 911 Manutius
844 890 921 910 cum
942 885 1097 911 nostrum
1126 879 1217 911 hunc
1239 879 1421 919 recitasset,
1456 880 1566 919 cuius,
1601 878 1729 921 inquit,
1762 878 1829 909 loci
1858 884 2046 910 extremam

176 936 311 973 partem
333 929 440 962 isdem
463 931 575 962 uerbis
596 931 748 963 iteratam
770 931 870 964 uideo
893 932 931 964 in
953 933 1104 964 oratione
1126 944 1189 976 pro
1205 932 1322 964 Balbo.
1367 934 1497 965 Extant
1514 944 1598 964 uero
1623 932 1706 963 haec
1726 931 1839 962 eadem
1861 930 1909 961 ibi
1932 942 1959 961 c.
1975 941 2044 972 27..

178 983 305 1015 Facere
329 982 364 1014 id
386 995 464 1015 sane
488 984 606 1016 Cicero
629 989 702 1014 tum
723 984 798 1015 iure
827 997 887 1016 suo
910 991 983 1017 tum
1004 986 1150 1017 aliorum
1174 986 1332 1027 exemplo
1357 992 1498 1028 poterat.
1538 986 1714 1020 Isocrates,
1752 984 1818 1015 nisi
1846 983 1943 1015 ualde
1971 995 2046 1014 me-

177 1036 289 1068 moria
312 1047 402 1066 nunc
424 1036 536 1076 labor,
563 1041 596 1066 et
616 1036 813 1079 Xenophon
836 1037 996 1070 fecerunt.
1042 1039 1100 1070 Set
1121 1050 1190 1070 non
1213 1039 1358 1077 solebat3
1389 1045 1475 1079 tam,
1506 1038 1661 1080 inquam,
1691 1037 1731 1068 ad
1752 1037 1911 1069 amussim
1933 1037 2047 1068 onmia

180 1101 252 1121 non
275 1089 417 1120 solebat:
452 1094 521 1120 erat
543 1087 633 1119 enim
657 1089 864 1130 quarundam
886 1091 1095 1123 locutionum
1118 1091 1252 1123 iteratio
1278 1092 1463 1123 necessaria
1487 1091 1701 1134 saepissume.
1746 1091 1868 1132 Neque
1889 1102 1971 1121 uero
1995 1089 2048 1121 se-

180 1142 281 1181 cisse,
304 1147 423 1173 testem
445 1140 648 1183 iampridem
670 1142 772 1175 habui
794 1155 907 1175 meum
931 1144 1087 1184 codicem,
1110 1144 1146 1175 in
1170 1156 1236 1186 quo
1261 1150 1357 1175 extra
1380 1144 1528 1176 ordinem
1553 1143 1679 1175 adiecta
1702 1143 1765 1175 ista
1786 1149 1865 1174 sunt
1887 1154 1962 1173 cum
1984 1142 2047 1173 hac

178 1194 465 1238 praescriptione,
488 1195 586 1227 Idem
601 1208 669 1239 pro
691 1196 847 1229 Cornelio
867 1197 989 1230 Balbo.
1031 1198 1152 1240 Neque
1176 1203 1281 1237 certe,
1308 1198 1397 1240 quod
1420 1203 1489 1228 erat
1510 1203 1588 1228 ante
1614 1197 1747 1236 oculos,
1780 1207 1849 1228 non
1874 1194 2047 1227 admonui.

177 1247 344 1280 Euolauit
373 1246 513 1284 fortasse
543 1248 720 1289 schedula,
755 1261 839 1292 quae
859 1250 1043 1281 maioribus
1068 1250 1157 1281 male
1185 1250 1397 1290 adhaereret3
1431 1249 1662 1293 typographus
1684 1249 1798 1291 itaque
1820 1249 1880 1280 sub
1904 1249 1976 1288 dio,
2010 1254 2049 1280 ut

175 1300 216 1332 fit
236 1299 399 1342 Neapoli,
429 1305 534 1339 stans,
563 1306 621 1332 aut
642 1301 683 1332 ad
707 1300 890 1334 fenestram
914 1302 950 1333 iu
974 1308 1095 1341 uento,
1127 1314 1196 1334 non
1219 1303 1339 1341 sensit3
1376 1304 1433 1345 qui
1456 1303 1649 1345 corrigendo
1673 1309 1869 1346 praeerant,
1897 1300 2049 1333 animad-

174 1359 310 1385 uertere
338 1364 408 1384 non
437 1358 631 1395 potuerunt.
673 1356 727 1387 Ne
766 1355 839 1398 ipse
869 1355 1004 1397 quidem
1031 1355 1274 1396 animaduerti,
1311 1356 1377 1387 nisi
1400 1367 1475 1388 cum
1497 1356 1531 1387 in
1555 1367 1674 1387 manus
1705 1355 1850 1387 codicem
1880 1353 2048 1397 resumpsi

175 1418 304 1438 meum.
347 1405 387 1436 Id
410 1416 486 1437 cum
508 1407 638 1438 Romae
660 1419 730 1439 non
751 1407 902 1447 fecerim,
927 1407 966 1438 de
989 1408 1060 1439 cod.
1083 1408 1267 1440 Bai-berino
1290 1409 1453 1451 editisque
1473 1415 1569 1448 uett.‚
1594 1421 1676 1451 quos
1699 1415 1772 1441 tum
1795 1407 1969 1446 habebam,
1992 1406 2049 1438 ni-

175 1459 228 1492 hil
250 1458 356 1490 audeo
380 1458 591 1491 confirmare.
638 1461 694 1492 Set
715 1461 797 1492 haec
819 1461 854 1492 in
878 1466 952 1492 octo
976 1461 1113 1493 Oxonn.
1138 1461 1249 1493 deesse
1270 1462 1369 1493 uideo
1392 1468 1426 1493 et
1448 1468 1529 1504 aput
1547 1462 1673 1494 Aldum
1696 1462 1825 1505 ipsum,
1861 1459 1952 1502 quod
1975 1470 2049 1490 cer-

175 1519 249 1545 tum
277 1511 438 1543 indicium
461 1517 526 1551 est,
563 1512 599 1544 in
622 1514 853 1557 superioribus
882 1512 1010 1554 aliquot
1032 1514 1250 1553 editionibus,
1285 1514 1313 1546 si
1335 1526 1404 1546 non
1428 1514 1464 1546 in
1491 1515 1646 1547 omnibus
1672 1514 1826 1546 defuisse.
1871 1513 2047 1544 Postremo

177 1565 269 1608 quod
292 1570 391 1607 caput
414 1571 480 1603 est,
514 1565 550 1596 in
571 1566 652 1598 Bau.
676 1567 812 1604 desunt,
845 1565 903 1608 qui
925 1566 1011 1597 mihi
1033 1566 1100 1598 iam
1124 1566 1161 1598 fit
1183 1573 1298 1599 auctor
1318 1567 1477 1606 idoneus,
1508 1574 1546 1599 ut
1569 1579 1611 1598 ne
1633 1568 1669 1599 in
1692 1565 1885 1598 Erfurtensi
1909 1564 2048 1607 quidem

174 1618 269 1651 illius
296 1617 419 1649 comite
450 1617 552 1649 fuisse
583 1619 715 1650 credam
746 1619 882 1661 [desunt
910 1619 946 1650 in
976 1619 1051 1651 Erf.
1081 1619 1266 1662 multisque
1294 1621 1395 1663 aliis].
1441 1620 1622 1663 Quomodo
1651 1620 1714 1652 ista
1736 1620 1802 1651 huc
1830 1617 2046 1661 inrepserint,

174 1669 354 1704 manifesto
387 1676 560 1710 tenemus3
599 1684 700 1715 quam
729 1683 937 1715 superuacua
964 1672 1045 1712 sint,
1087 1678 1118 1704 et
1149 1684 1202 1704 res
1225 1673 1296 1715 ipsa
1327 1679 1360 1704 et
1381 1674 1472 1706 illius
1497 1674 1659 1717 epistulae
1685 1671 1879 1715 conparatio
1904 1669 2048 1702 docebit.

173 1724 273 1759 Paria
295 1723 420 1754 etenim
442 1724 494 1756 his
517 1724 666 1757 abscissis
690 1724 871 1766 utrobique
891 1730 969 1756 sunt
986 1725 1118 1765 omnia3
1144 1726 1226 1757 ordo
1250 1726 1479 1758 tantummodo
1502 1727 1657 1758 inuersus
1674 1733 1731 1758 est.
1776 1727 1866 1757 Nam
1888 1735 1972 1766 quae
1994 1722 2050 1755 hic

173 1777 291 1822 priora
312 1782 407 1808 sunt:
430 1777 489 1810 Aa
509 1791 586 1810 cum
608 1779 803 1810 uideam—
817 1778 1040 1822 obtemperem
1063 1785 1096 1811 et
1116 1781 1286 1823 paream?
1309 1780 1400 1819 haec,
1424 1779 1572 1821 inquam,
1596 1779 1819 1822 posteriorem
1843 1777 1879 1808 in
1906 1775 2048 1818 epistula

175 1832 291 1863 locum
314 1829 483 1869 obtinent3
509 1843 593 1873 quae
615 1842 697 1862 uero
719 1831 766 1862 ibi
789 1831 900 1874 primo
923 1838 1002 1863 sunt
1023 1832 1142 1874 posita,
1169 1832 1224 1863 hic
1245 1833 1354 1864 multo
1374 1833 1530 1876 pluribus
1554 1844 1712 1876 expressa
1738 1838 1848 1874 atque,
1871 1836 1909 1861 ut
1921 1829 2047 1861 oratio-

175 1895 256 1917 nem
290 1881 424 1914 decebat
450 1884 638 1926 publicam,
679 1883 794 1914 addito
828 1884 1007 1926 splendore
1035 1896 1072 1915 ac
1093 1896 1220 1927 pompa
1248 1892 1418 1917 secuntur.
1463 1887 1543 1929 Ego
1574 1898 1655 1918 uero
1681 1887 1763 1918 haec
1788 1883 1897 1916 didici
1921 1899 1963 1905 —
1980 1894 2047 1925 po-

175 1937 336 1974 stularet,
359 1948 429 1968 esse
451 1937 622 1981 defensas'.
666 1936 750 1968 Satis
773 1936 839 1968 iam
862 1937 901 1967 de
924 1937 1077 1980 nauigio3
1104 1938 1191 1969 nihil
1210 1938 1289 1969 addi
1312 1938 1452 1970 sanioris
1476 1939 1686 1981 eloquentiae
1709 1938 1794 1969 ratio
1819 1943 1850 1968 et
1873 1934 2046 1968 Ciceronis

175 1988 379 2023 consuetudo
402 1988 528 2031 patitur
550 1989 619 2020 iam
639 1989 834 2029 consularis,
859 1990 917 2032 qui
939 1991 1168 2023 maturitatem
1193 1991 1226 2022 in
1240 1991 1377 2022 dicendo
1401 1991 1474 2034 ipse
1495 2004 1590 2023 suam
1614 1991 1781 2034 praetoria
1803 1995 1874 2021 arte
1899 1988 2046 2020 definiat.

174 2044 269 2076 Haec
291 2047 421 2079 autem,
459 2042 539 2085 Ego
565 2055 647 2075 uero
675 2048 736 2075 etc.
765 2042 1013 2085 superioribus,
1050 2045 1108 2078 Aa
1133 2058 1210 2077 cum
1239 2045 1378 2077 uideam
1407 2050 1467 2077 etc.
1493 2056 1532 2076 eo
1562 2045 1683 2076 melius
1714 2044 1805 2075 illico
1835 2042 2045 2078 referuntur,

175 2107 242 2139 quo
266 2093 434 2125 incitatius
459 2100 490 2125 et
510 2095 711 2138 promptius.
757 2095 851 2137 Quin
874 2096 976 2138 igitur
997 2097 1109 2129 media
1131 2098 1189 2129 illa
1211 2098 1299 2129 male
1322 2104 1418 2140 capto
1443 2097 1484 2128 de
1506 2098 1581 2129 loco
1604 2098 1778 2131 eiciamus,
1809 2096 1962 2127 futurum
1986 2093 2045 2136 qui

173 2145 356 2181 intercedat
378 2146 548 2178 neminem
572 2155 667 2191 puto.
713 2149 783 2190 Qui
811 2149 906 2191 prior
927 2150 1058 2190 intulit,
1080 2163 1123 2182 ne
1148 2151 1226 2182 illut
1252 2151 1390 2194 quidem
1412 2151 1512 2190 uidit,
1547 2152 1649 2183 satius
1671 2149 1789 2187 fuisse,
1824 2148 1948 2191 ZVeque
1974 2159 2045 2180 esse

173 2199 400 2235 inconstantis
421 2206 528 2243 puto,
567 2207 606 2232 ut
634 2208 684 2233 est
716 2202 752 2233 in
777 2201 952 2242 Balbiana,
990 2204 1199 2245 relinquere,
1229 2205 1286 2236 uel
1308 2204 1438 2247 potius,
1471 2216 1570 2246 quam
1594 2216 1666 2236 rem
1690 2208 1818 2245 ageret,
1847 2200 2041 2243 ignorabat3

173 2260 263 2287 certe
285 2264 346 2294 pro
370 2265 440 2285 esse
461 2253 572 2296 posuit
587 2255 688 2295 enim,
716 2253 805 2297 quod
829 2254 916 2287 infra
938 2268 1001 2298 pro
1025 2269 1107 2289 uero
1127 2268 1255 2299 ponere
1278 2257 1440 2300 oportuit.
1483 2258 1541 2289 Set
1555 2256 1684 2289 fraudis
1704 2256 1862 2287 indicium
1885 2266 1955 2285 non
1969 2265 2045 2285 sus-

171 2307 286 2340 tulisse
316 2305 462 2347 gaudeo:
508 2317 586 2338 nam
617 2307 711 2349 quasi
743 2308 948 2341 aduersantis
981 2315 1031 2341 est
1053 2321 1115 2353 ego
1139 2321 1236 2349 uero,
1279 2322 1348 2341 non
1372 2309 1610 2342 confirmantis.
1653 2310 1913 2341 GARATons.
1957 2306 2045 2341 Uide

176 2370 259 2402 quae
282 2358 399 2389 monui
421 2358 461 2389 de
483 2359 546 2391 hoc
571 2360 645 2391 loco
670 2360 804 2402 Proleg.
827 2362 868 2393 L.
892 2363 936 2394 II.
961 2364 998 2394 C.
1022 2363 1048 2394 I.
1074 2364 1103 2404 ξ.
1132 2374 1158 2393 1.
1189 2373 1223 2405 p.
1245 2363 1387 2395 XXX..

257 2411 354 2443 Haec
384 2412 426 2444 de
455 2413 731 2456 sapientisszcmis
759 2419 792 2445 et
818 2416 1032 2448 clarissumis
1063 2415 1153 2447 uiris
1182 2429 1224 2441 -ι
1254 2422 1474 2449 monumenta
1503 2416 1599 2449 nobis
1630 2416 1769 2447 litterae
1791 2412 2042 2459 prodiderunt)

170 2465 323 2497 Pronum
345 2470 392 2495 est
413 2476 490 2496 cum
512 2465 594 2497 uiris
617 2465 722 2497 doctis
743 2467 913 2511 corrigere
935 2470 1146 2502 litterarum.
1183 2468 1332 2500 Frustra.
1373 2468 1523 2500 Tantum
1546 2469 1804 2511 interpungatur
1826 2473 1903 2511 post
1929 2465 2045 2501 nobis;

1592 2526 1627 2553 42
