2185 2720
896 146 935 174 L.
962 145 1001 174 ΙΙ.
1056 145 1090 173 C.
1119 144 1142 173 I.
1187 142 1214 184 §.
1246 153 1289 172 11.
1899 144 2030 175 XLVII

150 223 226 252 bari.
264 222 343 250 Nam
364 222 475 261 quouis
495 222 624 260 pignore
645 222 832 251 contendere
853 220 966 256 ausim,
994 219 1114 248 nullum
1134 218 1167 246 in
1189 218 1372 247 colbertina
1392 217 1582 246 bibliotheca
1602 216 1740 246 codicem
1760 222 1884 255 extare,
1913 220 1946 248 in
1967 231 2027 259 quo

151 271 246 300 uerba
273 270 345 305 illa,
379 270 416 297 de
444 270 555 307 quibus
583 270 717 306 affirm-,⁷
736 280 771 297 co
807 269 966 296 conlocata
1000 267 1109 295 ordine
1138 266 1355 304 reperiantur,
1393 276 1453 303 quo
1481 271 1552 294 sunt
1578 266 1610 293 in
1639 265 1821 294 Ersurtense
1850 269 2030 306 perscripta.

152 319 289 347 Omnino
309 323 411 346 autem
430 317 742 355 neglegentissnnnnn
763 317 996 345 Lallemandum
1017 315 1050 342 in
1073 315 1245 343 referendis
1271 314 1366 342 uariis
1393 313 1534 341 codicum
1562 313 1750 343 lectionibus
1770 315 1882 349 fuisse,
1914 316 2029 351 multis,

150 367 177 395 si
203 378 280 406 opus
307 372 404 401 esset,
439 365 589 403 exemplis
617 365 803 402 conprobari
831 370 943 403 posset.
983 363 1090 400 Itaque
1119 363 1240 390 codices
1272 361 1441 399 dupliciter
1462 360 1664 398 potissumum
1686 372 1702 389 a
1722 372 1753 390 se
1774 362 1977 399 dissentiunt,
1996 364 2029 392 in

150 414 285 443 nominis
305 415 463 442 lacrumae
484 417 514 440 et
534 423 591 450 que
611 412 738 449 copulae
759 411 982 440 conlocatione.
1004 411 1083 438 Nam
1104 410 1186 448 quod
1207 414 1269 437 tres
1291 409 1341 437 uel
1363 413 1507 446 quattuor
1528 408 1660 436 Parisini
1682 409 1834 438 ominibus
1853 421 1910 449 pro
1931 414 2031 439 omni-

151 462 207 491 bus
227 462 385 495 scribunt,
406 460 462 488 uix
483 459 544 487 dici
566 458 718 486 dissensus
739 465 857 497 potest,
884 469 954 486 cum
975 458 1137 495 utriusque
1158 457 1292 485 nominis
1319 455 1509 496 permutatio
1530 460 1562 483 et
1581 455 1739 484 facilluma
1765 457 1806 486 sit
1833 464 1864 487 et
1883 459 2030 497 frequen-

150 509 285 538 fissuma.
324 508 472 536 Alienum
499 511 599 534 autem
627 517 752 544 prorsus
780 507 919 534 omnibus
940 516 1021 541 esse,
1052 515 1142 533 nemo
1165 505 1303 542 negabit,
1332 505 1383 542 qui
1405 514 1461 532 nec
1483 504 1601 532 dictum
1622 504 1697 532 alibi
1718 510 1770 532 aut
1789 508 1871 534 uotis
1890 506 2030 535 omnibus

151 556 298 597 (Senecae
319 554 400 582 enim
431 553 573 591 exemplo
596 564 685 581 nemo
706 554 744 582 ad
765 554 847 582 hunc
867 555 969 582 locum
990 551 1147 590 abutetur)
1168 557 1220 580 aut
1240 553 1381 580 omnibus
1401 554 1551 580 lacrumis
1572 562 1655 587 esse,
1683 557 1731 588 et,
1759 553 1784 580 si
1805 553 1920 581 dictum
1941 558 2031 589 esset,

150 604 249 633 multo
270 607 354 631 certe
374 600 496 638 grauius
517 610 582 627 csse
602 603 811 639 reputauerit,
831 613 920 640 quam
941 601 1022 640 quod
1045 600 1116 628 huic
1138 600 1206 627 1000
1228 600 1488 628 accommodatum
1510 600 1560 628 sit.
1600 599 1815 628 Nihilominus
1836 600 2031 628 statuendum

151 649 368 683 necessariost,
389 648 419 675 id
442 648 524 685 quod
544 648 575 675 in
597 649 785 678 emendando
807 650 866 677 hoc
885 650 955 678 loco
976 649 1158 677 nonnullius
1178 652 1224 676 est
1244 649 1410 684 momenti,
1440 647 1473 675 in
1495 647 1601 675 codice
1621 647 1781 686 principe,
1802 658 1840 675 ex
1860 658 1920 685 quo
1941 649 2032 676 sami-

150 699 210 727 liae
231 696 382 725 secundae
404 701 434 723 et
454 695 564 723 tertiae
585 696 706 723 codices
727 697 787 724 orti
808 703 895 733 sunt,
922 708 985 725 non
1006 690 1160 724 ominibus
1180 701 1226 724 set
1254 696 1394 724 omnibus
1421 695 1573 733 scriptum
1601 695 1760 730 extitisse,
1787 694 2032 733 scripturamque

149 745 306 774 ominibus
326 744 358 771 in
381 748 526 781 quattuor
547 743 617 770 illos
639 743 795 772 Parisinos
825 745 891 772 siue
919 745 1005 773 felici
1032 754 1138 772 errore
1159 744 1286 780 librari,
1323 744 1388 772 siue
1410 743 1589 771 coniectura
1609 741 1790 780 interpretis
1811 742 1937 771 inlatam
1958 752 2031 771 csse.

151 793 216 821 Csr.
238 801 314 830 qnae
335 801 427 829 snpra
447 791 519 818 Lib.
541 791 564 818 I.
587 790 620 819 C.
641 791 698 819 III.
720 790 745 830 §.
766 795 790 821 8.
819 793 963 821 diximus.
1004 792 1152 819 Scribant
1172 791 1268 828 igitur
1289 791 1408 830 optumi
1430 790 1520 825 libri,
1541 790 1565 817 B
1587 795 1618 817 et
1637 790 1681 824 E,
1702 794 1737 817 ut
1757 790 1933 819 omittamus
1953 801 2032 829 pau-

150 841 248 879 lisper
269 850 327 877 que
348 838 506 875 copulam,
535 840 616 866 uotis
636 839 777 866 omnihus
797 841 952 875 lacrimis,
981 838 1168 874 deteriores,
1196 839 1229 867 id
1256 845 1302 868 est
1329 839 1465 868 familiae
1492 838 1602 866 tertiae
1624 837 1763 872 codices,
1791 838 1932 866 lacrimis
1951 840 2032 866 uotis

151 887 298 916 omnibns.
339 886 371 913 Si
392 885 466 913 haec
487 886 551 913 sola
571 891 650 914 esset
671 887 818 922 uarietas,
846 886 927 914 nihil
954 886 1035 915 hunc
1066 887 1167 914 locum
1194 887 1253 914 uiti
1282 886 1474 914 contraxisse
1502 885 1637 913 dicerem
1665 884 1725 911 nisi
1752 894 1865 912 nomen
1892 886 2034 913 lacrimis

152 944 258 964 errore
279 933 386 961 librari
408 933 476 961 loeo
497 943 551 960 suo
580 939 696 962 motum
717 944 791 969 esse,
813 944 942 972 eumque
962 935 1129 963 uerborum
1151 934 1302 969 ordinem,
1323 934 1375 971 qni
1396 934 1428 962 in
1449 934 1473 961 Β
1495 938 1526 961 et
1545 933 1571 960 E
1593 937 1649 967 est,
1669 932 1842 960 necessario
1862 933 2033 961 restituen—

153 983 225 1012 dum
252 981 480 1010 contenderem.
521 980 583 1007 Csr.
613 991 688 1018 quae
710 981 781 1009 Lib.
804 981 826 1008 I.
856 981 889 1009 C.
911 982 966 1010 HI.
994 981 1020 1021 §.
1042 993 1068 1020 9.
1097 982 1178 1010 dicta
1205 987 1285 1009 sunt.
1326 980 1445 1009 Uerum
1471 985 1576 1008 mouet
1603 980 1805 1008 uehementer
1825 980 2034 1018 suspicionem

153 1029 349 1068 corruptelae
376 1039 433 1066 que
461 1027 572 1066 copula
592 1027 625 1055 in
646 1028 714 1055 aliis
735 1028 893 1056 codicibus
914 1029 1004 1057 aliter
1024 1030 1142 1068 posita,
1178 1028 1299 1066 hocque
1331 1029 1444 1066 magis,
1480 1028 1563 1066 quod
1590 1028 1622 1056 in
1650 1028 1716 1056 eius
1738 1028 1950 1056 conlocatione
1970 1038 2034 1055 non

151 1083 270 1107 tantum
290 1076 359 1104 fam.
380 1075 490 1103 tertiae
512 1075 633 1103 codices
655 1086 670 1103 a
690 1076 715 1103 B
737 1081 767 1104 ct
787 1076 813 1103 E
835 1076 1037 1112 dissentiunt,
1065 1087 1173 1105 uerum
1195 1077 1255 1115 ipsi
1276 1077 1367 1104 etiam
1389 1076 1508 1114 optumi
1530 1076 1620 1111 libri,
1647 1076 1672 1104 B
1694 1081 1724 1103 et
1743 1076 1788 1111 E,
1809 1087 1825 1103 a
1845 1086 1877 1103 se
1897 1075 2034 1104 inuicem

151 1125 310 1156 dissident.
350 1123 430 1151 Nam
450 1124 474 1151 B
495 1123 631 1151 uidimus
651 1123 788 1150 scribere
809 1126 890 1152 uotis
910 1125 1109 1162 omnibusque
1136 1126 1295 1160 lacrimis,
1325 1124 1541 1152 Erfurtcnscm
1562 1126 1643 1151 uotis
1663 1123 1805 1151 omnibus
1825 1125 2035 1161 lacrimisque,

151 1173 290 1211 reliquos
319 1172 457 1199 lacrimis
486 1172 627 1209 uotisque
653 1171 802 1199 ommibus.
856 1172 966 1210 Neque
993 1182 1069 1200 uero
1098 1182 1204 1205 eorum
1235 1172 1362 1210 probari
1389 1171 1541 1199 sententia
1571 1176 1693 1209 potest,
1733 1171 1786 1209 qui
1814 1181 1871 1208 que
1892 1170 2035 1208 copulam

151 1219 346 1250 abiciuudam
367 1224 401 1246 ut
421 1218 556 1256 spuriam
576 1223 734 1257 putarunt.
774 1219 855 1248 Nam
875 1221 918 1249 sic
939 1220 999 1248 tria
1020 1219 1073 1247 illa
1094 1220 1190 1247 uerba
1210 1220 1270 1247 tria
1290 1220 1409 1257 integra
1430 1219 1581 1251 membra,
1610 1224 1644 1246 ut
1664 1219 1707 1246 ita
1728 1219 1842 1253 dicam,
1870 1218 2034 1247 efficerent.

152 1267 252 1306 Atqui
272 1267 386 1305 ubique
408 1274 481 1294 uota
502 1271 532 1294 ct
552 1268 656 1294 omina
683 1266 727 1294 sie
755 1268 856 1296 solent
883 1269 918 1296 ab
948 1268 1081 1306 antiquis
1109 1267 1315 1305 scriptoribus
1343 1265 1508 1303 coniungi,
1541 1271 1575 1293 ut
1602 1265 1635 1293 in
1662 1276 1753 1294 unam
1781 1266 1845 1294 fere
1874 1265 2036 1294 notionem

151 1316 325 1345 coalescere
346 1314 428 1342 uelle
449 1314 677 1351 intellegantur.
717 1315 824 1353 Itaque
845 1315 1003 1344 sollemnis
1025 1316 1151 1343 dictiost
1171 1321 1245 1343 uota
1266 1316 1437 1352 emmaque.
1480 1314 1543 1342 Csr.
1564 1313 1724 1342 Bentleius
1745 1313 1782 1341 ad
1801 1314 1881 1342 IIor.
1897 1313 1953 1342 IV.
1976 1313 2037 1342 Od.

152 1365 180 1400 5,
202 1364 254 1392 13..
283 1362 344 1390 Iam
366 1372 434 1390 cum
455 1366 600 1400 optumus
622 1362 719 1390 codex
740 1363 904 1392 Bauaricus
921 1364 952 1392 id
973 1365 1082 1402 ipsum,
1104 1363 1186 1401 quod
1207 1373 1264 1390 usu
1284 1366 1484 1400 receptumst,
1504 1360 1616 1390 habeat
1636 1361 1812 1400 scribatque
1833 1364 1915 1390 uotis
1935 1364 2036 1390 omni-

152 1413 285 1450 busque,
313 1409 372 1438 hoc
403 1408 526 1447 quidem
557 1409 768 1438 certissumum
802 1416 894 1449 puto,
926 1412 1102 1440 Tullianam
1128 1410 1206 1438 hanc
1234 1410 1421 1447 scripturam
1449 1419 1513 1437 esse
1535 1412 1617 1438 uotis
1637 1409 1856 1447 ominibusque.
1895 1409 2037 1437 Minume

153 1470 229 1488 uero
250 1457 427 1487 faciundum
449 1461 615 1490 propterca
635 1467 703 1484 cum
726 1457 896 1486 Garatonio
917 1464 948 1486 et
969 1460 1108 1494 Orellio,
1137 1458 1190 1496 qui
1211 1458 1364 1485 Lambino
1385 1461 1554 1496 praeeunte
1575 1458 1714 1484 lac-rimis
1734 1462 1804 1484 ante
1825 1457 1907 1483 uotis
1927 1456 2037 1484 conlo-

154 1507 272 1531 carunt.
311 1500 450 1529 Primum
479 1499 560 1526 enim
588 1498 679 1534 haec,
713 1510 800 1537 quain
829 1511 1028 1539 receperunt,
1055 1506 1209 1539 scriptura
1229 1506 1385 1532 lacrimis,
1421 1506 1502 1525 uotis
1531 1500 1744 1536 ominibusque
1764 1499 1882 1526 nullius
1909 1505 2036 1528 omnino

155 1549 272 1579 codicis
293 1548 478 1575 auctoritate
498 1546 626 1582 nititur,
647 1556 716 1575 cum
737 1548 874 1583 codices,
903 1548 956 1586 qui
976 1550 1113 1577 lacrimis
1134 1554 1204 1577 ante
1225 1549 1307 1575 uotis
1326 1546 1459 1582 habent,
1487 1546 1594 1584 inepte
1621 1547 1763 1583 uelisque
1789 1545 1930 1574 omnibus
1957 1547 2037 1575 scri-

154 1598 244 1634 bant3
273 1595 383 1624 deinde
405 1604 511 1622 corum
532 1594 691 1629 codicum,
719 1595 770 1633 qui
799 1597 937 1624 lacrimis
964 1596 1056 1624 initio
1076 1602 1215 1635 ponunt,
1242 1594 1329 1622 nullo
1357 1598 1447 1632 pacto
1475 1593 1532 1621 hac
1561 1593 1594 1621 in
1619 1603 1653 1621 re
1679 1593 1778 1622 maior
1805 1599 1894 1632 qu‘am
1914 1595 1939 1622 B
1960 1600 1991 1623 ct
2010 1595 2036 1622 Ε

154 1643 322 1674 auctoritas
342 1647 446 1681 potest
465 1652 549 1678 esse3
577 1641 711 1679 denique
732 1652 771 1670 ne
791 1648 861 1681 apta
888 1643 1011 1681 quidem
1032 1644 1089 1672 ista
1108 1644 1276 1672 uerborum
1297 1641 1519 1677 conlocatiost,
1548 1641 1636 1679 quia,
1666 1641 1692 1669 si
1713 1644 1795 1670 uotis
1815 1641 2037 1680 ominibusque,

153 1699 190 1723 ut
208 1693 274 1731 ipse
297 1691 434 1719 Orellius
455 1695 539 1718 recte
559 1689 691 1725 monuit,
712 1689 745 1717 in
766 1700 856 1719 unam
876 1691 1053 1720 coalescunt
1073 1692 1243 1725 notionem,
1264 1690 1346 1717 inter
1368 1690 1507 1717 lacrimis
1523 1693 1552 1716 et
1573 1690 1655 1716 uotis
1675 1689 1786 1728 copula
1807 1695 1837 1717 et
1855 1689 2038 1727 requiritur,

155 1740 381 1777 dicendumque
410 1743 475 1766 erat
505 1739 645 1765 lacrimis
681 1743 709 1766 et
743 1741 823 1766 {colis
853 1740 1079 1778 ominibusque,
1115 1745 1149 1768 ut
1183 1739 1299 1767 dictum
1332 1737 1425 1775 paulo
1455 1741 1541 1772 ante,
1575 1736 1622 1764 his
1650 1742 1679 1764 et
1705 1737 1830 1765 senatui
1857 1738 2038 1775 populoque

155 1791 306 1818 Romano.
346 1786 425 1814 Nam
446 1785 504 1813 etsi
524 1795 572 1812 me
593 1795 655 1812 non
676 1786 771 1823 fugit,
800 1785 860 1813 duo
881 1787 971 1815 etiam
998 1788 1094 1816 uerba
1120 1795 1350 1823 nonnumquam
1378 1784 1443 1812 sine
1471 1784 1581 1822 copula
1603 1784 1755 1822 conponi,
1785 1789 1886 1812 tamen
1907 1784 2038 1813 istorum

156 1837 297 1866 locorum
319 1834 407 1862 aliam
429 1842 493 1860 esse
521 1843 610 1870 quam
638 1831 730 1860 huius
757 1834 909 1862 rationem
934 1835 1036 1864 uideo.
1077 1836 1154 1864 Cum
1181 1834 1278 1872 igitur
1303 1833 1452 1861 lacrumis
1479 1831 1571 1859 initio
1598 1833 1675 1870 poni
1701 1842 1766 1861 non
1787 1832 1898 1860 debere
1919 1838 2038 1861 certum

157 1884 213 1918 sit,
233 1881 349 1920 duplex
370 1886 489 1909 tantum
509 1880 602 1908 huius
624 1880 806 1908 emendandi
827 1882 889 1909 loci
908 1882 987 1911 ratio
1016 1883 1215 1920 relinquitur.
1254 1881 1362 1910 Altera
1383 1879 1458 1908 hacc
1479 1884 1542 1915 est,
1573 1884 1608 1907 ut
1633 1890 1738 1918 presse
1759 1880 1875 1908 codjcis
1895 1880 2038 1908 Bauarici

158 1929 257 1959 secuti
277 1929 490 1957 anctoritatem
511 1927 723 1956 tantummodo
745 1935 772 1956 et
793 1930 934 1967 copulam
954 1935 1024 1958 ante
1044 1932 1193 1959 lacrumis
1212 1929 1375 1963 addamus,
1402 1928 1649 1965 scribamusque:
1676 1929 1758 1956 uotis
1777 1927 1990 1966 ominibusque
2010 1935 2039 1956 et

158 1979 316 2007 lacrumis.
354 1975 452 2003 Recte
472 1975 531 2003 hoc
553 1974 670 2003 dietum
691 1986 773 2011 esse,
793 1977 844 2004 uel
861 1987 940 2005 unns
961 1978 1014 2005 ille
1035 1978 1110 2006 Liui
1130 1978 1233 2013 locus,
1259 1988 1275 2005 a
1294 1976 1440 2005 Bentleio
1460 1975 1480 2003 l.
1501 1975 1521 2003 l.
1542 1975 1677 2012 adlatus,
1697 1975 1826 2014 probat,
1856 1976 1932 2003 Cum
1951 1975 2039 2004 bonis

154 2027 263 2065 potius
291 2023 443 2052 ominibus
475 2024 615 2060 uotisque
650 2030 679 2052 et
708 2025 952 2061 precationibus·
996 2026 1101 2064 Atque
1127 2026 1172 2054 sic
1200 2024 1377 2062 Maduigius
1406 2022 1496 2051 Obss.
1524 2022 1546 2050 I.
1575 2033 1605 2061 p.
1624 2023 1688 2059 40„
1714 2023 1764 2052 uir
1792 2023 2038 2060 eruditissunms,

159 2072 319 2112 scripsisse
340 2070 521 2099 Ciceronem
541 2072 673 2108 putauit.
711 2072 755 2100 At
775 2073 959 2110 reprobatur
978 2084 1105 2112 prorsus
1126 2073 1200 2101 haec
1222 2072 1402 2101 coniectura
1423 2070 1563 2098 codicum
1583 2070 1762 2109 seripturis,
1783 2081 1911 2109 quarum
1932 2071 2038 2099 diuer-

159 2123 231 2151 sitas
251 2119 332 2149 unde
353 2123 420 2146 orta
439 2118 495 2154 sit,
524 2118 660 2148 minume
681 2120 831 2158 explicari
852 2125 970 2159 potest,
996 2122 1021 2150 si
1040 2122 1101 2150 isto
1122 2121 1213 2150 modo
1235 2120 1420 2148 Ciceronem
1440 2128 1599 2147 censemus
1620 2118 1791 2156 scripsisse.
1829 2119 1939 2147 Altera
1958 2119 2037 2147 ratio

160 2170 234 2199 haec
256 2173 318 2202 est,
338 2170 374 2194 ut
394 2165 492 2193 eiecto
513 2168 637 2195 nomine
657 2168 807 2196 lar-rumis
828 2169 943 2196 codicis
964 2169 1083 2208 optumi
1105 2169 1289 2207 scripturam
1317 2167 1513 2206 recipiamus.
1553 2166 1652 2203 Quam
1680 2166 1865 2194 sententiam
1891 2167 1944 2204 qui
1970 2167 2039 2205 pri-

159 2227 226 2248 mns
246 2216 321 2244 tulit
341 2213 546 2248 Garatonius,
573 2216 689 2243 nollem
710 2215 810 2243 denuo
830 2221 1034 2245 retractasset.
1073 2217 1140 2245 Hac
1162 2216 1243 2244 enim
1263 2226 1325 2244 una
1343 2215 1482 2251 ratione,
1516 2215 1598 2243 unde
1616 2220 1679 2243 tam
1700 2213 1876 2252 discrepans
1897 2214 2039 2243 codicum

160 2264 316 2302 scriptura
335 2262 376 2290 sit
396 2267 472 2297 orta,
492 2262 677 2299 planissume
697 2263 802 2291 doceri
823 2269 933 2302 potest.
971 2264 1018 2292 Ac
1038 2265 1174 2303 primum
1201 2264 1335 2302 quidem,
1355 2274 1411 2292 cur
1431 2264 1588 2292 diuersum
1608 2262 1641 2290 in
1662 2261 1823 2289 codicibus
1842 2261 1946 2290 locum
1965 2272 2039 2290 uer-

160 2313 235 2342 bum
254 2312 404 2340 lacrumis
424 2310 592 2348 occuparit,
613 2309 714 2347 quiuis
735 2310 794 2338 iam
814 2311 977 2349 intellegit,
998 2312 1051 2350 qui
1071 2313 1184 2350 glossas
1205 2312 1431 2351 superscriptas
1451 2311 1638 2349 saepissume
1658 2309 1695 2337 ab
1716 2308 1784 2337 aliis
1803 2308 1941 2338 librariis
1961 2310 2038 2338 alios

162 2359 196 2388 in
222 2359 307 2386 locos
334 2367 398 2384 csse
424 2364 562 2395 receptas
590 2356 775 2385 meminerit.
813 2358 936 2387 Deinde
962 2369 1026 2387 non
1053 2360 1154 2388 minus
1181 2360 1213 2388 in
1240 2365 1418 2399 promptust
1444 2359 1568 2393 nidere,
1597 2367 1652 2385 cur
1678 2366 1736 2394 que
1761 2357 1872 2394 copula
1891 2357 1961 2386 loeo
1982 2368 2037 2386 sno

163 2411 246 2435 mota
264 2405 313 2433 sit.
354 2404 433 2432 Nam
454 2415 522 2433 cuin
543 2409 621 2432 essct
640 2405 790 2432 lacrumis
809 2415 902 2444 super
922 2409 1003 2435 uotis
1022 2407 1222 2446 omnibusque
1241 2408 1393 2446 positiun,
1414 2417 1492 2435 unus
1513 2415 1635 2440 eorum,
1657 2404 1710 2442 qui
1731 2404 1903 2443 exemplar,
1924 2405 1956 2432 in
1977 2415 2037 2442 qno

165 2454 264 2492 glossa
289 2458 355 2482 erat
380 2452 604 2491 superscripta,
635 2452 881 2490 descripsenu1t‚
907 2454 1036 2492 glossam
1063 2460 1135 2494 post
1161 2456 1358 2495 omnibusque
1384 2454 1508 2491 intulit,
1539 2452 1620 2482 uude
1645 2452 1726 2482 sacta
1752 2451 1869 2482 codicis
1896 2451 2038 2481 Bauarici
