2185 2720
873 129 898 159 c
917 129 947 158 A
966 128 1001 158 P.
1039 127 1204 158 XXXIV.
1224 127 1252 169 5.
1272 131 1319 161 84.
1973 134 2028 163 209

158 208 338 252 uidimus),
370 205 501 239 ciuitati
522 205 694 239 ciuitatem
715 203 829 248 potius
856 216 958 248 quam
981 203 1121 243 urbem,
1156 214 1224 246 quo
1242 203 1364 236 melius
1387 203 1451 235 sibi
1472 203 1578 236 uerba
1599 203 1755 248 opposita
1774 205 2028 248 responderent,

158 261 394 306 oppositurum
415 259 531 291 fuisse.
574 260 692 301 Itaque
714 258 748 290 id
769 269 877 290 unum
899 263 1016 297 restat,
1049 262 1088 289 ut
1110 256 1153 288 de
1173 256 1285 288 uerbis
1319 257 1357 289 in
1385 257 1549 290 Uaccaeis
1577 269 1615 289 ac
1637 258 1679 289 de
1704 258 1837 298 aculeo,
1869 259 1927 300 qui
1948 259 2028 290 huic

156 315 232 347 loco
260 313 396 346 subesse
419 312 536 352 debet,
571 311 755 344 uideamus.
798 312 925 343 Errare
947 316 1060 343 autem
1082 310 1324 351 Garatonium,
1361 310 1420 352 qui
1442 322 1506 353 pro
1529 311 1640 343 uerbis
1661 311 1729 343 illis
1751 323 1828 343 cum
1850 311 2027 344 Francisco

156 367 279 399 Puccio
302 367 340 399 in
366 365 473 399 Uacci
488 364 607 408 pratis
629 363 846 396 scribendum
866 363 986 404 suasit,
1022 369 1144 407 sponte
1166 374 1209 394 ex
1232 362 1290 402 iiS‚
1321 373 1406 405 quae
1427 364 1468 395 de
1489 364 1592 396 totius
1615 364 1681 395 loci
1703 365 1869 396 sententia
1891 365 2030 408 exposi-

156 426 254 453 turus
284 431 379 459 sum,
410 417 635 458 intellegetur.
678 416 959 460 Exprobrauerat
984 416 1178 449 Laterensis
1211 415 1368 447 Ciceroni
1401 426 1467 458 qua
1495 417 1646 460 pollebat
1672 417 1879 449 declamandi
1911 424 2028 458 artem,

157 484 260 516 quam
289 483 325 504 se
347 471 465 514 utique
490 469 646 512 ignorare
673 480 737 501 nec
757 482 857 514 posse
880 470 1002 502 callere
1028 469 1226 509 iactauerat,
1258 474 1298 500 ut
1319 467 1378 512 qui
1408 481 1479 501 non
1500 470 1616 501 Rhodi
1638 468 1774 510 fuisset,
1809 471 1868 502 ubi
1889 471 1970 503 disci
1992 482 2029 502 ea

156 525 301 565 soleret,
332 529 384 557 set
403 540 466 555 -.
509 522 579 555 Hic
601 522 681 565 quid
700 523 807 566 magis
830 523 971 555 debebat
992 522 1182 566 expectari,
1212 533 1313 564 quam
1337 533 1377 554 eo
1396 521 1433 554 in
1457 522 1532 554 loco
1554 534 1590 554 se
1611 521 1714 554 fuisse
1736 524 1956 556 Laterensem
1977 524 2032 556 di-

156 589 250 617 cere,
288 577 326 608 in
348 587 415 618 quo
438 587 509 608 non
529 574 631 607 modo
653 586 724 607 non
745 576 826 609 disci
855 589 909 609 ars
931 577 1006 617 illa,
1044 581 1096 608 set
1119 575 1203 607 adeo
1225 575 1350 606 dedisci
1381 586 1435 608 ars
1456 581 1548 607 recte
1571 576 1732 618 loquendi
1753 577 1898 619 possiti).
1928 577 2032 609 Eius-

156 630 249 663 modi
269 629 375 672 igitur
396 629 463 661 loci
484 639 611 660 nomen
632 630 820 661 necessario
847 629 947 661 debet
967 628 1118 673 positum
1147 640 1218 661 esse
1240 628 1277 660 in
1298 628 1411 660 uerbis
1433 639 1453 660 a
1475 628 1641 661 Cicerone
1670 629 1865 662 interiectis.
1909 631 1981 662 Iam
2003 632 2030 663 si

156 688 328 727 praestare
350 681 538 724 scripturae
560 681 715 724 uolgatae
736 683 774 715 in
804 682 970 715 Uaccaeis
991 680 1169 713 ueritatem
1191 693 1383 725 possemus,
1406 681 1617 713 statuendum
1639 688 1734 722 esset,
1758 688 1792 714 et
1813 683 2033 716 Laterensem

155 735 261 768 fuisse
282 734 319 766 in
339 733 526 777 Hispania,
558 741 592 767 et
614 736 782 768 Uaccaeos
811 735 905 775 illos,
938 734 1109 766 ciuitatem
1134 735 1337 778 Hispaniae,
1371 734 1526 767 homines
1553 734 1646 766 rudis
1668 741 1702 767 et
1721 746 1741 766 a
1761 734 1920 769 facultate
1941 743 2033 769 recte

156 795 192 821 et
214 794 333 820 ornate
362 786 524 829 loquendi
555 787 788 820 alienissumos
815 787 930 820 fuisse.
974 787 1142 819 Posterius
1172 794 1206 820 et
1226 799 1324 831 posse
1346 787 1448 820 statui
1471 793 1504 818 et
1525 786 1750 829 probabiliter
1777 789 1898 828 statui,
1931 801 2032 822 nemo

156 853 226 874 non
250 840 364 879 uidet3
393 845 444 872 set
465 838 568 871 fuisse
589 840 638 871 ibi
656 841 895 880 Laterensem,
929 850 991 871 nec
1011 839 1151 880 scimus,
1181 851 1245 872 nec
1266 840 1366 872 ualde
1387 840 1605 884 probabilest.
1651 840 1765 881 Quem
1788 852 1865 873 cum
1889 842 2033 884 Cyrenis

160 900 375 938 quaestorem
397 892 521 932 fuisse,
546 903 589 923 ex
611 892 674 924 hac
695 893 769 936 ipsa
790 894 945 926 oratione
967 891 1043 934 (cfr.
1067 893 1106 925 C.
1127 894 1174 926 V.
1198 894 1304 936 §.15.
1327 900 1361 925 et
1383 895 1421 926 C.
1441 894 1578 927 XXVI.
1602 894 1633 935 §.
1657 893 1724 937 63.)
1749 900 1949 937 conpertum
1970 895 2034 926 ha-

157 949 315 986 beamus,
337 944 481 978 mirifice
502 944 588 976 mihi
610 945 738 988 placet,
766 945 855 989 quod
879 945 1108 986 Niebuhrius,
1138 946 1194 978 uir
1215 947 1275 978 ille
1296 946 1538 987 acutissumus,
1567 946 1654 978 mihi
1676 946 1807 990 scripsit
1828 958 1847 978 a
1870 947 2035 979 Cicerone

157 1000 223 1032 sibi
244 999 357 1032 uideri
377 997 528 1041 positum
554 1008 636 1038 esse,
663 999 700 1031 in
721 999 901 1032 Barcaeis.
944 999 1036 1030 Eum
1059 999 1150 1031 enim
1172 1000 1341 1043 populum
1365 999 1496 1042 egregie
1516 1005 1610 1042 patet
1631 1000 1776 1032 Rhodiis
1798 1000 1949 1044 potuisse
1971 1012 2035 1044 op-

160 1053 254 1097 poni.
300 1050 371 1083 Cfr.
399 1050 501 1092 Uerg.
523 1048 613 1082 Aen.
637 1052 708 1092 IV,
731 1052 783 1084 45.
806 1053 886 1085 lzinc
906 1052 1043 1085 deserta
1065 1054 1128 1085 siti
1149 1054 1268 1097 regio,
1290 1054 1426 1097 lateque
1438 1052 1603 1096 ficrentes
1624 1053 1786 1087 Barcaei.

245 1104 395 1142 Nescio,
432 1114 495 1135 cur
517 1103 725 1136 seueriorem
746 1104 920 1137 Nicaeam
938 1111 1060 1149 putes,
1090 1118 1194 1150 qaam
1215 1104 1393 1148 Rhodum)
1438 1105 1530 1137 Hinc
1551 1112 1709 1149 apparet,
1744 1107 1833 1149 quod
1856 1118 1958 1150 supra
1981 1106 2035 1138 di-

157 1164 250 1190 ctum
272 1163 341 1189 est:
378 1155 497 1188 Rhodi
524 1168 592 1188 non
611 1154 694 1200 fui,
730 1156 770 1188 ad
799 1157 867 1189 loci
887 1159 1187 1201 reprehensionem
1219 1158 1389 1190 obiectum
1412 1169 1494 1190 esse.
1527 1159 1742 1191 MANUTIUS.
1787 1160 1873 1192 Puto
1900 1161 1939 1192 ad
1962 1160 2036 1192 elo-

159 1210 333 1253 quentiam
360 1208 548 1252 pertinere,
587 1220 672 1251 quae
694 1209 839 1242 Nicaeae
870 1222 940 1243 non
962 1211 1154 1254 castigatior
1176 1211 1238 1251 sit,
1277 1223 1377 1253 quam
1399 1211 1531 1251 Rhodi3
1571 1223 1776 1255 quamquam
1798 1213 1972 1256 sequentia
1994 1215 2036 1246 de

160 1264 337 1307 dignitate
358 1262 517 1295 uidentur
545 1262 585 1294 ad
607 1262 697 1294 uitae
719 1263 888 1296 rationem
913 1264 1097 1308 pertinere.
1131 1264 1359 1296 ERNESTIUS.
1402 1264 1558 1296 Minume
1587 1276 1683 1298 uero.
1726 1266 1832 1298 Recte
1853 1266 2035 1307 Ferratius,

156 1317 252 1348 cuius
274 1315 379 1347 uerba
399 1326 503 1358 supra
522 1326 558 1359 p.
580 1326 655 1357 2⁰7·
678 1316 880 1358 adtulimus,
918 1318 1138 1349 Laterensem
1166 1317 1203 1349 in
1225 1317 1390 1360 Bithynia
1410 1317 1462 1348 rei
1483 1317 1624 1350 militari
1647 1330 1785 1362 operam
1809 1320 1939 1351 dedisse
1960 1331 2038 1351 mo-

158 1368 244 1401 nuit.
289 1368 408 1411 Itaque
435 1379 515 1400 cum
536 1378 572 1400 se
593 1368 631 1400 in
653 1369 819 1413 Bithynia
844 1369 948 1402 fuisse
969 1369 1162 1402 Laterensis
1189 1369 1408 1412 gloriaretur,
1446 1371 1646 1404 Ciceronem
1675 1379 1786 1405 autem
1809 1373 1923 1405 Rhodi
1952 1384 2036 1405 con-

158 1427 331 1454 moratum
354 1432 425 1453 esse
447 1421 583 1461 diceret,
612 1421 678 1453 hoc
698 1422 923 1465 significabat,
947 1434 982 1455 se
1004 1429 1044 1454 ut
1063 1422 1115 1454 rei
1136 1422 1293 1465 publicae
1313 1423 1455 1456 seruiret
1475 1425 1668 1467 peregrinas
1692 1431 1796 1458 terras
1819 1426 1944 1467 adisse,
1976 1425 2037 1458 Ci-

161 1485 321 1506 ceronem
341 1479 467 1513 autem,
487 1479 527 1505 ut
539 1473 697 1506 inutilem
718 1481 826 1507 artem
847 1476 998 1519 adeoque
1019 1475 1245 1519 perniciosam
1268 1476 1419 1516 disceret,
1442 1488 1585 1519 peregre
1608 1489 1679 1510 esse
1700 1479 1903 1522 profectum.
1949 1479 2036 1511 Eam

161 1526 364 1559 sententiam
386 1532 500 1557 autem
523 1526 683 1569 quoniam
704 1527 752 1559 sic
774 1529 1010 1561 enuntiauerat
1031 1529 1241 1569 Laterensis,
1264 1535 1304 1561 ut
1324 1529 1437 1562 locum
1458 1530 1587 1573 ipsum,
1611 1531 1647 1562 in
1670 1543 1736 1574 quo
1759 1532 1879 1565 fuisset
1903 1532 2036 1573 Cicero,

161 1578 409 1622 reprehendere
432 1579 522 1611 uelle
546 1579 738 1621 uideretur,
779 1581 827 1613 ita
848 1583 1028 1626 respondet
1050 1582 1185 1622 Cicero,
1224 1587 1281 1622 ut,
1325 1593 1402 1614 cum
1425 1589 1568 1625 uterque
1594 1583 1688 1616 locus
1710 1584 1747 1616 in
1770 1584 1854 1617 Asia
1876 1585 1958 1617 situs
1980 1585 2035 1625 sit,

160 1631 402 1666 Nicaeensium
423 1644 535 1665 mores
558 1639 656 1675 neget
677 1634 864 1668 seueriores
886 1648 984 1680 posse
1009 1635 1074 1667 dici
1099 1647 1201 1678 quam
1222 1635 1452 1676 Rhodiorum,
1474 1636 1663 1679 significans
1685 1637 1806 1678 simul,
1837 1639 1902 1671 sibi
1923 1639 1952 1671 si
1977 1650 2036 1671 co-

162 1695 310 1728 gnomen
331 1684 488 1718 Asiatici
510 1697 587 1717 cum
608 1687 874 1730 reprehensione
896 1689 1038 1731 quadam
1059 1689 1244 1729 tribuatur,
1274 1689 1365 1720 idem
1388 1690 1566 1722 Laterensi
1588 1691 1805 1723 tribuendum
1828 1703 1909 1724 esse.

246 1738 287 1771 Si
309 1739 497 1782 spectanda
519 1741 693 1782 caussast)
738 1742 774 1773 Si
796 1742 839 1783 id,
866 1742 955 1785 quod
978 1742 1118 1785 egimus,
1145 1742 1202 1773 uel
1225 1741 1318 1774 cuius
1341 1742 1391 1775 rei
1413 1755 1525 1776 caussa
1548 1744 1692 1788 profecti
1713 1756 1828 1776 sumus
1852 1756 1912 1787 ego
1935 1745 2036 1777 Rho-

160 1792 258 1831 dum,
280 1797 318 1822 tu
339 1790 377 1822 in
399 1791 615 1834 Bithyniam,
638 1795 901 1836 spectandumst.

245 1844 327 1888 Ego
349 1845 469 1877 Rhodi
489 1857 557 1878 non
579 1847 725 1890 minore)
769 1848 995 1891 Eloquentiae
1022 1848 1174 1882 studium
1205 1860 1275 1881 non
1296 1848 1409 1882 minus
1439 1862 1540 1894 quam
1562 1852 1613 1884 rei
1640 1852 1794 1885 militaris
1819 1850 2035 1883 exercitatio-

158 1908 239 1930 nem
263 1897 338 1928 ciue
361 1897 519 1929 Romano
546 1898 683 1941 dignam
706 1912 776 1934 esse
798 1901 972 1944 significat.

243 1949 342 1984 Nam
364 1951 456 1994 quod
479 1951 517 1983 in
538 1963 575 1984 eo
597 1964 650 1984 me
672 1955 936 1998 reprehendisti,
962 1956 1053 1999 quod
1072 1955 1220 1989 nimium
1241 1957 1368 1990 multos
1391 1957 1620 2002 defenderem,
1645 1961 1781 1993 utinam
1803 1963 1837 1990 et
1861 1962 1900 1990 tic
1920 1974 1962 1981 —
1984 1957 2034 1989 le-

161 2004 261 2046 uare)
304 2003 417 2036 Mira
450 2015 539 2035 cum
566 2008 839 2041 uerecundia
866 2015 905 2040 et
931 2008 1234 2041 moderatione
1267 2017 1307 2042 et
1340 2018 1584 2045 ceterorum
1618 2012 1792 2056 ingenia
1820 2009 2034 2053 depressit

161 2065 202 2090 et
222 2068 340 2089 suam
360 2057 404 2088 in
426 2057 608 2089 dicendo
630 2062 951 2100 praestantiam
973 2062 1170 2094 omnibus
1196 2064 1460 2107 anteposuit,
1493 2066 1660 2108 quando
1683 2064 1913 2108 grauiores
1936 2074 2034 2093 cau-

159 2123 225 2145 sas
246 2109 318 2142 illi
344 2109 690 2152 declinauerint,
721 2124 804 2146 non
826 2114 1105 2147 sufficientes
1128 2115 1365 2158 implendae
1387 2117 1656 2158 defensioni,
1688 2119 1782 2161 ipse
1803 2127 1908 2148 uero
1932 2126 2033 2146 con-

159 2162 457 2198 fidentissime
492 2165 756 2207 susceperit5
799 2179 879 2210 quo
914 2173 1068 2210 agente
1102 2179 1202 2200 reus
1236 2169 1448 2202 innocens
1484 2171 1775 2203 indubitatam
1808 2168 1891 2201 sibi
1920 2178 2033 2211 spem

157 2215 378 2250 uictoriae
398 2215 706 2257 polliceretur.
737 2220 900 2252 SCHOLIA
925 2220 1185 2253 AMBROSIANA.
1227 2222 1310 2254 Bau.
1334 2229 1368 2254 et
1390 2235 1477 2255 unus
1502 2224 1617 2256 Oxon.
1641 2223 1870 2267 defenderem.
1892 2222 1928 2253 Si
1952 2220 2033 2263 quid

159 2268 358 2302 mutandum
376 2274 479 2309 esset,
519 2268 610 2311 quod
632 2281 702 2303 non
725 2278 794 2312 est,
834 2272 981 2315 placeret
1002 2272 1199 2316 defendam.
1223 2275 1484 2308 GARATONIUS.
1529 2277 1638 2309 Immo
1663 2277 1760 2308 unice
1780 2286 1862 2306 uera
1887 2274 2034 2316 scriptu-

161 2327 251 2362 rast,
288 2333 390 2364 quam
410 2323 492 2355 Bau.
515 2333 661 2364 cumque
684 2335 723 2356 eo
747 2324 812 2357 duo
836 2325 970 2368 optumi
991 2326 1073 2358 libri
1094 2326 1199 2358 Amb.
1223 2333 1258 2359 et
1278 2327 1354 2359 Erf.
1383 2329 1509 2372 aliique
1531 2329 1705 2372 praebent.
1749 2330 1839 2361 Nam
1871 2327 2033 2372 defende-

160 2375 229 2408 rim
249 2373 277 2405 si
294 2374 471 2415 scribitur,
492 2375 687 2408 Laterensis
708 2378 969 2421 reprehendisse
991 2379 1247 2412 existumandus
1270 2387 1320 2413 est
1347 2382 1556 2420 Ciceronem,
1582 2382 1673 2425 quod
1692 2393 1800 2423 usque
1822 2381 1865 2413 ad
1886 2381 1921 2412 id
1945 2387 2033 2412 tem-

157 2439 234 2470 pus,
260 2437 327 2468 quo
349 2427 464 2461 Planci
485 2439 636 2462 caussam
656 2431 814 2475 suscepit,
837 2431 983 2463 nimium
1005 2433 1132 2465 multos
1155 2432 1355 2465 defenderit.
1401 2435 1480 2477 Quo
1503 2434 1589 2467 sacto
1613 2434 1805 2466 excluditur
1826 2435 1867 2466 ab
1889 2434 1952 2466 ista
1975 2444 2032 2464 re-

1577 2493 1614 2521 39
