2185 2720
124 152 178 181 120
784 148 1361 180 COMMENTARIUS.-

123 222 270 264 gatiuam
293 221 474 253 contineat.
519 222 626 265 quue
644 234 723 254 saue
748 231 912 257 uerumst.
961 225 1113 256 Minume
1135 230 1248 255 tamen
1272 235 1356 266 opus
1379 229 1439 262 est,
1461 229 1501 254 ut
1516 223 1701 255 enuntiatio
1719 225 1874 267 opposita
1896 224 2005 268 ipsam

123 287 190 306 non
214 274 415 316 particulam
438 274 588 306 additam
611 276 741 316 habeat,
765 277 867 308 modo
890 276 1030 308 notione
1053 276 1207 318 negatiua
1231 275 1318 306 dicta
1341 276 1394 307 sit.
1439 275 1495 306 Sic
1519 275 1581 306 hac
1602 275 1675 318 ipsa
1697 289 1746 308 or.
1771 278 1809 309 C.
1831 279 2004 310 XXXIII.

126 327 155 367 §.
186 327 238 358 80.
274 327 417 358 dictum:
450 328 548 368 Quid
575 333 625 359 est
652 329 784 371 pietas,
813 330 883 361 nisi
913 330 1076 362 uoluntas
1105 333 1213 371 grata
1236 329 1273 360 in
1305 330 1491 371 parentes?
1537 329 1616 370 Quo
1645 328 1806 370 pietatem
1825 331 1912 362 nihil
1935 342 2006 362 esse

124 378 223 417 aliut,
257 379 321 409 nisi
349 384 477 419 gratam
505 379 540 409 in
562 387 718 422 parentes
747 382 960 413 uoluntatem
989 379 1163 421 siguificat.
1208 379 1311 411 Adde
1343 381 1436 411 Suet.
1464 381 1555 423 Aug.
1580 382 1609 412 6.
1636 381 1720 413 Huc
1742 383 1904 421 introire,
1936 383 2007 415 nisi

124 431 315 463 necessario
338 436 371 462 et
393 437 502 469 caste,
532 432 658 473 religio
680 438 741 465 est.
784 433 902 464 Eiustl.
926 435 1009 466 Ner.
1034 432 1085 463 55.
1111 431 1272 475 Denique
1293 432 1432 464 bustum
1453 434 1528 465 eius
1550 432 1744 477 consaepiri
1751 459 1761 472 ‚
1791 435 1861 465 nisi
1883 434 2008 466 humili

125 482 261 525 leuique
290 484 438 515 materia
467 484 631 526 neglexit.
675 483 778 516 Plane
809 497 892 517 uero
919 484 1069 516 eiusdem
1099 484 1231 525 generis
1260 490 1361 526 atque
1384 485 1439 516 hic
1462 491 1577 516 noster
1600 486 1692 517 locus
1715 485 1774 517 ille
1805 492 1871 524 est,
1906 496 2008 527 quem

126 534 331 565 Garatonius
356 546 398 565 ex
422 535 510 566 libro
537 535 578 565 de
601 547 652 566 or.
677 537 825 568 secundo
857 549 883 569 c.
908 550 938 580 9.
970 538 999 578 ξ.
1024 538 1074 568 56.
1098 537 1240 568 adtulit:
1276 543 1340 569 aut
1361 538 1392 569 si
1414 539 1475 570 uia
1497 538 1573 570 ulla
1594 538 1664 569 nisi
1688 538 1730 570 ab
1753 540 1818 571 hac
1840 550 1912 570 una
1933 542 2010 570 arte

126 587 284 618 traditur
302 592 365 618 aut
383 594 670 629 argumentorum
692 595 754 621 aut
777 591 1037 622 sententiarum.
1081 589 1120 620 In
1143 595 1290 630 utroque
1312 589 1387 620 loco
1415 590 1596 628 sententia,
1627 601 1728 631 quam
1752 590 1788 621 in
1810 595 1925 621 mente
1945 589 2010 621 ha-

125 639 183 670 bet
205 638 368 681 scriptor,
392 639 589 680 negatiuast,
614 646 653 671 ut
674 647 790 672 nostro
814 642 848 672 in
872 643 946 674 loco
969 640 1152 683 significet:
1181 654 1248 674 non
1271 648 1322 674 est
1343 648 1460 674 autem
1481 654 1601 674 aecum
1622 642 1697 674 ulla
1721 643 1756 673 in
1780 654 1826 680 re,
1850 641 1921 673 nisi
1935 646 2009 679 etc„

125 690 163 722 in
184 690 264 721 illo:
301 703 367 723 non
391 693 546 724 traditur
568 693 643 724 ulla
671 693 750 731 uia,
782 695 852 726 nisi
873 695 914 726 ab
937 696 1001 727 Ῐιαο
1023 707 1094 727 una
1115 701 1204 727 arte.
1247 696 1365 736 Itaque
1388 701 1520 725 tantum
1547 694 1658 734 abest,
1691 700 1730 725 ut
1751 694 1850 726 nulla
1873 693 2011 724 iubente

126 742 310 780 latinitate,
347 755 431 784 quae
454 744 590 775 Ernesti
620 744 788 787 opiniost,
820 747 1068 778 restituendum
1090 746 1153 785 sit,
1186 753 1225 778 ut
1246 758 1266 777 a
1288 746 1454 778 sententia
1475 746 1542 777 loci
1563 757 1702 788 prorsus
1724 746 1916 777 abhorreat.
1959 745 2012 776 Ita

127 795 219 826 euim
241 794 445 837 significaret
466 803 597 835 orator,
624 807 694 827 esse
717 808 799 828 uero
821 798 905 830 istut
925 799 1030 830 iudici
1052 810 1156 840 genus
1179 799 1244 829 alia
1267 799 1368 830 etiam
1392 799 1427 829 in
1445 810 1483 829 re
1506 809 1634 829 aecum.
1656 816 1699 822 —
1741 799 1919 829 Praeterea
1939 807 2009 828 non

128 847 283 879 dubitaui
316 858 359 878 ex
387 847 541 878 codicum
570 849 597 879 B
621 855 654 879 et
676 849 705 880 E
735 851 934 882 auctoritate
962 852 999 883 in
1028 850 1316 893 praepositionem
1345 851 1486 889 addere,
1525 861 1626 892 quam
1656 850 1816 881 Tulliana
1846 847 2011 891 loquendi

129 899 336 931 consuetudo
366 899 445 930 addi
476 901 637 942 postulat.
683 901 754 932 Cfr.
786 902 896 934 Praef.
925 903 966 934 ad
995 904 1096 936 Uarr.
1120 905 1230 935 Lectt.
1258 915 1301 934 ex
1331 903 1405 934 cod.
1428 902 1503 934 Erf.
1533 908 1623 933 enot.
1653 913 1688 944 p.
1718 903 1827 934 XVII
1853 913 1944 944 sqq„
1977 907 2012 933 et

127 951 208 983 uide
238 951 400 984 Academ.
426 952 455 991 I,
484 953 521 991 5,
553 964 600 994 19.
631 965 738 996 neque
760 955 835 987 ulla
856 956 929 988 alia
951 957 988 987 in
1012 968 1048 987 re
1073 956 1143 987 nisi
1167 956 1208 987 in
1232 962 1361 987 natura
1386 955 1619 999 quaerendum
1644 967 1715 986 esse
1737 955 1819 986 illut
1840 965 2015 987 summum

128 1004 264 1036 bonum.
296 1003 338 1034 de
360 1004 435 1036 Fin.
457 1005 495 1035 B.
522 1010 556 1035 et
577 1005 626 1036 M.
650 1006 701 1044 II,
724 1006 782 1045 54,
808 1019 877 1039 111.
901 1009 932 1039 si
954 1020 994 1040 ea
1015 1009 1151 1040 nullam
1173 1008 1221 1039 acl
1241 1008 1351 1039 aliam
1371 1020 1443 1040 rem
1464 1008 1535 1039 nisi
1556 1008 1611 1039 ad
1631 1007 1848 1050 uoluptatem
1869 1007 2012 1050 conqui-

129 1062 267 1089 runtur.
311 1056 398 1087 Ibid.
422 1057 490 1096 IV,
519 1069 573 1098 17,
596 1057 648 1098 47.
678 1059 739 1101 qui
761 1061 860 1092 nulla
882 1061 918 1092 in
942 1072 978 1092 re
1000 1061 1070 1092 nisi
1093 1061 1136 1092 in
1159 1061 1302 1092 uirtute.
1334 1059 1371 1090 in
1393 1061 1505 1091 Pison.
1530 1060 1620 1098 XX,
1644 1059 1696 1091 43.
1723 1060 1816 1103 quod
1835 1061 1883 1091 ad
1902 1060 2011 1092 nemi-

128 1122 206 1143 nem
227 1110 298 1141 nisi
319 1109 375 1140 ad
396 1109 511 1152 ipsum
533 1115 565 1141 te
585 1111 786 1153 pertineret.
828 1112 987 1153 Denique
1010 1112 1127 1144 confer
1150 1113 1250 1144 etiam
1274 1113 1406 1154 Proleg.
1430 1113 1472 1143 L.
1496 1112 1539 1142 ΙΙ.
1564 1112 1602 1143 C.
1626 1112 1651 1142 Ι.
1677 1113 1706 1153 §.
1731 1112 1781 1144 8..

213 1162 257 1194 In
279 1163 344 1193 Ιιαε
367 1161 554 1205 tribuaria)
597 1163 686 1194 Rem
708 1163 908 1195 tribuariam
935 1164 1032 1205 dicit,
1057 1176 1141 1207 quae
1164 1165 1314 1207 pertinet
1335 1164 1378 1196 ad
1399 1163 1519 1204 tribus,
1547 1175 1631 1205 quae
1653 1170 1839 1206 tanguntur
1860 1164 1897 1196 in
1918 1164 2012 1196 iudi-

129 1213 181 1245 cio
206 1214 247 1245 de
269 1213 453 1251 sodaliciis,
478 1220 641 1256 quatenus
665 1227 683 1246 a
707 1227 767 1247 reo
791 1224 970 1260 corruptae
993 1217 1258 1249 contenduntur.

215 1267 271 1299 De
294 1267 367 1310 ipso
394 1268 539 1310 denique
560 1267 705 1308 ambitu)
751 1268 838 1299 Cum
862 1270 977 1312 plures
1000 1282 1069 1301 uno
1093 1269 1136 1300 de
1158 1269 1301 1300 crimine
1322 1269 1413 1311 leges
1436 1275 1565 1308 essent,
1600 1279 1715 1300 earum
1739 1269 1934 1301 nominibus
1955 1280 2014 1301 ac-

129 1320 335 1352 cussationes
365 1318 500 1350 fiebant.
543 1320 661 1360 Itaque
692 1319 854 1362 singulari
883 1322 957 1364 lege
987 1322 1029 1353 de
1058 1321 1225 1353 sodaliciis
1248 1321 1382 1352 Licinia
1403 1321 1558 1352 Plancius
1591 1322 1838 1361 accussabaiur,
1869 1329 1920 1354 set
1947 1322 2014 1354 alia

132 1379 204 1405 erat
236 1372 340 1403 iudici
369 1370 499 1411 forma,
540 1372 569 1403 si
601 1372 674 1414 quis
706 1372 812 1415 ipsius
845 1374 990 1406 ambitus
1027 1374 1166 1405 nomine
1203 1373 1444 1415 postularetur.
1501 1373 1687 1416 Propterea
1716 1373 1819 1414 dixit,
1861 1375 1903 1407 de
1937 1375 2013 1418 ipso

131 1425 276 1463 ambitu,
297 1424 333 1456 h.
349 1435 378 1455 e.
402 1435 479 1455 cum
496 1424 696 1455 nominatim
720 1424 761 1455 de
783 1425 913 1458 ambitu
934 1427 1114 1458 iudicatur.
1137 1427 1213 1458 Hoc
1227 1425 1413 1457 Lambinus
1436 1425 1634 1468 intellegens
1656 1426 1791 1468 plenius
1814 1437 2014 1468 expressum

131 1477 266 1516 uoluit,
312 1477 349 1508 in
379 1477 452 1519 ipso
486 1477 630 1520 deniqne
660 1478 790 1509 iudicio
826 1481 867 1512 de
894 1480 1037 1512 ambitu.
1103 1479 1210 1510 Recta
1247 1477 1497 1520 explanatiost3
1541 1488 1652 1519 neque
1684 1484 1798 1510 tamen
1827 1479 1882 1516 ,sic
1917 1477 2014 1520 loqui

133 1536 252 1561 contra
280 1529 386 1560 libros
414 1528 523 1560 omnis
553 1528 721 1571 cogendus
752 1537 877 1562 orator.
922 1532 983 1563 Est
1012 1531 1103 1562 enim
1130 1529 1337 1574 βραχυλογία
1368 1540 1474 1571 eaque
1503 1540 1573 1560 non
1602 1530 1764 1569 obscura,
1810 1542 1887 1562 cum
1913 1529 2015 1563 facile

132 1582 204 1621 rei,
240 1581 282 1612 de
311 1593 378 1623 qua
412 1581 578 1624 disputat,
620 1593 746 1613 nomen
776 1583 882 1615 cuiuis
917 1589 1089 1624 occurrat,
1135 1582 1227 1625 quod
1255 1582 1418 1613 omissum
1447 1582 1641 1624 intellegat,
1676 1583 1842 1614 nimirum
1872 1584 2015 1617 iudiciis

133 1645 172 1666 ac
193 1634 338 1676 legibus.
383 1634 644 1666 GAnAToxms.

219 1686 276 1718 De
305 1687 379 1729 ipso
410 1687 555 1730 denique
583 1687 715 1719 ambitu
746 1688 962 1721 reiectionem
982 1686 1074 1731 fieri
1105 1688 1257 1720 uoluerit
1288 1688 1444 1720 iudicum
1470 1687 1698 1729 alternorum)
1742 1687 1903 1730 Explicat
1931 1688 2014 1719 haee

134 1739 240 1771 uerba
261 1738 375 1780 aliqua
396 1739 528 1770 ratione
549 1739 716 1781 interpres
730 1739 987 1779 Ambrosianus,
1010 1751 1113 1782 supra
1127 1740 1266 1780 adlatus,
1289 1751 1450 1771 monens:
1481 1763 1504 1778 „
1514 1740 1714 1783 differentia
1737 1741 1850 1782 igitur
1871 1753 2016 1773 accusa-

137 1794 222 1824 toris
245 1791 436 1823 ostenditur
459 1792 534 1823 ideo
557 1792 756 1823 incandentis
779 1793 815 1823 in
840 1793 950 1836 legem
972 1793 1168 1831 Liciniam,
1197 1794 1288 1836 quod
1308 1792 1458 1824 ambitus
1474 1792 1621 1835 probari
1643 1804 1709 1823 non
1728 1793 1858 1835 possit,
1885 1793 1927 1824 de
1949 1802 2015 1836 quo

138 1846 269 1879 iudices
299 1856 338 1875 ex
364 1844 546 1875 reiectione
574 1844 693 1876 haberi
723 1845 874 1884 soleant,
908 1845 1086 1889 aequalem
1112 1846 1244 1876 scilicet
1265 1856 1446 1877 numerum
1469 1844 1688 1875 reicientibus
1721 1850 1793 1876 tam
1817 1851 2016 1877 accusatore

139 1909 243 1942 quam
266 1898 363 1928 re0.“
406 1896 474 1927 Ista
495 1902 607 1927 autem
631 1896 783 1927 iudicum
805 1897 1014 1928 alternorum
1037 1897 1174 1928 reiectio
1198 1909 1240 1928 ex
1264 1898 1337 1939 lege
1359 1896 1497 1929 Uatinia
1526 1896 1640 1934 fiebat,
1676 1896 1717 1926 de
1743 1908 1808 1938 qua
1831 1897 1950 1928 Cicero
1978 1897 2016 1929 in

138 1951 218 1983 Uat.
243 1948 281 1980 C.
304 1948 368 1979 XI.
394 1949 424 1989 ς.
446 1959 515 1990 27.:
553 1949 604 1980 Et
627 1949 789 1991 quoniam
812 1949 926 1980 crebro
955 1962 1121 1993 usurpas,
1156 1950 1267 1992 legem
1290 1956 1322 1981 te
1344 1949 1385 1981 de
1407 1949 1552 1980 alternis
1575 1950 1729 1981 consiliis
1752 1950 1935 1982 reiciendis
1959 1956 2017 1982 tu·

139 2003 232 2036 iisse.
272 2001 331 2034 Ad
355 2012 455 2042 quem
478 2001 606 2040 locum,
641 2000 677 2030 id
700 2006 749 2031 est
771 1999 813 2030 ad
835 2001 958 2033 uerba:
994 2003 1204 2044 spoliaretur
1227 2001 1390 2044 beneficio
1416 2007 1450 2033 et
1471 2002 1646 2044 aequitate
1672 2001 1760 2043 legis
1783 2007 1872 2034 tuae.
1907 2002 2018 2034 inter-

138 2066 218 2099 pres
231 2053 479 2086 Ambrosianus
502 2054 584 2084 haee
606 2051 799 2084 adnotauit:
821 2053 932 2096 legem
954 2054 1091 2097 quidem
1113 2055 1201 2086 hanc
1221 2066 1289 2086 non
1312 2053 1569 2096 improbabilem
1590 2052 1775 2085 uidebatur
1789 2054 1832 2085 P.
1852 2054 2017 2086 Uatinius

141 2107 178 2138 in
202 2105 383 2137 tribunatu
407 2118 468 2137 suo
485 2117 711 2149 perrogasse,
741 2110 781 2137 ut
804 2107 1018 2138 alternorum
1040 2107 1195 2138 iudicum
1218 2107 1356 2139 reiectio
1370 2105 1491 2149 fieret.
1533 2104 1622 2137 Uide
1644 2104 1693 2136 ibi
1714 2105 1805 2147 Ang.
1829 2105 1960 2138 Maium
1981 2111 2016 2139 et

140 2157 340 2190 Ernestium
362 2157 397 2188 in
418 2158 515 2189 Claui
539 2158 608 2189 Cic.
631 2170 657 2189 s.
680 2168 764 2188 uoce
785 2157 867 2199 legis
889 2157 1057 2190 Uatiniae.

227 2211 258 2251 ς.
280 2210 332 2251 57.
376 2210 535 2242 Huiusce
565 2211 616 2243 rei
647 2211 785 2242 tandem
807 2210 950 2242 obscura
978 2208 1148 2252 caussast)
1194 2209 1264 2241 Cur
1288 2208 1447 2241 acerbum
1469 2209 1547 2240 illut
1574 2208 1678 2240 iudici
1699 2221 1804 2252 genus
1825 2214 1956 2241 senatus
1978 2208 2015 2240 in

141 2261 381 2295 sodaliciorum
404 2273 517 2294 caussa
539 2262 691 2294 exerceri
712 2262 877 2302 uoluerit,
901 2273 1011 2304 neque
1033 2262 1068 2292 in
1090 2267 1214 2292 ceteras
1237 2272 1365 2292 caussas
1388 2262 1611 2293 transtulerit.

230 2314 315 2346 Cum
338 2315 407 2347 ista
429 2316 466 2347 in
490 2321 612 2347 senatu
638 2327 692 2346 res
713 2315 897 2358 agebatur)
928 2315 1015 2346 Cum
1038 2314 1100 2345 Cn.
1123 2313 1286 2355 Pompeio
1309 2314 1353 2345 ΙΙ.
1374 2314 1424 2345 Μ.
1447 2314 1582 2345 Licinio
1607 2314 1725 2346 Crasso
1747 2313 1790 2344 Π.
1815 2324 1897 2344 coss.
1918 2324 2018 2344 sena·

142 2375 198 2401 tus
228 2366 420 2398 consultum
449 2373 500 2399 est
527 2366 670 2406 sactum,
705 2373 742 2397 ut
771 2367 995 2398 seuerissuma
1025 2367 1086 2397 ista
1117 2366 1175 2396 lex
1205 2366 1246 2396 de
1275 2366 1443 2398 sodaliciis
1471 2365 1636 2407 ferretur,
1670 2377 1771 2408 quam
1791 2364 1841 2398 M.
1863 2364 2016 2398 Licinius

145 2422 284 2454 Crassus
306 2418 459 2462 pertulit.
502 2419 592 2453 Uide
612 2419 746 2463 Proleg.
767 2420 810 2452 L.
833 2420 893 2452 111,
918 2420 956 2452 C.
980 2419 1040 2451 III.
1063 2419 1094 2462 §.
1117 2429 1147 2452 2.
1170 2430 1204 2462 p.
1227 2419 1399 2454 LXXV..
