2185 2720
117 155 169 182 134
763 145 1338 178 COMMENTARIUS.

117 228 183 261 est,
215 221 243 253 si
274 223 356 264 quid
386 222 585 262 addidisset,
619 234 677 255 reo
704 223 763 254 uel
789 224 957 263 Plancio,
989 234 1091 265 quam
1117 222 1199 256 lzuic
1228 221 1332 255 fuisse
1359 222 1582 256 adiecturum.
1628 225 1700 259 cfr.
1730 226 1832 259 etiam
1861 226 1994 270 Proleg.

114 276 156 306 L.
181 275 223 306 ΙΙ.
249 277 286 308 C.
310 278 336 308 Ι.
362 277 391 318 §.
416 276 466 307 8..

201 329 236 361 C.
257 329 409 373 Alfium)
453 329 515 360 Est
538 328 676 361 omnino
704 330 742 361 C.
766 329 877 363 Alfius
899 329 1043 368 Flauus,
1065 334 1104 360 ut
1127 328 1200 359 dixi
1222 328 1289 360 iam
1310 329 1446 372 pridem
1471 331 1512 362 ad
1536 342 1563 362 c.
1586 330 1658 370 42.‚
1684 330 1800 373 ibique
1821 344 1911 364 nunc
1933 330 1997 363 ali-

116 380 197 422 quid
221 393 296 412 sum
319 382 507 412 additurus.
541 382 802 414 GARATONIUS.
847 381 1013 414 Garatoni
1035 381 1264 413 dissertationi
1286 382 1328 414 de
1352 383 1391 415 C.
1412 383 1507 416 Alfio
1530 384 1566 415 in
1588 384 1720 427 Proleg.
1744 385 1786 417 L.
1809 386 1869 417 111.
1894 386 1933 417 C.
1953 385 1998 416 II·

115 444 148 475 p.
172 434 277 465 LXX
300 445 372 476 sqq.
399 434 513 465 locum
536 434 702 468 dedimus.

199 487 308 526 Quem
331 487 450 526 babet,
483 488 540 519 cai
562 489 773 520 notissumus
796 499 867 519 esse
895 487 1009 529 debet,
1042 487 1217 526 uicinum,
1254 487 1429 531 tribulem)
1474 489 1612 521 Rectius
1636 489 1725 522 foret
1749 490 1887 528 debeat,
1921 487 1999 530 quia

118 538 289 580 praecedit
311 540 422 573 habet.
448 541 673 572 ERNESTIUS.
719 539 816 572 Nihil
845 551 984 581 prorsus
1006 540 1220 571 mutandum.
1265 541 1389 572 Sensus
1413 547 1482 573 est:
1516 553 1616 584 quem
1641 544 1800 585 quoniam
1823 542 1925 574 habet
1946 539 2002 570 ui-

119 591 249 629 cinum,
273 593 451 633 tribulem,
475 592 681 624 notissumus
705 592 736 623 ei
758 603 828 623 esse
850 592 960 624 debet.
1006 592 1105 625 Unde
1123 593 1379 625 alienissumum
1404 593 1478 625 sore
1499 596 1641 626 modum
1664 596 1917 627 coniunctiuom
1940 603 2002 635 pa?

118 647 177 673 tet.
222 645 302 675 Non
331 646 443 678 minus
475 646 584 677 miror
612 644 803 681 Omnium,
839 645 897 686 qui
926 645 1120 676 Manutium
1150 653 1281 677 secutus
1311 646 1352 677 ad
1377 647 1409 677 h.
1440 647 1552 678 locum
1582 649 1777 681 adnotauit:
1820 646 2002 690 „Alfilfflb

118 707 216 738 quem
239 698 340 729 habet
365 699 436 730 scil.
459 699 701 740 quaesitorem,
738 698 795 729 cui
817 697 1028 729 notissimum
1050 710 1121 730 esse
1143 699 1257 738 clebet;
1291 700 1465 739 uic-immi,
1503 702 1664 734 tribulem
1693 714 1762 734 non
1783 700 1935 744 pendent
1957 707 2002 729 ex

115 748 221 779 uerbo
245 750 364 789 habet,
397 757 448 782 set
470 756 549 782 sunt
571 750 720 792 epitheta
740 749 782 781 ad
804 761 879 780 uoc.
900 749 1038 792 Alsium
1063 749 1285 782 reserenda.“
1329 752 1425 793 Quae
1449 753 1685 796 interpretatio
1709 766 1791 786 uera
1813 764 1883 784 esse
1904 750 2001 782 nullo

113 807 212 842 pacto
233 809 346 843 potest
367 814 444 834 cum
467 803 541 834 aliis
565 802 606 833 de
631 802 763 839 caussis,
788 808 861 833 tum
884 814 1046 833 maxume
1067 810 1210 846 propter
1232 805 1345 843 uerba,
1370 807 1428 838 cni
1449 808 1661 840 notissumus
1684 820 1754 840 esse
1776 806 1892 844 debet3
1916 813 2001 846 quae

114 852 160 890 si,
185 853 219 884 id
244 855 334 896 quod
359 856 431 887 uolt
447 855 611 893 ofellius,
634 855 676 886 ad
700 855 862 886 omissum
885 866 1009 886 nomen
1035 857 1242 898 quaesitoris
1266 856 1473 898 referuntur,
1496 860 1646 902 ineptam
1667 859 1843 890 continent
1864 863 2002 889 senten-

115 905 208 936 tiam.
252 908 332 938 Non
357 908 446 939 enim
473 908 510 939 C.
534 908 644 946 Alfio,
682 907 772 950 quod
798 908 968 949 quaesitor
990 908 1050 947 sit,
1083 909 1311 940 notissumum
1334 911 1507 943 Plancium
1537 912 1660 943 debere
1688 923 1759 943 esse
1789 910 1856 942 dici
1877 913 2001 952 potest,

115 963 166 988 set
189 959 279 999 quod
303 960 434 991 uicinus
457 960 501 991 sit
524 966 557 991 et
580 960 725 991 tribulis.
770 961 888 1001 Itaque
912 960 1031 999 uerba,
1065 962 1124 993 cui
1145 963 1357 1003 notissumus
1387 976 1458 996 esse
1481 965 1595 1003 debet,
1628 963 1815 995 necessario
1845 973 1922 993 cum
1947 960 2001 1000 iis,

114 1010 204 1041 inter
227 1023 312 1052 quae
332 1019 411 1044 sunt
433 1013 626 1046 interiecta.
651 1025 750 1056 quem
771 1012 872 1044 habet
894 1013 1062 1050 uicinum,
1085 1015 1264 1053 tribulem,
1287 1016 1483 1047 arctissume
1505 1023 1584 1048 sunt
1608 1015 1853 1058 coniungenda.

199 1064 305 1097 Cuius
330 1066 468 1109 quidem
493 1066 672 1109 aequitas,
711 1071 744 1098 et
767 1078 807 1097 ea
829 1066 992 1098 uoluntas
1022 1078 1108 1110 erga
1137 1068 1197 1099 Cn.
1228 1069 1356 1100 Planci
1385 1069 1546 1112 salutem)
1591 1071 1684 1101 Ante
1712 1066 1939 1100 Garatonium
1968 1070 2002 1096 et

116 1116 287 1149 Orellium
310 1119 346 1149 in
370 1118 526 1148 omnibus
550 1118 621 1149 fere
644 1119 849 1150 editionibus
872 1131 936 1162 pro
960 1125 992 1152 et
1015 1132 1055 1151 ea
1078 1121 1242 1152 uoluntas
1264 1120 1483 1159 scribebatur,
1509 1128 1543 1153 et
1563 1134 1657 1154 meae
1679 1122 1804 1153 similis
1826 1119 2002 1151 uoluntas.

113 1169 167 1200 De
192 1181 256 1211 qua
280 1171 447 1214 scriptura
469 1171 603 1202 monuit
616 1172 838 1204 Garatonius:
862 1172 1000 1211 „Huius
1024 1173 1089 1203 loci
1115 1180 1212 1204 uetus
1237 1173 1434 1216 deprauatio
1456 1172 1531 1213 suit,
1557 1181 1589 1206 et
1603 1188 1679 1207 mea
1702 1175 1877 1210 uoluntas,
1901 1180 2003 1212 quam

115 1222 215 1253 eiiam
242 1224 276 1254 111
297 1225 446 1266 quinque
463 1224 560 1255 Britt.
585 1225 740 1267 [aliisque
762 1225 894 1265 multis]
919 1237 989 1256 esse
1004 1226 1118 1257 uideo.
1164 1226 1299 1258 Deinde
1321 1226 1504 1258 audaculus
1530 1228 1728 1258 emendator
1750 1225 1874 1264 extitit,
1900 1234 1919 1254 a
1935 1232 2002 1264 quo

114 1286 208 1307 meae
231 1277 356 1309 similis
379 1276 570 1320 profectum
593 1285 653 1308 est.
698 1279 728 1309 Is
754 1291 836 1310 uero
864 1289 933 1309 non
957 1278 1135 1320 cogitauit,
1164 1278 1350 1310 defensoris
1374 1290 1453 1321 erga
1474 1291 1571 1311 reum
1597 1287 1630 1311 et
1655 1278 1854 1321 quaesitoris
1876 1276 2005 1307 notun*

115 1332 219 1359 tatem
241 1330 387 1360 similem
412 1341 482 1360 esse
505 1341 572 1360 non
597 1329 761 1362 debuisse.
806 1331 936 1362 Idcirco
960 1332 1133 1372 sequitur,
1173 1345 1277 1375 qnam
1300 1332 1360 1363 ille
1382 1333 1455 1364 sine
1481 1334 1556 1364 ulla
1578 1333 1783 1376 cupiditatis
1808 1330 2003 1373 suspicione

114 1392 200 1423 prae
222 1395 256 1413 se
269 1381 359 1424 fert.
403 1383 485 1413 Erat
508 1382 611 1424 igitur
635 1382 707 1413 Erf.
732 1383 935 1426 iampridem
959 1384 1280 1425 obtemperandum,
1304 1396 1395 1415 nunc
1419 1396 1502 1416 uero
1527 1392 1560 1416 et
1578 1386 1627 1416 illi
1651 1391 1684 1416 et
1705 1386 1787 1416 Bau.
1811 1381 2002 1425 parendum

116 1439 174 1471 est,
200 1434 257 1474 qui
281 1434 468 1465 uerissume
492 1434 581 1473 dant,
606 1441 639 1467 et
661 1448 700 1467 ea
722 1437 926 1468 uoluntasf‘
972 1435 1043 1467 Cfr.
1067 1438 1103 1467 in
1128 1439 1228 1470 Uerr.
1244 1438 1269 1476 I,
1297 1448 1345 1475 12,
1370 1439 1421 1470 50.
1447 1439 1545 1471 Nam
1568 1439 1649 1470 illut
1674 1438 1761 1470 milii
1783 1445 2002 1479 nequaquam

116 1486 263 1528 dignum
293 1487 469 1518 industria
497 1495 688 1532 conatuque
716 1501 789 1520 meo
818 1489 1020 1527 uidebatur,
1057 1491 1163 1522 istum
1196 1503 1218 1522 α
1240 1502 1293 1522 me
1324 1490 1361 1521 in
1387 1492 1558 1523 iudicium
1588 1492 1658 1522 iam
1688 1491 1841 1521 omnium
1869 1488 2000 1520 iudicio

116 1539 401 1581 conclemptzatmn
429 1543 567 1580 uocari,
601 1543 671 1573 nisi
694 1542 762 1573 ista
784 1547 847 1572 tua
868 1542 1098 1574 intolerabilis
1116 1543 1277 1586 potentia
1305 1547 1345 1574 et
1368 1555 1416 1575 ea
1448 1545 1695 1587 cupiditas,
1729 1556 1797 1586 qua
1818 1555 1880 1586 per
1902 1543 2001 1574 110366

115 1603 222 1623 annos
246 1593 280 1623 in
305 1592 510 1634 quibusdam
534 1594 675 1625 iudiciis
698 1607 780 1625 usus
807 1606 860 1631 es,
884 1595 990 1626 etiam
1012 1595 1047 1625 itz
1072 1596 1175 1627 istius
1198 1597 1346 1628 bominis
1369 1597 1544 1639 desperati
1566 1609 1689 1628 caussa
1713 1597 2000 1639 interponeretur.

201 1645 284 1676 Non
301 1644 419 1687 sitisse
432 1645 626 1688 fugiendos
651 1646 789 1678 tribulis
812 1646 893 1678 huic
918 1647 1064 1689 iudices)
1109 1649 1197 1679 Cum
1227 1648 1263 1678 in
1286 1648 1459 1690 plerisque
1482 1649 1687 1679 editionibus
1712 1649 1877 1690 scriptum
1902 1653 2000 1678 exta-

114 1703 184 1735 ret,
212 1710 277 1729 non
292 1697 411 1740 fici-sse
425 1697 643 1740 fugiendum
665 1699 826 1731 tribulem
848 1700 930 1731 lmic
952 1701 1118 1739 iudicem,
1142 1700 1339 1731 rectissume
1364 1702 1569 1732 Garatonius
1593 1713 1661 1732 uno
1685 1702 1790 1732 uerbo
1816 1710 1999 1731 numerum

114 1750 283 1792 pluralem
312 1762 354 1781 ex
383 1756 604 1792 optumorum
633 1751 800 1782 librorum
829 1752 1028 1782 auctoritate
1056 1753 1305 1784 restituendum
1337 1753 1481 1784 monuit.
1526 1754 1759 1785 Nihilominus
1789 1753 1869 1783 haec
1898 1751 1939 1782 ad
1963 1752 1997 1783 11.

114 1803 227 1835 10611111
249 1802 395 1844 protulit
418 1802 587 1834 Orellius:
620 1805 780 1841 „Uerum
804 1804 886 1834 haut
909 1804 1067 1844 deerunt,
1096 1806 1216 1846 quibus
1239 1805 1350 1835 adhuc
1371 1804 1634 1847 praeferendum
1658 1807 1831 1844 uideatur,
1847 1804 2000 1848 fitgienss

115 1858 198 1890 dum
222 1855 381 1887 tribulem
403 1855 483 1886 huic
503 1855 669 1895 ιἰιᾱίι-ριης
695 1856 759 1887 11ο6
782 1857 894 1894 enim,
921 1857 1087 1898 inquient,
1112 1864 1184 1888 tum
1207 1858 1393 1888 conlectiue
1415 1858 1520 1900 accipi
1543 1865 1664 1901 potest,
1688 1865 1761 1889 tum
1785 1858 1890 1899 magis
1916 1868 2000 1888 con-

115 1909 213 1940 cinne
236 1906 418 1949 respondet
446 1918 539 1948 seqq.
563 1910 791 1950 quaesitorem
814 1909 996 1948 tribulem3
1034 1915 1107 1941 tum
1130 1910 1276 1953 denique
1301 1922 1345 1941 ex
1368 1911 1430 1942 ista
1453 1911 1526 1953 lege
1549 1911 1680 1942 Licinia
1711 1923 1780 1941 non
1804 1921 1921 1941 omnes
1943 1910 2000 1940 iu-

116 1961 204 1992 dices
229 1966 324 1991 erant
346 1959 395 1990 rei
419 1960 569 1997 tribules,
605 1968 655 1992 set
678 1973 753 1992 611111
779 1973 940 1992 maxume
962 1963 1060 1994 tertia
1083 1975 1202 1995 eorum
1226 1976 1313 2006 pars,
1338 1964 1395 1994 ubi
1418 1964 1543 1994 scilicet
1567 1975 1660 1994 suam
1684 1964 1755 2005 ipse
1778 1963 1907 1993 tribum
1928 1963 1999 1993 nori

114 2013 276 2046 reiecerat
299 2024 387 2043 reus.
429 2012 662 2046 Nihilominus
686 2015 834 2057 optumis
858 2014 954 2045 codd.
978 2015 1166 2057 parendum
1192 2017 1346 2049 censui.“
1391 2017 1513 2057 Neque
1536 2017 1640 2047 iudex
1662 2016 1733 2046 ullo
1757 2014 1859 2046 modo
1883 2015 2000 2050 conle-

115 2066 203 2097 ctiue
225 2070 337 2107 potest
358 2064 481 2106 accipi,
510 2076 619 2107 neque
643 2067 850 2098 concinnitas
871 2067 1050 2109 utriusque
1072 2069 1217 2099 membri
1241 2069 1275 2099 in
1300 2068 1435 2107 eadem,
1468 2080 1553 2110 quae
1575 2068 1638 2099 sibi
1663 2073 1899 2110 opponuntur,
1933 2078 1999 2098 no-

110 2118 247 2150 minum
268 2117 507 2148 terminatione
534 2120 741 2160 quaerenda,
766 2131 850 2161 quae
872 2131 990 2161 aspere
1013 2121 1126 2162 potius
1149 2121 1188 2151 ad
1214 2121 1304 2152 auris
1327 2121 1509 2159 accideret,
1535 2132 1645 2162 neque
1668 2121 1815 2162 denique
1837 2130 1997 2152 numerus

114 2171 267 2214 pluralis,
282 2170 478 2214 fugiendos
501 2171 641 2203 tribulis
666 2173 747 2204 huic
765 2173 908 2211 iudices,
932 2172 1001 2203 ulla
1021 2173 1152 2203 ratione
1178 2173 1352 2215 significat,
1380 2174 1489 2205 omnis
1513 2174 1639 2205 iudices
1663 2173 1859 2204 reitribulis
1881 2171 1995 2210 fuisse,

113 2229 166 2254 set
184 2223 359 2254 Plancium
381 2223 535 2255 minume
557 2236 656 2267 aegre
677 2224 781 2257 fuisse
802 2224 970 2264 laturum,
996 2226 1025 2257 si
1048 2226 1137 2257 inter
1158 2226 1285 2257 iudices
1309 2227 1410 2257 etiam
1434 2227 1574 2258 tribules
1602 2226 1672 2257 eius
1695 2225 1847 2257 fuissent.

898 2315 926 2348 c
943 2313 975 2348 A
989 2315 1029 2348 P.
1072 2296 1212 2349 XVIIVI.

201 2379 231 2420 §·
255 2379 307 2409 44.
352 2380 476 2423 Neque
497 2393 560 2424 ego
585 2395 676 2415 nunc
701 2383 884 2414 consilium
906 2383 1116 2425 reprehendo
1146 2381 1260 2424 tumn)
1306 2383 1470 2415 Concedit
1497 2384 1633 2415 tandem
1658 2383 1793 2420 Cicero,
1827 2383 1995 2414 Lateren-

114 2442 203 2472 sem,
231 2443 434 2474 quamquam
457 2441 573 2466 contra
594 2435 796 2467 sententiam
818 2434 919 2477 legis,
950 2441 1062 2467 tamen
1084 2436 1126 2467 ad
1145 2447 1246 2467 suum
1269 2435 1374 2478 ipsius
1398 2437 1614 2468 commodum
1638 2434 1994 2467 accommodatissume
