2185 2720
889 154 927 182 L.
954 153 1009 182 ΠΙ.
1063 154 1098 183 C.
1125 152 1182 182 IV.
1227 152 1254 193 §.
1281 162 1308 182 2.
1872 154 2039 183 LXXXV

154 241 219 260 csse
239 230 316 259 haut
334 229 571 268 inprobabilest.
612 229 724 258 Caussa
743 239 830 266 uero,
850 238 907 257 cur
927 233 1070 267 quartum
1089 227 1222 256 aedilem
1241 237 1390 266 nusquam
1410 232 1560 258 memoret
1579 227 1701 265 Cicero,
1719 227 1868 258 uidelicet
1889 229 1922 258 C.
1944 229 2040 258 Clau·-

154 279 240 307 dium
258 279 303 306 M.
323 277 358 305 F.
379 278 422 305 M.
444 276 484 305 N.
507 277 708 313 Marcellum,
735 277 894 305 consulem
920 276 993 304 anni
1022 276 1085 313 705.
1113 286 1183 304 cum
1202 276 1241 304 L.
1263 276 1411 305 Cornelio
1432 276 1586 313 Lentulo,
1613 287 1696 306 nunc
1724 276 1847 316 quidem
1873 287 1929 305 nos
1950 277 2040 315 sugit,

153 335 255 364 neque
283 323 427 363 exputari
454 329 575 362 potest,
609 325 791 363 praesertim
819 336 889 353 cum
915 323 1119 363 amplissumis
1145 324 1289 352 laudibus
1317 334 1387 352 eum
1414 325 1566 360 cumulet,
1601 330 1636 354 ut
1661 325 1709 353 sui
1735 325 1985 353 amantissumum
2006 324 2039 353 in

155 372 240 401 omni
260 372 410 401 uarietate
435 382 538 400 rerum
559 383 698 409 suarum,
725 374 761 402 ad
781 374 855 402 Diu.
876 373 958 408 XV,
980 382 1016 410 7..
1055 371 1265 410 Quamquam,
1292 377 1328 400 ut
1355 382 1464 400 uerum
1490 372 1603 408 fatear,
1631 372 1770 401 aedilitas
1791 371 1883 400 huius
1903 372 1996 407 anni,
2023 383 2041 400 a

154 420 265 458 Pighio
286 420 360 448 huic
380 419 530 448 Marcello
551 420 683 456 tributa,
712 421 838 449 omnino
859 421 1022 455 incertast,
1057 423 1088 446 et
1108 428 1148 447 ex
1173 419 1242 457 lege
1269 419 1374 448 annali
1393 419 1625 456 tautummodo,
1653 425 1688 449 ut
1707 431 1797 460 saepe
1816 420 1895 450 fecit
1913 419 1964 448 uir
1984 419 2041 447 ille

155 468 378 503 doctissumus,
399 467 452 495 ubi
473 467 532 495 alia
552 474 750 497 monumenta
772 469 914 504 deerant,
933 466 1098 506 1·epetita.“

229 526 375 565 Denique
404 525 484 553 idem
510 525 613 554 editor
637 526 675 554 ad
702 526 838 555 eiusdem
863 524 891 565 §.
912 525 1024 561 uerba,
1051 534 1148 563 neque
1169 525 1251 552 enim
1271 534 1418 563 umquam
1445 525 1576 553 maiores
1595 527 1695 553 nostri
1714 526 1905 554 sortitionem
1924 526 2042 554 consii-

157 576 288 603 tuissent
308 574 488 602 aediliciam
507 579 576 609 ete„
596 573 670 602 haec
691 574 866 610 adnotanit,
895 584 971 612 quae
991 582 1055 601 non
1076 582 1163 600 secus
1185 577 1276 609 atque
1296 581 1346 608 ea,
1368 582 1444 610 quae
1464 572 1687 610 repetiuimus,
1710 572 1772 600 huc
1791 572 1968 611 pertinent:

230 630 428 668 „Uidendiun
449 637 550 660 tamen
571 631 679 668 adhuc,
708 642 745 660 an
767 631 928 660 Ciceronis
948 630 1141 669 temporibus
1171 639 1240 657 cum
1261 630 1396 658 comitiis
1417 630 1546 658 tributis
1568 630 1675 659 eodem
1697 630 1748 659 die
1769 641 1873 659 omnes
1895 635 2041 668 quattuor

157 679 272 708 aediles
292 685 486 716 crearentur,
507 690 540 708 ac
560 680 693 708 fortuito
715 679 877 719 aliquando
898 679 1111 715 contingeret,
1137 680 1173 705 ut
1192 681 1263 715 post
1284 687 1370 713 eum,
1397 678 1450 716 qui
1471 678 1571 706 tribus
1592 678 1756 717 plerasque
1776 679 1891 706 tulerat
1911 678 2043 715 ideoque

157 726 266 755 aedilis
287 728 403 755 curulis
424 728 521 756 sactus
543 732 617 764 erat,
638 728 697 755 duo
718 732 877 766 praeterea
896 736 986 766 pares
1005 724 1155 762 suffragiis
1177 730 1288 760 essent,
1309 736 1336 753 11.
1364 736 1388 753 0.
1409 726 1435 754 51
1455 726 1599 755 Plancius
1620 727 1721 754 tribus
1741 726 1828 762 XV.,
1848 726 1969 755 Plotius
1989 725 2044 761 X.,

157 774 271 803 Pedius
292 775 367 803 item
387 775 430 803 X.
451 775 588 810 tulisset,
616 775 667 803 uel
687 774 745 802 IX.
772 780 919 813 uterque,
948 775 1022 802 duas
1049 772 1186 810 reliquas
1214 778 1340 810 quartus
1368 774 1497 813 aliquis,
1523 774 1626 803 statim
1645 774 1724 802 facta
1744 774 1785 802 sit
1805 773 1946 809 sortitio,
1974 777 2045 801 uter

156 821 289 850 istorum
316 822 447 851 duorum
473 823 582 850 aedilis
611 822 743 858 curulis,
770 827 841 851 uter
860 821 1001 861 plebeius
1028 819 1278 855 renuntiaretur,
1306 830 1340 848 ac
1368 825 1433 850 tum
1461 822 1582 851 demum
1610 822 1647 850 (10
1676 826 1785 860 quarto
1813 820 1906 849 aedili
1935 820 2045 849 itidem

157 870 283 908 plebeio
304 870 443 908 suffragia
463 870 524 898 lata
544 870 613 898 sint.
653 870 788 898 Diuersa
808 870 916 908 utique
936 869 996 898 suit
1016 868 1074 896 alia
1095 867 1219 895 sortitio
1247 867 1391 897 aedilicia
1409 876 1481 909 post
1507 870 1752 908 designationem
1778 869 1831 898 uel
1851 868 1911 899 iani
1932 868 2046 896 initum

159 917 196 945 ab
217 917 256 945 iis
276 917 442 955 honorem,
464 918 500 946 de
521 929 580 956 qua
599 917 672 946 uide
695 918 845 946 Tabulam
866 917 1137 946 Heruchmmemf‘

234 975 304 1005 Etsi
325 981 489 1011 certumst,
511 974 713 1003 Garatonium
735 975 768 1003 in
788 974 981 1014 explicandis
1002 974 1107 1003 uerbis
1127 972 1154 1013 §.
1178 983 1220 1012 17.
1247 975 1302 1011 qui
1325 973 1380 1002 hos
1400 974 1533 1003 dimouit
1553 985 1688 1012 errasse,
1716 975 1752 1003 ab
1775 975 1897 1003 Orellio
1925 984 2047 1013 quoque

160 1033 224 1052 11011
243 1028 327 1052 recte
348 1023 538 1062 explanatis,
567 1022 773 1061 omninoque,
801 1034 878 1062 quae
906 1034 936 1062 p.
955 1023 1021 1060 574.
1042 1022 1088 1050 0(1.
1110 1022 1208 1060 Neap.
1237 1021 1377 1060 scripsit,
1409 1032 1471 1049 non
1492 1033 1566 1051 uera
1586 1034 1668 1059 esse,
1695 1028 1798 1051 tamen
1819 1023 1890 1050 illut
1911 1021 2047 1049 dubitari

161 1070 284 1109 nequit,
312 1071 385 1108 quin
412 1070 594 1098 rectissume
623 1070 678 1107 iis,
706 1080 782 1108 (111110
803 1082 832 1109 p.
852 1071 908 1100 413
925 1081 967 1108 sq.
996 1070 1034 1098 ad
1055 1070 1089 1099 C.
1110 1069 1222 1098 XXII.
1243 1067 1270 1108 §.
1291 1070 1337 1098 54.
1364 1069 1541 1106 adnotanit,
1570 1071 1714 1108 Pighium
1735 1070 1896 1105 refutarit,
1917 1078 2048 1106 eumque

161 1119 228 1147 sine
248 1118 359 1147 idonea
379 1118 498 1146 ratione
520 1128 560 1146 ex
581 1118 742 1147 Ciceronis
762 1118 867 1147 uerbis
889 1117 980 1157 §.17.
1001 1118 1207 1154 conclusisse,
1234 1118 1272 1153 Q.
1293 1116 1422 1145 Pedium
1444 1128 1480 1145 eo
1502 1128 1600 1153 anno,
1629 1129 1689 1156 quo
1710 1118 1855 1146 Plancius
1875 1122 1907 1145 et
1926 1117 2048 1145 Plotius

161 1166 275 1195 aediles
294 1166 417 1195 curules
438 1166 569 1202 fuerint,
591 1166 722 1194 aedilem
742 1165 900 1205 plebeium
920 1165 1031 1201 fuisse,
1058 1165 1209 1201 docuerit.
1249 1164 1369 1193 Uerum
1390 1175 1458 1193 cum
1480 1166 1571 1194 etiam
1592 1170 1663 1204 post
1684 1165 1887 1193 Garatonium
1909 1163 2048 1192 Orellius

161 1213 253 1252 Pighi
279 1214 451 1243 sententiae
479 1213 717 1253 subscripserit,
752 1217 921 1250 necessest,
961 1212 1114 1243 Garatoni
1145 1212 1330 1242 sententiam
1362 1213 1559 1252 grauioribus
1587 1213 1681 1241 etiam
1714 1212 1929 1241 confirmemus
1957 1221 2049 1249 argu-

163 1260 286 1289 mentis.

238 1308 286 1338 Ac
306 1308 441 1347 primum
462 1309 586 1348 quidem
613 1308 735 1346 uerbis,
767 1319 844 1347 quae
871 1309 904 1338 C.
924 1308 997 1338 VII.
1025 1306 1053 1347 ᾗ.
1076 1318 1119 1344 17.
1145 1307 1264 1346 scripta
1290 1312 1380 1344 sunt,
1407 1310 1475 1337 Ηοε
1503 1315 1606 1337 lamen
1635 1311 1749 1344 miror,
1777 1319 1834 1336 cur
1860 1308 1934 1337 huic
1957 1323 1994 1329 —
2022 1313 2051 1336 te

165 1357 326 1394 depulsum
351 1363 469 1394 putas,
503 1357 770 1396 apertissunuimst
795 1356 855 1385 hoc
881 1356 1017 1385 uoluisse
1045 1356 1230 1385 Ciceronem
1258 1355 1449 1393 significare:
1483 1356 1602 1393 Miror,
1629 1367 1684 1385 eur
1715 1367 1754 1385 ex
1781 1357 1836 1393 iis,
1867 1356 1920 1394 qui
1948 1360 2051 1383 tecum

165 1405 352 1433 aedilitatem
380 1405 519 1433 curulem
546 1405 744 1443 potitiorum,
770 1405 896 1434 Plancio
923 1405 1127 1444 potissumum
1154 1404 1302 1432 irascare:
1329 1414 1392 1432 11011
1419 1403 1501 1431 enim
1530 1404 1556 1431 is
1585 1404 1647 1432 diei
1672 1410 1777 1444 potest
1803 1404 1927 1439 fecisse,
1962 1408 1997 1432 nt
2017 1408 2053 1431 tu

164 1453 319 1492 repulsam
346 1453 462 1488 serres,
495 1458 542 1480 set
569 1452 780 1491 conpetitores
811 1452 887 1481 eins.
934 1452 1014 1480 Nam
1043 1451 1188 1481 Plancius
1216 1452 1308 1489 longe
1335 1451 1489 1490 plurumis
1516 1452 1667 1490 suffragiis
1690 1452 1766 1491 (uid.
1796 1452 1829 1481 C.
1850 1451 1929 1479 XX.
1957 1449 1985 1489 ᾗ.
2005 1452 2051 1488 49.

165 1500 254 1540 longe
268 1502 453 1539 plurumum
474 1502 577 1528 ualuit
598 1498 765 1539 Plancius)
786 1500 883 1528 sactus
905 1499 1014 1528 aedilis
1035 1504 1099 1536 est3
1119 1509 1157 1527 ex
1178 1509 1238 1537 quo
1259 1505 1404 1538 apparet,
1431 1500 1491 1528 hoc
1511 1505 1597 1527 certo
1618 1505 1692 1538 aput
1712 1509 1743 1528 50
1763 1499 1913 1538 populum
1934 1498 2053 1526 eonsti—

167 1553 268 1578 tutum
295 1548 455 1583 habuisse,
489 1546 651 1575 Plancium
678 1547 781 1576 facere
813 1548 953 1576 aedilem.
992 1547 1065 1575 Duo
1093 1546 1208 1585 reliqui
1236 1548 1466 1586 conpetitores,
1493 1546 1531 1575 A.
1559 1547 1680 1575 Plotius
1708 1551 1739 1574 et
1766 1547 1804 1583 Q.
1833 1546 1947 1574 Pedius
1975 1545 2052 1584 (uid.

169 1594 196 1637 ἕ.
217 1596 293 1635 54),
313 1607 382 1625 cum
403 1600 504 1623 tecum
524 1595 672 1633 pauciora
692 1595 822 1624 tulerint
842 1595 997 1633 suffragia,
1017 1604 1080 1622 non
1101 1599 1147 1623 est
1168 1593 1313 1632 dubium,
1333 1595 1408 1634 quin
1429 1595 1565 1624 incertus
1586 1594 1682 1623 fuerit
1701 1594 1853 1633 populus,
1886 1592 1937 1621 cui
1957 1593 2053 1622 trium

168 1649 305 1674 uestrum
332 1643 521 1672 aedilitatem
549 1642 693 1670 deferret.
742 1643 849 1682 Itaque
874 1648 909 1671 tu
936 1653 999 1671 11011
1025 1641 1170 1678 Plancio,
1203 1652 1312 1671 uerum
1349 1643 1469 1671 duobus
1504 1643 1567 1671 illis
1597 1642 1846 1681 conpetitoribus
1875 1650 2054 1669 suscensere

169 1691 275 1729 debes,
297 1691 349 1730 qui
369 1701 438 1718 cum
458 1690 549 1727 longe
569 1689 716 1728 pauciora
736 1701 825 1729 quam
840 1690 993 1725 Plancius,
1014 1694 1060 1718 set
1079 1689 1169 1728 plura
1187 1700 1276 1729 quam
1294 1695 1328 1719 tu
1346 1690 1488 1729 suffragia
1507 1691 1647 1727 tulerint,
1668 1690 1843 1718 necessario
1864 1689 1887 1717 ii
1909 1689 2053 1718 censendi

169 1743 240 1767 sunt
260 1738 412 1775 effecisse,
432 1743 467 1767 ut
488 1743 522 1766 tu
543 1738 733 1767 aedilitatem
752 1749 816 1767 non
837 1736 1079 1777 consequereris.

243 1796 336 1825 Nihil
355 1797 433 1825 aliut
452 1797 548 1835 igitur
569 1807 608 1824 ex
628 1796 687 1825 hoc
706 1797 776 1825 loco
798 1801 939 1836 apparet,
960 1807 1049 1835 quam
1070 1806 1109 1824 ex
1129 1800 1276 1834 quattuor
1297 1796 1563 1836 conpetitoribus,
1583 1795 1729 1831 Plancio,
1748 1795 1869 1831 Plotio,
1889 1795 2002 1831 Pedio,
2023 1801 2054 1825 et

170 1845 356 1882 Laterense,
381 1845 473 1883 longe
494 1845 670 1883 plurumum
691 1844 825 1873 ualuisse
846 1845 1022 1882 Plancium3
1050 1849 1122 1883 post
1142 1854 1210 1872 eum
1240 1844 1385 1883 pluruma
1410 1850 1526 1884 puncta
1553 1844 1707 1879 Plotium,
1742 1842 1888 1880 pauciora
1915 1844 2055 1880 Pedium,

170 1891 362 1930 paucissuma
381 1892 582 1921 Laterensem
602 1893 720 1921 tulisse.
759 1892 839 1920 Nam
860 1903 1039 1931 quamquam
1059 1902 1123 1920 11011
1144 1897 1210 1920 erat
1229 1892 1342 1920 Pedius
1363 1893 1472 1920 aedilis
1493 1892 1602 1928 factm,
1622 1897 1724 1920 tamen
1744 1890 1923 1919 Laterensis
1944 1892 1973 1919 ei
1995 1891 2056 1919 dici

172 1939 241 1967 iure
260 1944 383 1978 poterat
401 1951 580 1969 suscensere
602 1940 730 1976 debere,
758 1940 783 1968 si
804 1940 895 1979 plura
916 1950 1004 1978 quam
1024 1940 1204 1968 Laterensis
1225 1940 1367 1978 suffragia
1386 1945 1492 1969 nactus
1513 1945 1594 1976 erat,
1615 1939 1674 1968 etsi
1694 1938 1753 1967 hoc
1774 1938 1803 1966 ei
1824 1938 1904 1966 nihil
1924 1939 1961 1967 ad
1980 1950 2056 1975 rem,

173 1997 262 2025 quam
278 1987 412 2025 uolebat,
429 1988 674 2027 consequendam
690 1988 819 2027 profuit.
840 1988 885 2016 Ita
901 1988 982 2016 enim
1000 1999 1179 2027 quamquam
1195 1989 1262 2017 sine
1279 1988 1344 2017 ullo
1363 1999 1418 2017 suo
1435 1988 1644 2016 emolumento
1660 1992 1762 2015 tamen
1778 1985 1895 2024 aliquid
1912 1987 1949 2015 ad
1960 1987 2057 2015 Late-

173 2044 294 2063 rensem
310 2034 429 2064 honore
447 2036 642 2065 deiciendum
659 2035 842 2064 contulerat.
878 2037 951 2065 Huc
967 2037 1096 2073 accedit,
1117 2037 1209 2076 quod,
1233 2037 1259 2065 si
1276 2036 1455 2065 Laterensis
1472 2040 1638 2074 propterea
1656 2035 1814 2063 diceretur
1832 2034 1944 2062 debere
1960 2034 2056 2062 Pedio

175 2083 369 2119 suscensere,
397 2084 480 2122 quod
499 2088 580 2113 esset
600 2083 707 2112 aedilis
727 2083 870 2122 plebeius
890 2084 1004 2120 factus,
1031 2095 1157 2114 necesse
1179 2089 1259 2114 esset
1280 2094 1410 2120 sumere,
1431 2084 1633 2112 Laterensem
1656 2083 1757 2121 ipsum
1778 2082 1934 2110 aedilitate
1955 2081 2057 2110 curuli

176 2129 347 2166 deiectum,
367 2131 530 2169 postmodo
550 2131 632 2160 Mari
653 2131 830 2170 exemplum
855 2136 994 2160 secutum
1014 2132 1203 2162 aedilitatem
1226 2132 1379 2170 plebeiam
1400 2132 1533 2170 petisse,
1568 2136 1613 2160 set
1632 2130 1745 2158 iterum
1766 2129 1919 2168 repulsam
1939 2129 2056 2158 tulisse.

176 2177 273 2216 Atqui
294 2177 353 2206 hoc
373 2178 489 2206 duabus
509 2178 546 2206 de
566 2179 679 2207 caussis
699 2180 786 2207 nullo
807 2184 897 2218 paeto
918 2179 1011 2208 statui
1031 2186 1154 2218 potest;
1174 2180 1309 2219 primum
1329 2184 1460 2217 propter
1475 2179 1563 2207 Tulli
1583 2190 1618 2208 ea
1641 2178 1677 2206 de
1697 2188 1731 2206 re
1751 2176 1926 2213 silentium3
1947 2176 2058 2204 deinde

176 2230 360 2264 propterea,
390 2225 488 2264 quod,
515 2225 541 2254 si
567 2226 600 2254 id
625 2226 740 2254 factum
767 2232 864 2263 esset,
893 2227 1069 2256 necessario
1099 2228 1251 2256 secundus
1278 2227 1333 2255 ille
1361 2226 1471 2256 aedilis
1491 2227 1649 2266 plebeius,
1680 2226 1733 2264 qui
1754 2236 1823 2253 011111
1843 2224 1939 2252 Pedio
1959 2224 2059 2252 faetus

178 2279 273 2310 esset,
301 2273 352 2303 hic
373 2273 504 2302 debebat
525 2274 758 2318 conmemorari.
798 2274 881 2304 Tum
907 2275 992 2305 enim
1019 2276 1049 2304 ci
1078 2286 1201 2315 quoque
1228 2285 1245 2303 a
1264 2275 1437 2304 Laterense
1463 2274 1704 2303 suscensendum
1731 2283 1795 2301 esse
1817 2272 1927 2301 Cicero
1955 2271 2060 2300 dicere

179 2321 317 2351 debebat.

253 2370 351 2399 Nullo
378 2369 475 2408 igitur
501 2373 680 2408 argumento
708 2368 799 2407 Pighi
826 2371 940 2401 nititur
965 2370 1136 2407 sententia,
1165 2369 1219 2410 qui
1240 2371 1279 2408 Q.
1299 2370 1431 2400 Pedium
1458 2368 1590 2398 aedilem
1614 2367 1773 2408 plebeium
1801 2377 1848 2396 an.
1875 2376 1939 2404 700.
1966 2365 2060 2395 fuisse

182 2416 298 2446 statuit.

257 2464 311 2494 Set
329 2464 492 2495 refutanda
510 2464 571 2494 iam
590 2465 686 2505 altera
706 2464 761 2494 illa
781 2464 884 2494 Orelli
903 2465 1057 2505 suspicio,
1076 2477 1138 2496 una
1159 2470 1307 2506 quattuor
1326 2465 1435 2495 aedilis
1456 2464 1554 2493 creari
1575 2463 1683 2513 solitos
1705 2474 1770 2494 esse
1791 2462 1957 2503 opinantis.
