2185 2720
173 183 250 210 XIV
896 177 1346 204 PRAEFATIO.

174 267 341 302 Minume
372 276 462 299 uero
488 263 682 298 ablatiuom
717 262 861 297 numeri
886 261 1038 308 pluralis
1065 261 1225 296 eiusdem
1259 259 1508 295 declinationis
1534 260 1574 294 in
1598 271 1708 295 unam
1733 260 1746 295 ἰ
1770 262 1928 297 litteram
1952 268 2033 297 ter..

174 340 329 382 minaui,
372 339 468 384 quod
500 337 573 371 uiri
605 337 752 382 quidam
784 335 881 370 docti
913 346 1033 381 nuper
1063 335 1229 369 fecerunt
1259 334 1541 380 inperitissume.
1591 334 1761 380 Denique
1792 340 1843 369 est
1871 335 2036 382 copulam

178 425 260 448 cum
292 412 413 445 uerbis
446 411 764 457 praecedentibus,
803 420 895 455 quae
927 409 967 442 in
997 408 1161 443 uocalem
1195 408 1342 443 exibant
1372 412 1434 442 aut
1457 418 1495 440 m
1518 406 1696 453 litteram,
1736 409 1849 444 eiecta
1873 421 1894 444 e
1915 410 2037 445 littera

179 485 351 520 coniunxi
376 484 610 530 plerumque3
645 483 818 517 debebam
845 482 1067 528 coniungere
1091 482 1237 527 ubique.

278 559 395 592 Porro
422 555 557 590 idcirco
583 563 619 592 et
645 555 824 603 quidquid
849 556 1035 598 omnibus,
1076 560 1251 601 quantum
1277 553 1368 597 sci0,
1407 553 1591 587 codicibus
1618 554 1865 589 addicentibus
1891 555 2038 601 scripsi3

181 637 308 667 contra
333 641 408 664 non
436 629 648 676 quidquam,
675 635 730 664 set
755 627 950 675 quicquam
976 628 1177 662 secundum
1190 627 1441 661 Romanorum
1467 628 1766 662 consuetudinem
1793 629 1931 674 scripsi.
1957 628 2037 662 Re·-

181 705 311 739 uocaui
338 704 445 738 etiam
472 702 503 736 C
523 715 590 749 pro
621 702 656 736 T
676 703 714 736 in
740 703 889 737 nomine
914 699 1152 743 condicionis,
1179 706 1215 736 et
1244 700 1278 734 T
1297 712 1365 746 pro
1392 698 1421 733 C
1444 700 1482 733 in
1504 702 1653 735 nomine
1679 700 1864 735 contionis.

282 778 386 821 Quae
411 777 572 811 inaudita
593 776 762 811 omnibus
786 775 1039 809 Romanorum
1064 774 1211 808 auribus
1237 774 1439 820 conpositio
1465 774 1671 808 litterarum
1692 774 1779 819 suit,
1831 785 1924 821 qua,
1955 775 2041 810 licet

182 851 488 896 frequentissuma
512 851 559 884 sit
583 850 715 884 nostris
738 850 964 894 temporibus
990 853 1027 883 et
1040 847 1295 891 usitatissmna,
1321 859 1399 881 eam
1424 858 1622 893 numquam
1646 848 1871 882 tolerandam
1902 849 2041 894 putaui.

183 926 311 970 Itaque
335 935 404 969 pro
430 923 582 957 barbaro
609 935 768 969 aequum
793 922 922 968 scripsi
947 933 1030 956 cum
1053 921 1229 955 Baua-rico
1256 932 1399 964 aecum,
1435 932 1503 966 pro
1530 919 1694 966 iniquum
1729 927 1765 955 et
1789 920 1934 967 iniquus
1959 921 2043 955 dedi

183 997 321 1032 inicum
358 1003 394 1031 et
424 995 551 1030 inicus.
603 996 731 1042 Neque
763 1007 933 1041 umquam
965 995 1038 1029 ullo
1064 995 1102 1028 in
1130 994 1253 1028 codice
1277 1000 1339 1028 aut
1361 995 1592 1040 palimpsesto
1620 1005 1731 1039 quum
1756 995 1931 1040 scriptum
1955 994 2043 1038 uidi,

183 1077 240 1106 set
265 1077 326 1105 aut
353 1081 434 1104 cum
457 1070 519 1104 uel
545 1081 630 1115 qum
656 1076 719 1104 aut
746 1080 862 1116 quom.
912 1068 1000 1102 Fuit
1026 1073 1145 1101 autem
1169 1068 1240 1101 iam
1267 1067 1368 1101 Tulli
1393 1073 1509 1102 aetate
1536 1073 1572 1101 et
1596 1078 1677 1100 cum
1706 1074 1742 1102 et
1767 1079 1874 1113 quom
1899 1068 1937 1101 in
1962 1079 2042 1101 usu.

185 1145 311 1190 Itaque
346 1154 453 1189 quom
487 1143 631 1188 scripsi,
671 1144 734 1176 ubi
767 1143 933 1176 codicum
964 1142 1181 1175 lectionibus
1216 1153 1294 1175 eam
1319 1141 1475 1174 sormam
1501 1152 1522 1173 a
1546 1140 1670 1174 Tullio
1696 1146 1906 1186 usurpatam
1931 1141 2043 1175 fuisse

185 1218 426 1261 admonebar,
454 1216 582 1250 ceteris
604 1216 641 1249 in
667 1216 756 1250 locis
783 1227 864 1248 cum
888 1215 1036 1249 retinui.
1088 1214 1131 1248 In
1154 1214 1320 1248 Mediceo
1346 1214 1470 1247 codice
1496 1214 1536 1248 P.
1557 1213 1698 1259 Uergili
1724 1215 1889 1260 quotiens
1917 1214 1960 1248 ab
1986 1214 2042 1247 al-

186 1299 264 1326 tera
289 1302 400 1324 manu
428 1300 533 1336 quom
558 1294 789 1332 mutatumst,
816 1299 891 1321 non
918 1299 1039 1334 quum,
1066 1293 1121 1322 set
1144 1299 1226 1321 cam
1250 1288 1469 1333 scriptumst.
1520 1285 1747 1332 Aliquotiens
1771 1292 1893 1320 tamen
1917 1298 2045 1321 manus

187 1364 388 1399 correctrix
412 1363 741 1408 grammaticorum,
769 1361 901 1407 quibus
925 1372 945 1394 o
969 1361 1091 1396 littera
1115 1373 1283 1396 maxume
1307 1361 1448 1406 ingrata
1474 1366 1552 1395 erat
1575 1361 1614 1394 in
1638 1360 1707 1393 hac
1731 1360 1859 1404 forma,
1887 1371 1936 1406 qu
1961 1361 1999 1394 in
2025 1372 2044 1393 c

188 1444 329 1473 mutare
363 1437 502 1481 omisit,
539 1447 609 1481 quo
636 1436 824 1479 factumst,
861 1440 901 1468 ut
925 1434 1011 1469 licet
1041 1435 1236 1468 rarissume
1261 1440 1383 1468 tamen
1416 1434 1608 1480 aliquando
1635 1445 1748 1480 quum
1772 1434 1889 1468 inuito
1916 1446 2044 1468 corre-

188 1518 290 1546 ctore
316 1511 491 1556 scriptum
517 1510 573 1543 sit.
626 1509 908 1554 Nonnumquam
934 1508 1092 1541 Romani
1119 1519 1167 1553 qa
1192 1508 1330 1541 litteras
1357 1508 1465 1540 etiam
1486 1519 1506 1540 0
1533 1513 1705 1553 sequente
1730 1507 1770 1540 in
1792 1518 1811 1540 c
1837 1513 2026 1542 mutarunt
2035 1521 2044 1553 3

189 1598 261 1631 quo
293 1585 454 1630 pertinet
487 1581 636 1620 cotidie,
675 1595 780 1628 quam
814 1582 969 1615 sormam
995 1581 1130 1625 ubique
1163 1580 1241 1614 sere
1266 1581 1493 1614 Erfurtensis
1519 1580 1611 1614 liber
1636 1586 1736 1614 recte
1762 1581 1938 1624 seruauit,
1976 1581 2047 1615 nisi

190 1658 289 1705 quod
316 1657 530 1703 aliquotiens
558 1655 707 1689 cottidie
734 1655 890 1700 scripsit.
942 1653 1041 1700 Aput
1062 1654 1245 1688 Catullum
1274 1659 1395 1687 autem
1420 1654 1688 1687 scribendumst
1713 1652 1969 1698 quotidianum
2003 1667 2045 1688 eo

189 1734 287 1776 loco,
314 1732 377 1765 ubi
401 1730 519 1776 prima
544 1729 678 1774 syllaba
702 1729 923 1774 productast.
975 1728 1080 1762 Fecit
1105 1728 1203 1761 enim
1242 1732 1408 1760 accentus
1434 1727 1472 1759 in
1499 1726 1631 1771 syllaba
1656 1726 1951 1771 antepenultuma
1977 1727 2045 1760 ad·-

190 1806 296 1840 uerbi
328 1805 424 1838 illius
454 1803 594 1849 positus
626 1808 662 1836 et
694 1808 862 1848 correpta
893 1802 1011 1847 prima
1045 1801 1198 1847 syllaba,
1248 1805 1290 1835 ut
1322 1800 1502 1834 diceretur
1539 1801 1677 1846 pariter
1714 1805 1821 1845 atque
1864 1800 2044 1833 scribere-

191 1886 252 1914 tur
279 1877 419 1911 cotidie.

292 1951 364 1984 Pro
394 1948 425 1982 C
445 1949 616 1983 reuocaui
643 1949 671 1982 S
695 1948 807 1994 ipsius
833 1948 1060 1982 Erfurtensis
1085 1947 1170 1982 libri
1195 1947 1408 1982 auctoritate
1435 1946 1472 1980 in
1498 1946 1611 1980 uerbo
1638 1956 1863 1989 suscensere,
1901 1945 1946 1979 de
1972 1945 2046 1979 Ba·-

194 2025 315 2060 uarico
341 2023 454 2057 tacuit
475 2023 706 2056 Garatonius.

291 2098 363 2131 Pro
389 2095 430 2128 D
456 2096 561 2141 posui
591 2094 625 2128 T
654 2096 692 2128 in
718 2095 774 2129 his
801 2096 939 2129 uerbis:
967 2099 1080 2141 aput,
1107 2093 1220 2136 aliut,
1247 2093 1345 2137 illut,
1371 2092 1476 2135 haut,
1502 2098 1565 2126 set.
1615 2092 1774 2126 Romani
1798 2103 1864 2130 nec
1890 2092 1917 2125 d
1940 2103 2009 2126 nec
2034 2097 2049 2123 t

195 2175 403 2206 constanter
433 2169 471 2202 in
498 2168 554 2201 his
580 2175 793 2213 posuerunt.

294 2242 341 2277 M
364 2243 508 2276 seruaui
533 2247 616 2275 ante
643 2241 714 2283 Qu,
742 2243 896 2287 ideoque
923 2242 1050 2288 scripsi
1069 2241 1297 2287 plerumque,
1324 2250 1510 2285 umquam,
1536 2250 1820 2285 nonnumquam,
1847 2243 2048 2282 tamquam,

197 2327 438 2363 quamquam,
474 2326 711 2363 quemquam3
749 2321 803 2349 set
828 2321 911 2349 ante
936 2315 977 2348 D
1003 2316 1110 2362 posui
1135 2314 1187 2355 N,
1222 2315 1420 2361 scripsique
1446 2313 1617 2355 eundem,
1650 2313 1819 2351 eandem,
1858 2310 2048 2355 quendam,

197 2389 394 2437 quctndam.
