2185 2720
875 107 899 136 c
918 106 949 135 A
967 108 1008 136 P.
1047 105 1140 134 XIV.
1173 103 1201 145 §-
1229 110 1364 138 33—35.
2009 119 2063 144 115

172 195 431 228 praeconem
458 195 548 215 cum
575 180 815 221 inrisione,
850 191 969 224 quam
998 191 1223 211 romanum
1249 180 1441 222 equitem
1464 192 1555 212 cum
1578 180 1729 212 dolore
1753 180 1936 221 dixisse,
1972 196 2062 218 cum

173 237 302 269 dolor
325 242 557 268 excusatus
581 234 635 267 sit
663 234 832 276 impetu
861 232 1053 276 cogentis
1075 232 1282 272 iniuriae,
1321 233 1437 264 risus
1461 233 1784 266 immoderatam
1806 235 2062 281 plerumque

171 289 514 321 contumeliosae
536 287 743 319 audaciae
766 287 997 319 licentiam
1018 284 1252 328 praeferat.
1298 285 1460 317 SCHOLIA
1484 286 1748 318 AMBROSIANA.

255 347 286 388 §.
310 347 363 379 54.
406 346 546 387 Planci)
572 345 698 383 Patris,
724 357 790 376 non
814 344 881 383 fili,
906 350 946 375 ut
968 355 986 374 e
1009 342 1241 386 superioribus
1264 349 1297 374 et
1319 343 1536 384 sequentibus
1559 343 1788 386 intellegitur3
1812 344 1948 377 dixerat
1970 347 2061 380 enim

167 399 375 439 Laterensis,
401 405 558 441 questum
584 409 655 429 esse
677 397 718 428 de
741 397 953 428 senatoribus
975 396 1149 428 Plancium
1171 402 1323 439 patrem,
1347 402 1382 427 et
1403 407 1458 427 eas
1484 395 1650 438 querellas
1670 404 1753 440 aput
1775 404 1947 431 senatores
1969 399 2061 431 iudi-

166 463 221 484 ces
247 452 364 484 obesse
387 452 456 483 filio
481 451 615 482 debere.
647 450 864 481 Mixmms.

252 505 291 543 A
311 503 426 547 sociis)
470 503 505 535 A
528 503 687 534 societate
709 503 990 545 publicanorum,
1016 501 1075 544 qui
1097 500 1201 534 Asiae
1222 501 1401 544 uectigalia
1425 500 1671 533 conduxerant.
1716 502 1933 535 BLANUTIUS.

251 558 302 589 Et
323 569 346 588 a
368 556 416 599 se)
462 555 533 597 Qui
556 561 628 586 erat
651 555 687 585 in
710 566 749 586 ea
771 555 940 586 societate.
986 555 1203 586 MANUTIUS.

249 609 438 649 Iniuriam)
483 607 586 650 Quod
609 607 803 649 petentibus
825 607 1032 651 publicanis,
1070 613 1109 638 ut
1137 606 1357 638 induceretur
1384 605 1525 645 locatio,
1559 606 1638 648 quia
1659 607 1806 639 nimium
1830 618 1953 650 magno
1977 618 2060 639 con-

166 661 358 702 duxissent,
382 661 517 692 nullum
540 671 559 691 a
581 665 699 691 senatu
721 671 923 702 responsum
948 660 1097 691 daretur.
1141 659 1217 690 Hac
1239 659 1282 690 de
1304 671 1342 690 re
1365 659 1412 691 sic
1435 659 1477 691 ad
1495 659 1602 691 Attic.
1625 660 1691 702 Ep.
1719 661 1767 691 15.
1792 659 1851 691 lib.
1875 662 1901 692 J.
1925 660 2060 703 scripsit

166 714 305 746 Cicero:
327 713 475 754 Asiani,
498 713 559 756 qui
581 713 623 745 de
646 713 844 746 censoribus
865 714 1124 750 conduxerunt,
1147 713 1261 755 questi
1283 719 1364 745 sunt
1387 713 1423 745 in
1446 718 1582 751 senatu,
1605 725 1642 745 se
1663 715 1856 757 cupiditate
1872 715 2060 758 prolapsos

165 767 315 800 nimiam
335 778 464 809 magno
487 767 709 805 concllzxisse3
741 771 781 797 ut
804 767 1027 798 induceretur
1050 765 1193 804 locatio,
1225 766 1510 809 postulauerunt.
1552 765 1599 796 Et
1621 777 1674 808 ep.
1703 767 1770 798 16.:
1809 764 1892 799 Cato
1915 768 2058 799 miseros

162 819 367 864 publicanos
390 819 533 850 tertium
555 819 626 851 inm
648 831 796 851 mensem
821 824 937 856 uexat,
961 829 1069 861 neque
1092 818 1137 849 iis
1160 824 1318 850 asenam
1342 829 1544 861 responsum
1565 818 1647 849 dari
1662 820 1815 861 patitur.
1841 820 2057 852 BLANUTIUS.

164 871 346 914 Copiosius
368 871 455 902 hanc
476 882 550 903 rem
577 871 767 914 expositam
789 883 809 903 a
832 870 1019 902 Garatonio
1042 870 1195 910 uidebis,
1224 871 1319 902 cuius
1341 870 1448 901 uerba
1471 870 1501 911 §.
1525 870 1575 901 55.
1596 870 1695 902 Zchm
1720 873 1812 915 quod
1827 871 1969 916 primus
1991 871 2061 902 sci-

163 925 219 958 uit
240 924 277 956 in
300 923 584 956 commentarium
607 930 764 955 nostrum
786 923 988 966 recepimus.

251 977 337 1010 Cum
362 982 503 1009 senatus
530 976 762 1021 inpediretur)
807 976 899 1010 Uide
929 985 1014 1017 quae
1046 975 1076 1016 ἕ.
1099 974 1151 1006 55.
1181 974 1223 1006 ad
1246 975 1352 1007 uerba
1374 975 1473 1008 Ναιη
1496 975 1590 1019 quod
1603 977 1743 1020 primas
1767 976 1872 1008 sciuit
1895 982 1957 1007 etc.
1980 986 2058 1006 mo-

159 1031 236 1063 -nita
257 1035 347 1062 sunt.

246 1082 332 1124 Hic)
358 1082 412 1114 De
426 1081 564 1113 Plancio
579 1087 677 1125 patre
688 1080 799 1113 adhuc
815 1080 987 1123 loquitur3
1010 1091 1089 1111 nam
1105 1079 1194 1112 filius
1210 1081 1410 1124 publicanus
1424 1092 1493 1112 non
1509 1087 1591 1121 erat,
1608 1087 1658 1113 set
1671 1087 1817 1113 senator.
1840 1081 2056 1113 lWAN'UTlrs.

205 1141 236 1183 §.
259 1141 312 1173 55.
356 1141 438 1183 Ego
467 1140 550 1183 quia
581 1140 657 1172 dico
685 1140 825 1183 aliquid
845 1139 1036 1181 aliquando
1059 1138 1102 1161 :-
1124 1150 1177 1170 me
1208 1140 1248 1172 id
1267 1140 1398 1171 dixisse
1427 1140 1560 1180 dicunt)
1607 1140 1658 1171 Et
1689 1139 1893 1170 oratorie
1923 1144 2057 1169 totum

162 1193 242 1225 hoc
264 1193 478 1235 explicat,
511 1192 782 1224 inuidiosius
807 1190 928 1232 quasi
954 1189 1003 1220 de
1026 1190 1161 1222 nimia
1183 1192 1394 1223 libertate
1418 1192 1488 1222 Cn.
1515 1192 1685 1223 Plancii
1708 1191 1898 1224 senioris
1922 1201 2055 1232 quos-

161 1245 253 1277 dam
275 1244 417 1286 loqui,
457 1256 582 1287 quam
607 1244 772 1275 ueritas
798 1243 892 1285 ipsa
914 1242 1128 1285 patiatur3
1168 1244 1219 1275 ad
1243 1243 1351 1286 quod
1377 1244 1664 1286 optinendum
1695 1251 1848 1276 contra
1870 1243 2056 1275 insimu-

159 1298 350 1329 lationes
380 1297 660 1328 inimicorum
690 1295 910 1328 subnectit
939 1295 1186 1338 exemplum
1218 1297 1371 1328 Cicero
1395 1296 1488 1339 ipse
1514 1297 1562 1328 de
1585 1309 1643 1336 se,
1681 1308 1801 1339 quem
1824 1308 1908 1328 non
1929 1295 2054 1337 igno-

160 1362 301 1383 ramus
324 1350 509 1381 multum
534 1348 708 1380 facetiis
732 1354 774 1379 et
796 1347 1117 1380 urbanioribus
1142 1349 1273 1381 dictis
1295 1349 1549 1388 indulsisse,
1572 1349 1616 1380 id
1641 1349 1753 1391 quod
1777 1349 1888 1380 locis
1910 1347 2055 1391 pluri-

162 1403 303 1435 busin
327 1402 532 1435 Uerrinis
557 1401 829 1433 orationibus
851 1400 1074 1443 potuimus
1097 1401 1374 1444 adgnoscere.
1420 1403 1507 1433 Hoc
1529 1413 1629 1444 ergo
1653 1402 1732 1434 ait:
1763 1401 1963 1444 quoniam
1982 1410 2055 1430 so-

159 1456 228 1487 leo
261 1455 476 1496 quaedam
506 1466 589 1486 non
620 1454 792 1496 ingrata
816 1452 1071 1485 festiuitate
1102 1454 1342 1485 secundum
1365 1454 1476 1486 sales
1501 1454 1769 1486 urbanitatis
1794 1454 1953 1492 dicere,
1986 1450 2055 1482 id-

156 1509 276 1540 circo
309 1508 513 1550 plerique
542 1507 791 1538 huiusmodi
819 1517 941 1538 omne
971 1505 1079 1548 quod
1110 1505 1291 1545 dicitur,
1326 1505 1500 1537 etiamsi
1528 1506 1575 1536 ab
1600 1507 1687 1538 alio
1719 1507 1878 1538 dictum
1900 1504 1974 1542 sit,
2009 1503 2053 1534 in

158 1572 223 1593 me
251 1560 494 1592 conferunt.
542 1561 686 1602 Quare
716 1559 834 1590 nihil
861 1558 1015 1590 mirum
1045 1565 1123 1599 est,
1157 1559 1191 1590 si
1212 1558 1421 1601 quaedam
1447 1557 1558 1589 falso
1582 1558 1708 1591 etiam
1732 1559 1781 1590 de
1803 1555 1972 1590 Plancii
1994 1555 2054 1587 li-

158 1614 335 1645 bertate
357 1613 588 1644 iactentur.
634 1613 797 1643 SCHOLIA
820 1612 1082 1644 Amnssosrim.

248 1666 347 1699 Nam
379 1667 471 1710 quod
493 1666 634 1709 primus
662 1666 768 1697 sciuit
801 1665 912 1708 legem
935 1665 976 1696 de
996 1663 1193 1707 publicanis
1221 1668 1311 1701 tum,
1344 1675 1422 1695 cum
1451 1664 1509 1695 uir
1533 1665 1771 1708 amplissimus
1795 1662 1917 1696 consul
1936 1662 1976 1694 icl
1997 1661 2055 1694 illi

161 1720 279 1752 ordini
295 1731 363 1763 per
384 1719 553 1762 populum
574 1717 693 1756 dedit,
726 1718 818 1761 quod
833 1729 899 1761 per·
924 1723 1083 1748 senatum
1106 1718 1137 1748 si
1159 1716 1315 1749 licuisset
1344 1715 1509 1759 dedisset)
1553 1717 1690 1748 Paulo
1717 1727 1847 1758 supra
1878 1716 2054 1747 locutus

159 1783 249 1804 sum
279 1771 394 1802 nihil
424 1770 615 1802 obtineri
642 1770 845 1813 potuisse
875 1781 952 1812 per
983 1770 1021 1800 C.
1047 1769 1287 1806 Caesarem,
1325 1779 1418 1798 cum
1447 1768 1700 1811 publicanis
1726 1774 1831 1811 aput
1858 1773 2053 1800 senatum

158 1823 541 1866 patrocinaretur,
566 1822 904 1854 contradicente
929 1820 1110 1853 scilicet
1132 1821 1181 1852 M.
1203 1822 1381 1853 Catone.
1406 1821 1566 1853 Uerum
1591 1827 1743 1864 postea
1766 1820 1915 1852 consul
1937 1819 2053 1850 idem

161 1876 200 1907 C.
225 1876 381 1907 Caesar
410 1876 547 1918 legem
570 1875 677 1906 tulit
706 1875 753 1906 ad
776 1874 1118 1916 publicanorum
1153 1872 1377 1905 commoda
1401 1872 1428 1915 ¹)
1460 1873 1770 1915 pertinentem,
1804 1872 1871 1904 eui
1901 1870 2052 1902 fauore

158 1928 491 1970 promptissimo
523 1929 592 1960 Cn.
622 1928 791 1959 Plancii
820 1933 944 1970 pater
974 1926 1069 1958 sine
1100 1925 1232 1957 dubio
1261 1925 1460 1964 adstitit,
1502 1925 1703 1967 quoniam
1740 1936 1808 1956 res
1836 1922 2050 1956 utilitatis

158 1992 258 2012 suae
276 1981 500 2022 agebatur.
546 1980 638 2011 Hoc
667 1991 767 2022 ergo
799 1979 1009 2022 quidquid
1041 1984 1155 2010 esset
1176 1977 1542 2021 reprehensionis
1565 1983 1820 2009 remouetur
1842 1977 1886 2008 in
1908 1976 2051 2018 ipsum

159 2033 381 2065 Caesarem
410 2033 520 2075 legis
553 2038 777 2064 auctorem
805 2044 942 2075 nuper
970 2031 1093 2062 latae.
1130 2031 1293 2062 SCHOLIA
1322 2031 1583 2063 AMBROSIAXA.
1628 2031 1757 2072 Legem
1791 2029 1833 2060 de
1860 2026 2051 2071 publicanis

157 2085 238 2117 tulit
261 2086 299 2117 C.
325 2086 446 2117 Caesar
469 2085 597 2119 consul.
620 2091 659 2116 ut
680 2085 854 2127 publicani
877 2084 976 2116 tertia
998 2083 1161 2126 pecuniae
1186 2084 1318 2115 debitae
1337 2089 1435 2125 parte
1460 2083 1715 2121 releuarentur3
1743 2094 1810 2124 quo
1834 2080 1921 2112 facto
1946 2091 2051 2121 eque-

155 2144 262 2170 strem
284 2138 349 2170 sibi
373 2138 529 2170 ordinem
553 2136 730 2178 adiunxit,
754 2149 832 2169 cum
854 2143 888 2169 et
908 2137 1078 2180 populum
1101 2142 1198 2168 antea
1220 2142 1369 2175 teneret3
1399 2135 1447 2166 ita
1468 2134 1603 2166 facilem
1625 2146 1800 2166 ascensum
1823 2133 1865 2165 ad
1889 2144 1978 2171 eam,
2010 2131 2051 2162 de

235 2294 264 2333 1)
301 2296 413 2324 Monet
432 2294 549 2324 Maius:
577 2293 775 2329 „Confirmat
796 2293 962 2323 Suetonius
982 2294 1017 2322 in
1038 2294 1123 2323 Caes.
1143 2293 1240 2330 XX„
1260 2293 1315 2322 nbi
1337 2292 1373 2321 de
1394 2291 1524 2321 Caesare
1549 2291 1675 2320 consule
1693 2291 1829 2330 primum
1849 2290 1908 2319 ait:
1935 2288 2050 2318 Publi-

160 2350 252 2370 canos
278 2346 488 2372 remissionem
512 2347 669 2380 peleules,
706 2343 800 2369 tertia
820 2342 993 2369 mercedum
1006 2347 1102 2380 parte
1123 2343 1279 2371 releuauit
1286 2351 1300 2376 ς
1332 2351 1370 2369 ac
1392 2351 1430 2368 ne
1449 2341 1484 2368 in
1504 2340 1656 2368 locatione
1677 2349 1827 2367 nouorum
1846 2338 2051 2375 uectigalium

157 2390 381 2420 inmoderatius
410 2391 593 2425 liverentur,
620 2390 789 2427 propalam
816 2389 972 2418 monuit.“

1575 2435 1632 2465 27*
