2185 2720
169 145 279 176 LXVI
841 139 1369 170 PROLEGOMENA.

169 221 289 259 Appius
309 222 340 245 et
359 216 515 244 Domitius
528 237 535 251 ,
556 214 665 252 quilius
687 224 761 242 coss.
781 213 825 242 ita
845 214 970 252 scripsit
991 215 1100 243 Cicero
1113 235 1120 249 ‚
1139 212 1224 241 nulla
1243 211 1342 239 adhuc
1361 210 1533 241 habuerant
1551 214 1779 251 magistratuum
1801 215 1935 251 comitia,
1955 213 2049 253 qno—⁴

170 267 259 297 inodo
280 265 386 293 codem
414 273 492 290 :unio
521 261 673 298 designari
695 261 851 289 Plancius·
866 262 974 290 aedilis
1001 262 1104 299 potuit
1131 271 1163 289 ac
1184 260 1221 288 de
1241 258 1358 286 ambitu
1378 268 1514 287 caussam
1535 258 1661 288 dicere?
1695 262 1749 290 Set
1768 263 1920 299 obicitur,
1940 263 2032 290 bien-

169 316 253 343 nium
274 314 355 340 inter
375 310 564 337 tribunatum
585 313 616 336 et
634 308 823 336 aedilitatem
844 308 1037 336 intercedere
1058 308 1209 335 debuisse.
1249 305 1347 343 Atqui
1367 305 1405 333 ad
1424 305 1571 345 patricios
1591 306 1799 344 magistratus,
1824 319 1887 337 non
1907 308 1944 337 ad
1963 309 2032 348 ple·

169 362 254 389 bcios
276 360 326 386 lex
347 355 451 383 bienni
473 355 632 393 pertinuit.
672 354 799 382 Clodius
821 355 944 392 quidem
972 360 1002 383 et
1022 355 1101 383 Milo
1129 365 1208 382 anno
1235 354 1338 382 statim
1364 359 1435 392 post
1463 353 1655 382 tribunatum
1679 354 1722 391 pl.
1748 356 1844 384 creati
1863 362 1951 393 sunt,
1978 357 2033 384 ifle

169 407 292 438 aedilis.
318 404 367 431 hic
388 407 528 440 praetor-3
554 401 697 429 Uatinius
718 411 786 428 cum
807 402 914 430 eodem
935 402 1101 430 interuallo
1122 401 1310 429 aedilitatem
1336 404 1474 439 peteret,
1499 400 1654 438 repulsam
1673 401 1762 439 tulit;
1787 407 1822 430 ut
1841 403 1978 431 omittam
1998 403 2033 432 C.

170 452 364 484 Cosconium,
385 450 423 485 Q.
443 448 605 477 Metellum
625 449 795 486 Nepotem,
823 449 960 486 aliosque
981 453 1152 476 sexcentos.
1192 448 1352 476 Postremo
1373 447 1512 484 Frigius,
1539 446 1621 484 quod
1639 447 1834 484 Laterensis,
1860 450 2035 488 conpetitor

170 500 289 533 Planci,
309 501 432 536 praetor
451 496 547 524 fuerit
566 495 715 523 Marcello
737 500 767 522 et
787 495 927 533 Sulpicio
948 506 1034 531 coss„
1055 501 1088 523 nt
1108 505 1179 523 sane
1201 499 1341 522 constare
1360 494 1458 522 fateor
1478 503 1517 521 ex
1536 494 1617 532 Epp.
1637 495 1673 523 ad
1692 495 1767 524 Diu.
1788 495 1877 532 VIII,
1898 505 1934 532 7.‚
1952 495 2035 524 hunc
2059 501 2063 511 “

169 557 280 577 annum
309 545 351 572 ait
377 543 481 580 Appio
510 548 540 570 et
567 541 709 569 Domitio
737 551 810 568 0055.
840 541 867 568 01
894 542 1074 579 legitumnni
1101 543 1138 570 ad
1164 541 1329 580 petendam
1363 540 1553 569 aedilitatem
1578 541 1691 578 fuisse,
1723 553 1757 570 ac
1784 543 1915 581 proinde
1943 543 2036 571 etiam

168 594 306 624 Plancio.
345 590 473 618 Ualeret
493 589 568 622 hoc,
601 588 626 615 si
647 587 826 616 Laterensis
847 587 1022 625 designatus
1049 589 1158 617 fuisset
1177 587 1284 616 aedilis
1305 597 1373 615 cum
1393 587 1538 625 Planci03
1566 593 1597 616 at
1615 593 1686 627 post
1704 590 1858 628 repulsam
1878 590 1954 628 quid
1972 595 2037 619 erat

169 640 398 679 inpedimento,
426 636 499 673 quin
527 635 629 663 statim
655 639 828 673 praeturam
848 636 992 672 peteret?
1025 636 1122 663 Petiit
1149 645 1219 672 ergo
1247 635 1434 663 aedilitatem
1455 645 1524 663 cum
1543 635 1670 664 Plancio
1690 636 1839 675 Pompeio
1866 637 1980 666 iterum
2007 642 2039 667 et

170 689 279 716 Crasso
301 695 391 718 coss,
426 688 564 720 gesturus
584 692 663 709 anno
691 687 838 718 sequente
859 682 962 719 Appio
991 688 1022 710 et
1041 682 1183 710 Domitio
1213 692 1308 718 coss.,
1342 682 1403 711 nisi
1422 682 1577 720 repulsam
1595 683 1726 713 tulisset.
1765 685 1835 713 Hoc
1855 690 1961 723 aperte
1980 694 2037 714 nos

170 736 259 763 docet
279 733 353 760 haee
373 730 438 768 ipsa
459 729 568 763 oratio,
589 738 666 767 quae
687 728 822 756 ostendit
842 729 1001 757 Plancium
1020 729 1086 766 lege
1106 729 1231 757 Licinia
1250 729 1439 767 postulatum
1458 729 1570 765 fuisse,
1598 740 1615 758 a
1633 731 1678 759 M.
1699 731 1808 760 Crasso
1828 732 1942 761 iterum
1961 742 2038 761 con-

170 783 235 810 sule
254 781 314 807 lata
335 778 372 805 de
392 776 563 803 sodaliciis:
583 776 719 803 Nomine
738 777 817 813 legis
836 775 990 810 Liciniae,
1011 787 1089 813 quae
1109 782 1154 803 est
1173 776 1210 804 ‹le
1229 777 1398 813 sodaliciis,
1419 778 1516 804 omnis
1535 777 1672 805 ambitus
1692 778 1773 816 leges
1792 781 1957 817 conplexus
1977 785 2039 808 est.-

169 840 264 867 neque
292 828 373 855 enim
400 825 481 852 aliut
508 826 674 861 quiequam
701 824 734 850 inr
760 823 820 850 hac
846 823 911 859 lege
937 825 999 850 nisi
1027 824 1164 851 editicios
1191 824 1307 851 iudices
1333 829 1454 851 secutus
1474 833 1513 851 εδ.
1553 823 1599 851 Ita
1626 833 1651 852 c.
1675 825 1717 853 15.
1744 830 1774 853 et
1793 826 1874 855 infra
1893 837 1918 855 e.
1938 836 1982 856 20.
2001 827 2040 855 ‹le

170 874 320 908 comitiis,
354 871 464 909 quibus
491 870 636 898 Plancius
664 870 836 907 designatus
866 869 941 898 fnit:
971 880 1050 907 quae
1078 872 1218 906 comitia,
1249 870 1368 908 inquit,
1392 871 1531 907 primum
1559 870 1670 899 hahere
1697 874 1795 910 coepit
1820 875 1944 908 consul,
1971 884 2041 902 cum

169 921 309 950 omnibns
329 922 360 947 in
382 918 470 946 rebus
490 928 610 945 summa
631 919 835 949 auctoritate,
855 922 921 944 lum
941 917 1054 945 harum
1074 919 1214 952 ipsarum
1233 917 1335 954 lzgum
1356 917 1490 945 ambitus
1510 924 1629 946 auctor.
1667 918 1751 947 Idem
1781 919 1901 948 scilicet
1917 921 1961 948 M.
1980 920 2040 948 Li-

170 969 269 998 cinius
291 967 415 995 Crassus
444 965 551 993 consul
578 965 690 992 iterum
717 974 785 991 cum
805 963 953 1000 Pompeio
983 969 1013 992 et
1040 964 1138 1000 legem
1163 963 1319 991 Liciniam
1345 964 1419 991 tulit
1445 963 1482 991 de
1509 964 1666 993 sodaliciis
1693 970 1725 993 et
1743 966 1902 995 Plancium
1922 967 2040 996 creauit

170 1015 315 1050 aedilem,
336 1023 424 1051 quem
445 1013 552 1040 eodem
573 1022 662 1047 anno,
682 1016 717 1039 ut
736 1021 801 1038 mos
822 1015 902 1046 erat,
922 1011 1099 1049 priusquam
1120 1010 1329 1047 magistratum
1348 1010 1461 1047 iniret,
1487 1011 1665 1040 Laterensis
1686 1013 1864 1051 conpetitor
1883 1013 1921 1042 de
1940 1014 2039 1043 ambi-

170 1068 204 1091 tu
224 1060 408 1095 accussauit,
430 1059 540 1088 Cicero
562 1058 715 1093 defendit,
737 1063 767 1086 et
787 1063 822 1086 ut
842 1058 1056 1087 absolueretur
1077 1057 1242 1086 obtinuit.“

243 1108 328 1136 Idem
348 1108 506 1135 Fcrratius
527 1108 564 1135 L.
587 1106 643 1134 III.
664 1116 711 1144 ep.
731 1106 757 1134 5.
777 1115 808 1143 p.
831 1105 882 1143 167
895 1116 956 1144 sq.:

243 1156 317 1191 „Set
352 1160 385 1183 ut
417 1166 531 1183 annum
565 1165 582 1182 a
608 1152 751 1182 Manutio
787 1152 946 1181 defensum
980 1152 1104 1191 penitus
1140 1150 1318 1186 excludam,
1352 1150 1409 1178 illo
1445 1151 1513 1190 ipso
1540 1146 1752 1191 interregnum
1785 1153 1880 1182 fuisse
1912 1153 2040 1184 docebo.

170 1205 247 1233 Cum
278 1212 327 1230 res
361 1202 398 1229 ad
429 1202 639 1239 interregnum
670 1201 802 1235 rediret,
831 1199 857 1227 si
884 1200 987 1228 nullus
1015 1205 1095 1228 esset
1120 1199 1153 1227 111
1171 1209 1206 1228 1-0
1232 1209 1262 1237 p.
1289 1198 1438 1236 patricius
1464 1198 1674 1236 magistratus,
1710 1201 1790 1229 nulli
1817 1205 1904 1229 erant
1930 1202 2041 1239 procul

170 1250 264 1278 dubio
290 1249 360 1276 Kal.
388 1249 538 1277 Ianuariis
565 1249 678 1276 aediles
705 1247 865 1285 designati.
904 1248 997 1275 Anno
1024 1247 1064 1275 U.
1094 1247 1128 1275 C.
1150 1256 1212 1284 70¹·
1243 1245 1384 1273 consules
1411 1245 1467 1273 Cn.
1488 1245 1664 1274 Domitium
1692 1251 1725 1274 et
1750 1247 1794 1275 M.
1813 1247 1988 1277 Messallam
2006 1258 2041 1278 ac

168 1298 305 1336 reliquos
326 1297 424 1325 01111115
453 1297 601 1335 patricios
627 1296 820 1333 magistratus
849 1301 967 1324 creatos
993 1295 1088 1323 fuisse
1115 1294 1152 1322 ab
1180 1294 1351 1330 interrege,
1378 1302 1443 1320 non
1461 1292 1551 1320 modo
1574 1292 1706 1321 habetur
1725 1302 1765 1322 ex
1785 1293 1886 1323 citatis
1905 1295 1986 1334 Epp.
2005 1295 2044 1325 ad

169 1348 208 1384 Q.
228 1347 372 1379 fratrem,
392 1353 501 1372 uerum
521 1344 612 1371 etiam
634 1343 748 1370 diserte
768 1348 843 1381 aput
862 1342 1017 1371 Plutarch.
1056 1341 1089 1369 in
1110 1342 1216 1379 Pomp.
1238 1350 1263 1368 0.
1283 1340 1346 1375 54.,
1367 1339 1535 1378 eodemque
1554 1339 1607 1368 1110
1627 1340 1784 1378 conspirat
1803 1341 1926 1371 celeber
1943 1343 2043 1372 Milo-

168 1395 278 1422 nianae
303 1393 388 1420 locus
417 1401 440 1419 c.
461 1401 505 1429 9.:
531 1393 570 1419 P.
593 1391 718 1419 Clodius
744 1400 815 1418 cum
840 1392 1000 1418 statuisset
1027 1390 1110 1416 omni·
1135 1389 1246 1416 scelere
1271 1389 1305 1416 in
1327 1393 1483 1425 praetura
1503 1397 1616 1415 nexare
1634 1398 1698 1415 rem
1713 1398 1762 1424 p.‚
1791 1389 1970 1427 uideretque
1995 1391 2044 1418 ita

169 1447 273 1470 tracta
293 1450 354 1469 esse
373 1441 500 1467 comitia
519 1448 603 1467 anno
623 1439 795 1474 superiore,
815 1443 851 1465 ut
870 1448 932 1465 non
952 1437 1063 1465 multos
1084 1437 1195 1463 mensis
1209 1440 1397 1472 praeturam
1412 1444 1522 1472 gerere
1535 1439 1649 1471 posset,
1670 1435 1725 1471 qui
1743 1445 1804 1462 non,
1822 1435 1949 1463 honoris
1963 1445 2043 1473 gra-

170 1491 243 1518 dum
263 1493 434 1526 spectaret,
465 1492 500 1514 ut
519 1487 629 1520 ceteri,
658 1491 704 1512 set
724 1490 752 1512 et
772 1484 811 1514 L.
830 1486 983 1513 Paullum
1002 1484 1150 1520 collegam
1172 1480 1306 1520 effligere
1327 1482 1418 1509 uellet
1438 1486 1467 1509 et
1487 1490 1606 1508 annum
1625 1482 1781 1519 integrum
1800 1483 1845 1510 ad
1866 1482 2044 1510 dilaceran-

169 1538 243 1565 dam
262 1545 326 1563 rem
340 1545 375 1571 p.
395 1539 567 1571 quaereret,
587 1531 688 1559 subito
707 1532 837 1569 reliquit
857 1541 976 1559 annum
996 1541 1101 1563 suum,
1121 1539 1211 1568 seque
1230 1530 1264 1556 in
1284 1538 1403 1556 annum
1417 1537 1604 1565 proxumum
1624 1530 1795 1558 transtulit,
1816 1539 1878 1557 non
1896 1529 2044 1567 religione

169 1585 296 1620 aliqua,
316 1586 361 1608 set
382 1586 417 1608 ut
436 1580 578 1614 liaberet,
600 1580 682 1617 qnod
699 1581 763 1616 ipse
784 1578 923 1613 dicebat,
952 1577 996 1605 acl
1007 1583 1195 1614 praeturam
1211 1576 1397 1614 gerendam,
1424 1575 1481 1603 hoe
1502 1581 1547 1603 est
1567 1575 1611 1603 ad
1628 1576 1826 1604 euertendam
1846 1586 1910 1604 rem
1923 1584 1957 1612 p.
1971 1576 2045 1613 ple-

169 1640 244 1658 num
270 1638 388 1656 annum
414 1633 507 1664 atque
534 1628 702 1664 integrum.
740 1625 850 1654 Annus
877 1625 933 1653 ille
965 1625 1108 1663 superior
1135 1629 1180 1652 est
1208 1632 1288 1660 701.,
1324 1633 1383 1660 qno
1412 1622 1540 1650 Clodius
1568 1627 1742 1659 praeturam
1771 1631 1878 1661 gerere
1910 1626 2043 1660 poterat,

169 1675 296 1705 biennio
331 1674 496 1702 interiecto
530 1679 602 1712 post
633 1673 836 1707 aedilitatem,
871 1682 931 1709 quo
964 1672 1076 1700 relicto
1111 1680 1190 1698 anno
1225 1681 1279 1698 suo
1308 1669 1436 1699 Clodius
1470 1673 1646 1707 praeturam
1672 1669 1766 1707 petiit
1792 1670 1825 1697 in
1852 1673 2042 1706 sequentem,

170 1734 239 1752 cum
260 1722 298 1750 T.
318 1721 441 1749 Annius
461 1721 541 1750 Milo
562 1720 732 1749 consularis
761 1723 841 1748 esset
862 1718 1049 1746 candidatus.
1089 1718 1194 1753 Quare
1215 1717 1342 1745 Clodius
1373 1721 1499 1755 praetor
1519 1726 1584 1744 esse
1604 1715 1705 1743 noluit
1724 1725 1804 1743 anno
1825 1725 1880 1743 suo
1899 1715 2041 1743 Domitio

171 1777 201 1799 et
217 1768 361 1799 Messalla
381 1768 583 1796 consulibus?
604 1768 675 1806 quia
694 1767 779 1795 illius
800 1766 872 1794 anni
891 1775 955 1793 11011
975 1764 1066 1794 multi
1085 1774 1203 1792 menses
1223 1768 1413 1802 supererant,
1434 1773 1502 1791 cum
1522 1762 1642 1802 prolata
1660 1761 1791 1790 fuissent
1811 1761 1935 1789 comitia
1942 1771 1950 1798 3
1971 1761 2042 1799 quia

171 1819 208 1846 ad
228 1821 403 1856 praeturam
422 1814 586 1853 gerendam
604 1815 731 1854 plenum
751 1824 865 1842 annum
885 1819 975 1851 atque
994 1813 1149 1849 integrum
1170 1810 1342 1849 quaerebat.
1372 1810 1436 1839 Iam
1455 1820 1546 1838 nemo
1566 1819 1630 1838 non
1649 1809 1744 1845 uidet,
1759 1809 1908 1837 Kalendis
1923 1808 2043 1838 Ianuar.

171 1865 309 1894 eiusdem
328 1862 401 1891 anui
422 1871 483 1898 701.
503 1862 606 1890 nullos
626 1862 660 1890 in
679 1871 713 1890 re
738 1872 768 1900 p.
789 1861 981 1898 magistratus
1000 1859 1111 1895 fuisse,
1137 1858 1270 1897 proinde
1289 1867 1328 1885 110
1348 1857 1457 1886 aedilis
1477 1857 1617 1895 quiden13
1645 1857 1842 1895 omniumque
1861 1856 1988 1884 comitia
2006 1856 2044 1884 ab

171 1915 326 1949 interrege
356 1909 476 1943 habita,
508 1919 572 1936 non
600 1920 616 1937 a
635 1909 673 1937 L.
693 1908 836 1936 Domitio
865 1907 991 1936 consule
1017 1905 1187 1945 superioris
1213 1905 1286 1934 anni
1307 1915 1370 1943 700.
1378 1926 1388 1942 ,
1422 1915 1491 1934 cum
1511 1910 1613 1933 tamen
1633 1904 1774 1933 aedilicia
1792 1903 1901 1933 Planci
1920 1903 2046 1932 comitia

172 1961 237 1988 sine
258 1956 472 1987 controuersia
492 1956 599 1984 consul
619 1955 794 1984 habuerit.“

246 2007 333 2036 Haec
352 2002 525 2037 ferremus,
546 2002 634 2031 cuius
653 2002 826 2031 sententiae
846 1999 1034 2030 Garatonius
1053 1999 1087 2028 111
1105 2004 1179 2028 nota
1198 1999 1236 2029 ad
1255 2009 1300 2028 or.
1319 1999 1423 2028 Plane.
1443 2008 1468 2028 c.
1491 2008 1534 2034 17.
1555 1997 1600 2026 ed.
1620 1996 1751 2036 Neapol.
1769 2008 1800 2037 p.
1820 1998 1886 2029 401.
1906 1997 2044 2027 subscri-

173 2056 252 2094 psit,
271 2054 348 2081 haec
371 2060 516 2079 monens:

247 2099 369 2136 „Uideo
397 2097 491 2126 etiam
518 2096 617 2125 onmis
644 2097 678 2125 in
704 2107 784 2126 anno
810 2106 933 2126 caussae
960 2095 1034 2124 huie
1061 2094 1246 2133 adsignando
1272 2094 1340 2123 falli
1366 2097 1490 2132 praeter
1508 2091 1653 2130 Pighium
1681 2095 1713 2119 et
1741 2091 1926 2121 Ferratium.
1963 2091 2044 2120 Nam

174 2149 301 2187 Pighius
322 2156 387 2174 eam
405 2154 480 2173 uere
499 2144 533 2172 in
552 2144 687 2173 secundo
707 2144 837 2183 Pompei
866 2149 897 2172 et
917 2143 1021 2172 Crassi
1046 2143 1208 2171 consulatu
1235 2141 1392 2176 conlocat,
1425 2139 1541 2168 nullam
1561 2144 1663 2167 tamen
1681 2138 1834 2167 rationem
1854 2139 1970 2174 adfert,
1995 2142 2044 2166 set

175 2207 223 2225 eas
243 2195 357 2224 uidisse
377 2192 521 2227 arbitror,
541 2202 614 2230 quas
634 2196 742 2230 postea
760 2191 920 2220 Ferratius
941 2189 1095 2228 exposuit.
1134 2189 1209 2217 Non
1227 2188 1318 2216 modo
1339 2187 1422 2215 enim
1443 2186 1566 2214 Tullius
1587 2185 1624 2213 de
1643 2185 1711 2222 lege
1729 2186 1871 2221 Licinia,
1890 2190 2042 2222 tamquam

174 2242 303 2277 recenti,
322 2241 470 2278 loquitur,
490 2244 537 2267 set
555 2239 647 2267 etiam
665 2239 754 2267 Dion
773 2239 845 2267 Lib.
861 2237 1027 2266 XXXIX.
1046 2247 1076 2275 p.
1095 2246 1155 2274 119.
1175 2241 1280 2274 aperte
1296 2235 1399 2270 tradit,
1419 2233 1511 2262 latam
1530 2233 1616 2261 illam
1635 2233 1730 2261 fnisse
1749 2243 1827 2261 anno
1848 2231 1911 2269 699.
1932 2230 2041 2259 Crasso

173 2291 288 2319 iterum
308 2287 449 2322 consule,
468 2291 504 2314 ut
523 2296 548 2314 0.
569 2295 613 2314 20.
633 2296 697 2314 non
717 2286 811 2314 alium
830 2285 948 2323 possis,
967 2287 1063 2323 'quam
1083 2284 1172 2312 illum
1192 2292 1305 2311 annum
1324 2286 1356 2309 et
1376 2281 1535 2309 consulem
1553 2280 1762 2318 intellegere.“

251 2336 304 2363 Set
323 2339 407 2363 reete
426 2334 459 2362 in
481 2334 571 2362 Curis
592 2333 739 2361 Secundis
759 2343 790 2371 p.
813 2341 863 2367 127
880 2345 918 2354 --
936 2331 997 2359 131.
1027 2331 1064 2359 ab
1083 2330 1141 2359 hae
1168 2329 1321 2358 sententia
1340 2328 1495 2364 discessit,
1522 2327 1560 2356 ad
1579 2327 1674 2356 uerba
1700 2324 1886 2353 Scholiastae
1906 2323 2042 2352 Ambro-

177 2383 272 2417 siani,
298 2382 408 2419 quibus
428 2380 518 2408 Tulli
542 2380 638 2408 uerba
664 2390 689 2408 c.
712 2379 755 2407 7‘3.
783 2379 866 2417 quod
891 2380 925 2406 in
946 2387 1096 2414 proxumo
1118 2388 1168 2406 reo
1195 2377 1231 2404 cle
1257 2377 1368 2405 consili
1391 2377 1545 2405 sententia
1571 2369 1802 2403 constitutum-st
1827 2370 2041 2408 explicantur:

178 2431 248 2459 Iam
267 2429 303 2457 de
324 2428 482 2456 sodaliciis
501 2437 644 2456 caussam
662 2427 786 2456 dixerat
804 2428 842 2455 P.
868 2426 1031 2460 Uatinius,
1052 2425 1153 2454 eodem
1173 2424 1354 2461 defendente
1372 2424 1422 2452 M.
1441 2423 1583 2454 Cicerone
1601 2425 1659 2449 etc.
1679 2417 1753 2447 hacc
1773 2417 1936 2446 adnotans:
