2185 2720
166 173 221 202 216
809 159 1381 194 COMMENTARIUS.

167 254 263 275 cum
290 240 523 274 multorum
552 237 695 271 exitio
724 244 987 271 moueretur.
1024 238 1187 270 ScnomA
1210 235 1470 268 AMBROSIANA.
1513 236 1567 268 De
1588 233 1719 266 Pisonis
1747 234 1872 266 scelere
1900 232 1962 266 cfr.
1983 232 2021 266 in

168 296 232 328 Pis.
253 295 291 327 C.
313 295 398 327 XX.
422 294 452 336 §.
475 292 547 333 47.‚
568 291 609 323 de
631 291 756 324 Gabini
777 303 839 334 pro
861 290 978 322 Rabir.
1000 290 1090 323 Post.
1118 291 1155 322 C.
1179 289 1276 322 VIII.
1300 288 1331 330 §.
1354 298 1406 320 21.
1428 293 1463 320 et
1483 287 1519 319 in
1540 287 1606 319 Pis.
1630 286 1669 318 C.
1690 286 1791 318 XXI.
1813 287 1844 328 §.
1865 286 1936 320 48..

250 347 389 391 Emptis
405 345 602 389 prouinciis
623 357 646 377 a
668 350 790 377 senatu
811 362 854 368 -
876 342 1086 387 defecerant)
1131 340 1309 373 Guilielmi
1337 341 1562 372 coniecturam
1589 339 1716 382 probo,
1748 340 1854 383 empti
1873 338 2023 384 prouin-

169 401 254 435 ciis.-
289 400 352 431 hoc
377 398 469 429 enim
490 397 600 440 pretio
623 396 700 428 Piso
731 403 765 428 et
788 396 953 429 Gabinius
982 407 1002 427 a
1023 407 1061 427 re
1082 406 1116 437 p.
1139 392 1346 433 defecerunt,
1382 392 1474 435 quod
1497 391 1536 423 in
1555 392 1691 434 uolgata
1721 391 1834 424 minus
1862 391 2024 423 concinne

169 452 386 496 significatur.
421 451 680 483 GARATONIUS.
726 448 876 481 Orellius
899 447 1066 491 uolgatam
1090 446 1292 489 scripturam
1312 444 1524 478 retinendam
1544 445 1696 483 monuit,
1727 444 1836 476 adlato
1862 442 1905 474 de
1925 453 2025 486 prou.

171 518 260 538 cons.
285 506 322 537 C.
345 504 428 536 1V.:
462 503 597 536 Emisti
615 515 638 535 a
650 501 869 545 foedissumo
891 500 1028 533 tribuno
1044 501 1099 545 pl.
1119 517 1162 523 —-
1180 499 1312 543 grandi
1328 498 1497 542 pecunia,
1528 503 1569 529 ut
1588 497 1652 529 tibi
1675 497 1716 530 de
1736 497 1893 541 pecuniis
1914 496 2027 528 credi-

174 560 219 591 tis
241 559 296 590 ius
319 556 356 590 in
379 555 502 590 liberos
526 555 673 599 populos
693 571 735 578 —
757 555 870 586 dicere
897 554 1026 586 liceret.
1060 551 1204 584 ibidem:
1239 563 1340 594 quom
1362 550 1534 583 Gabinius
1564 550 1680 582 omnia
1709 550 1775 581 sibi
1802 555 1836 582 et
1855 553 1970 592 empta
1994 552 2028 579 et

173 612 314 644 emenda
341 622 412 643 esse
443 609 618 641 clamaret.
662 606 789 638 Contra
811 617 913 648 quem
934 606 1056 637 Bakius
1085 616 1147 647 pro
1174 603 1281 635 Sestio
1305 603 1343 635 C.
1365 603 1467 636 XIV.
1490 608 1578 635 extr.
1599 607 1705 646 pacto
1718 601 1863 645 foedere
1878 600 2027 645 prouin—

173 665 326 702 ciarum,
366 668 399 694 et
420 661 456 693 in
479 661 544 692 Pis.
569 661 607 692 C.
629 659 765 691 XXIV.
787 658 834 689 in.
867 671 938 691 una
958 658 1110 690 mercede
1136 655 1342 700 prouinciae
1369 654 1614 687 correctionem
1642 654 1742 686 istam
1769 653 1857 686 tueri
1883 650 2029 684 monuit.

171 715 343 757 Loquitur
368 714 410 746 de
432 714 550 745 eadem
570 723 608 744 re
632 711 750 744 Cicero
771 710 808 742 in
829 711 895 743 Pis.
920 711 958 743 C.
980 710 1060 743 VII.
1085 710 1114 751 §.
1142 709 1190 740 15.
1213 708 1271 740 cui
1295 713 1334 741 tu
1355 713 1494 740 senatus
1515 708 1777 746 auctoritatem,
1811 706 1959 739 salutem
1979 704 2030 737 ci-

173 768 314 805 uitatis,
358 773 465 800 totam
505 777 577 798 rem
608 777 646 809 p·
677 764 883 808 prouinciae
912 762 1070 807 praemio
1107 761 1308 794 uendidisti.
1350 760 1479 792 Ibidem
1514 760 1553 791 C.
1588 760 1726 793 XXIV.
1765 761 1796 802 ς.
1833 759 1885 801 57.
1928 767 2030 801 quom

168 819 354 864 prouincia
377 819 440 852 tibi
462 820 531 852 ista
552 817 810 860 manupretium
822 814 941 859 fuerit
961 827 1028 847 non
1050 825 1189 846 euersae
1204 824 1270 857 per
1294 818 1342 852 te,
1362 818 1414 845 set
1428 813 1590 856 perditae
1611 812 1778 845 ciuitatis.
1798 816 1876 855 post
1896 809 1968 842 red.
1990 808 2030 840 ad

175 871 274 913 Quir.
298 872 335 903 C.
360 872 405 904 V.
437 872 466 913 §.
493 871 541 903 15.
574 881 676 914 quom
697 869 765 900 duo
789 868 941 900 consules
963 867 1070 910 empti
1097 866 1255 909 pactione
1276 867 1543 909 prouinciarum
1565 870 1721 898 auctores
1749 877 1784 897 se
1807 862 1958 896 inimicis
1979 860 2031 894 rei

170 924 331 968 publicae
359 924 597 956 tradidissent.
638 920 835 954 Uerissuma
861 926 974 951 autem
996 918 1130 960 uolgata
1155 919 1368 961 scripturast,
1405 918 1598 960 dictumque
1619 918 1741 961 emptis
1757 914 1952 960 prouinciis
1972 913 2031 953 sic,

174 982 214 1007 ut
234 976 295 1007 sit:
335 988 391 1014 eo,
429 975 519 1019 quod
539 979 693 1007 emerunt
712 972 931 1017 prouincias,
971 984 994 1004 a
1015 976 1136 1003 senatu
1159 976 1221 1002 etc.
1247 970 1456 1014 defecerunt.
1498 971 1552 1003 Ac
1573 975 1713 1001 tuentur
1734 980 1808 1000 eam
1829 967 1961 1010 egregie
1983 977 2033 1007 ea,

177 1039 262 1071 quae
283 1028 322 1059 ad
344 1027 531 1059 Lentulum
555 1027 612 1068 (ad
633 1026 714 1058 Diu.
738 1026 771 1064 Ι,
795 1036 832 1068 9,
855 1024 921 1067 29.)
955 1035 974 1056 a
995 1023 1044 1056 M.
1068 1022 1184 1054 Tullio
1208 1023 1331 1065 scripta
1352 1029 1452 1055 sunt:
1487 1023 1616 1056 Postea
1639 1034 1739 1066 quom
1761 1027 1799 1054 tu
1819 1019 2035 1064 Hispaniam

176 1081 370 1113 citeriorem
392 1092 470 1113 cum
491 1080 624 1123 inperio
647 1079 832 1117 obtineres,
863 1089 1002 1122 neque
1024 1087 1092 1108 res
1120 1075 1307 1119 publica
1336 1075 1530 1107 consules
1559 1074 1754 1113 liaberet,
1783 1078 1847 1106 set
1868 1083 2033 1105 merca-

177 1140 294 1167 tores
309 1133 649 1178 prouinciarum
671 1137 711 1163 et
733 1130 1001 1162 seditionum
1022 1140 1174 1161 seruos
1195 1141 1242 1161 ac
1264 1128 1517 1160 ministros.-
1545 1128 1626 1159 iecit
1648 1126 1788 1170 quidam
1809 1137 1908 1158 casus
1929 1129 2034 1168 caput

177 1199 289 1219 meum
311 1186 411 1230 quasi
434 1185 631 1218 certaminis
659 1195 782 1216 caussa
803 1183 841 1215 in
862 1183 1011 1214 mediam
1033 1181 1279 1214 contentionem
1300 1180 1609 1222 dissensionemque
1638 1178 1786 1211 ciuilem.
1827 1176 1930 1209 Adde
1955 1182 2034 1220 post

177 1238 250 1270 red.
280 1238 317 1269 in
345 1250 415 1270 sen.
445 1239 483 1270 C.
515 1239 579 1271 IV.
611 1237 641 1279 ἓ.
675 1248 723 1269 1ο.
764 1247 832 1269 non
859 1235 1033 1275 consules,
1074 1239 1125 1267 set
1152 1239 1357 1267 mercatores
1378 1233 1645 1277 prouinciarum
1676 1242 1718 1264 ac
1742 1230 1938 1264 uenditores
1973 1241 2035 1262 uo-

178 1297 272 1324 strae
295 1291 493 1334 dignitatis.

265 1344 336 1385 Qui
358 1344 582 1384 exercitibus,
604 1344 664 1388 qui
686 1342 813 1382 armis,
836 1342 897 1386 qui
922 1340 1041 1385 opibus
1058 1340 1264 1384 plurumum
1279 1340 1457 1384 poterant)
1482 1340 1565 1371 Bau.
1590 1338 1639 1380 [et
1659 1335 1749 1378 Erf.]
1772 1341 1807 1367 et
1827 1345 1914 1367 unus
1937 1335 2037 1368 Oxo-

181 1396 306 1428 niensis
329 1398 491 1429 exercitu.
535 1396 749 1429 Conferenda
766 1395 926 1427 Sextiana
946 1399 995 1425 est
1018 1393 1056 1424 C.
1078 1393 1195 1425 XVII.
1212 1393 1346 1426 XVIII.
1364 1393 1484 1424 XIX..
1526 1392 1583 1424 Ex
1605 1401 1643 1421 ea
1662 1394 1763 1432 patet,
1786 1387 2036 1420 triumuiratum

181 1449 452 1480 celeberrumum
474 1449 626 1491 intellegi
647 1447 805 1491 Pompei,
835 1447 1003 1485 Caesaris,
1034 1452 1068 1477 et
1093 1445 1221 1483 Crassi-3.
1255 1457 1296 1477 ex
1319 1445 1458 1489 quibus,
1492 1443 1589 1483 dicit,
1618 1454 1726 1475 unum
1747 1440 1952 1484 (Caesarem)
1974 1442 2039 1475 luz-

182 1502 258 1534 bere
280 1502 467 1534 exercitum
490 1503 527 1534 in
547 1503 658 1534 Italia
679 1513 902 1539 maxumum,
931 1501 1019 1538 duo,
1052 1499 1113 1542 qui
1129 1499 1266 1542 priuati
1289 1503 1362 1529 tum
1386 1502 1514 1535 essent,
1548 1501 1582 1528 et
1597 1506 1757 1539 praeesse
1779 1500 1812 1527 et
1835 1506 1982 1538 parare,
2007 1495 2040 1527 si

183 1556 331 1594 uellent,
354 1555 542 1587 exercitum
557 1567 677 1598 posse,
704 1555 806 1597 idque
818 1551 984 1596 facturos
1007 1563 1077 1583 esse
1098 1549 1263 1593 (Clodius)
1286 1550 1440 1588 dicebat3
1462 1561 1522 1581 nec
1543 1548 1631 1580 milii
1652 1548 1712 1579 ille
1734 1547 1903 1580 iudicium
1922 1565 1966 1573 —
1988 1552 2041 1580 set

184 1608 274 1646 uim,
296 1619 414 1645 arma,
440 1607 627 1645 exercitus,
650 1607 880 1649 inperatoreS,
908 1609 1023 1636 castra
1041 1603 1277 1635 denuntiabat.
1321 1604 1410 1634 Cum
1430 1601 1532 1643 igitur
1553 1612 1640 1631 unus
1661 1611 1781 1631 reuera
1802 1605 1888 1631 esset
1909 1599 2042 1631 exerci-

185 1665 249 1698 tus,
273 1670 380 1701 eoque
400 1670 468 1690 uno
486 1658 656 1689 triumuiri
677 1659 745 1689 iam
763 1657 964 1700 plurumum
985 1661 1127 1699 possent,
1150 1655 1206 1686 hic
1220 1656 1374 1686 lubenter
1391 1653 1547 1696 equidem
1568 1654 1721 1686 exercitu
1741 1651 1941 1695 praeferam.
1965 1653 2042 1685 GA-

185 1720 386 1743 RATONIUS.
430 1710 529 1742 Nihil
550 1710 663 1742 uerius
685 1710 851 1752 scriptura
872 1709 1042 1748 exercitu,
1074 1719 1174 1750 quam
1197 1714 1229 1739 et
1250 1705 1380 1749 optumi
1402 1705 1545 1745 codices,
1575 1711 1608 1736 et
1629 1717 1682 1737 res
1705 1705 1796 1747 ipsa,
1831 1710 1865 1735 et
1883 1704 1942 1735 alii
1963 1704 2040 1745 loci,

185 1763 222 1794 in
245 1764 366 1805 quibus
390 1762 536 1794 eiusdem
558 1762 607 1794 rei
628 1762 755 1794 mentio
778 1761 833 1802 fit,
869 1763 968 1792 unice
991 1767 1138 1793 tuentur.
1184 1759 1254 1792 Cfr.
1282 1770 1345 1801 pro
1369 1757 1469 1789 domo
1493 1758 1530 1789 C.
1553 1758 1612 1789 LI.
1639 1758 1668 1799 ἓ.
1697 1757 1766 1789 151.
1801 1757 1856 1789 Tu
1876 1772 1919 1780 —-
1941 1768 2042 1800 quom

181 1816 422 1860 praesentibus
455 1816 562 1859 copiis
591 1815 824 1859 perditorum,
861 1814 1010 1846 absentis
1042 1814 1212 1846 exercitus
1241 1818 1371 1845 terrore
1406 1816 1440 1843 et
1469 1809 1573 1841 minis
1607 1815 1684 1849 etc„
1728 1810 1769 1840 de
1802 1819 1916 1851 arusp.
1951 1819 2041 1851 resp.

189 1868 227 1899 C.
250 1868 368 1899 XXII.
394 1869 423 1909 ἕ.
448 1868 499 1910 47.
522 1868 580 1901 An
601 1869 666 1900 iste
682 1885 724 1891 —
744 1867 815 1899 nisi
837 1867 1024 1898 exercitum
1046 1866 1081 1898 C.
1103 1865 1260 1897 Caesaris
1282 1865 1334 1906 (in
1357 1875 1421 1907 quo
1435 1861 1609 1905 fallebat,
1636 1868 1687 1894 set
1707 1874 1803 1895 nemo
1823 1873 1901 1894 eum
1923 1861 2044 1893 redar-

185 1920 328 1963 guebat)
351 1921 421 1952 nisi
443 1933 537 1960 eum,
563 1921 724 1963 inquam,
759 1920 946 1950 exercitum
974 1919 1086 1962 signis
1116 1917 1253 1961 infestis
1279 1918 1316 1949 in
1346 1916 1479 1948 curiam
1508 1927 1543 1947 se
1565 1915 1790 1947 inmissurum
1810 1913 2044 1946 minitaretur.

187 1978 266 2016 post
286 1972 358 2005 red.
381 1972 417 2004 in
439 1985 508 2005 sen.
534 1974 572 2005 C.
594 1973 691 2004 XIII.
718 1974 748 2012 §.
771 1971 823 2003 5¹2.
845 1972 939 2003 Erat
961 1972 1053 2003 alius
1077 1971 1124 2003 ad
1138 1977 1260 2014 portas
1280 1982 1357 2001 cum
1378 1967 1510 2011 inperio
1533 1967 1569 1998 in
1595 1967 1721 1999 multos
1743 1977 1868 2004 annos,
1900 1976 2045 2008 magno-

190 2037 254 2069 que
276 2026 447 2064 exercitu3
471 2037 569 2069 quem
590 2036 652 2067 ego
675 2024 854 2056 inimicum
876 2024 963 2056 milii
975 2023 1093 2067 fuisse
1115 2035 1182 2055 non
1205 2023 1299 2061 dico3
1333 2021 1492 2060 tacuisse,
1515 2032 1615 2064 quom
1637 2021 1808 2052 diceretur
1834 2029 1904 2051 esse
1925 2017 2044 2050 inimi-

190 2090 268 2119 cus,
295 2090 376 2109 seio.

274 2129 433 2161 Furialis
456 2130 522 2162 illa
544 2142 629 2168 uox,
651 2127 800 2172 nefariis
821 2130 955 2172 stupris
978 2129 1152 2173 religiosis
1183 2126 1353 2160 altaribus
1383 2125 1594 2169 effeminata)
1635 2125 1794 2156 Pessume
1815 2123 1856 2154 ab
1877 2120 2044 2160 Ernestio‚

191 2181 370 2221 Schutzio,
405 2182 556 2221 Orellio,
589 2182 730 2223 aliisque
752 2188 830 2224 post
851 2183 984 2225 stupris
1010 2193 1139 2214 comma
1159 2179 1306 2223 positum
1330 2189 1414 2216 esse,
1453 2179 1524 2220 ipse
1548 2178 1678 2209 docebit
1701 2178 1819 2209 Cicero
1839 2176 1875 2207 in
1897 2179 1980 2206 orat.
2002 2172 2046 2204 de

192 2244 291 2275 prou.
314 2245 405 2265 cons.
430 2235 467 2266 C.
491 2235 537 2266 X.
562 2235 592 2276 §-
617 2233 667 2265 24.
690 2234 856 2266 scribens:
882 2234 985 2274 Quod
1004 2235 1090 2266 milii
1112 2234 1228 2265 odium
1250 2243 1327 2263 cum
1348 2231 1392 2263 P.
1414 2230 1531 2263 Clodio
1544 2230 1643 2274 fuit,
1671 2231 1742 2262 nisi
1764 2229 1855 2274 quod
1871 2225 2046 2271 pernicio-

193 2297 269 2317 sum
287 2287 429 2329 patriae
451 2288 560 2319 ciuem
573 2286 657 2330 fore
673 2286 863 2329 putabam,
898 2288 958 2330 qui
981 2287 1194 2330 turpissuma
1215 2283 1368 2315 lubidine
1389 2284 1546 2316 incensus
1569 2284 1678 2315 duas
1706 2294 1772 2314 res
1795 2278 2045 2314 sanctissu-

193 2349 304 2376 maS,
335 2339 595 2382 religionem
622 2345 660 2372 et
676 2340 971 2382 pudicitiam,
1012 2351 1091 2372 uno
1123 2337 1291 2369 scelere
1320 2336 1568 2368 uiolasset?
1611 2335 1698 2368 Uide
1729 2334 1842 2365 eadem
1865 2331 1904 2362 de
1925 2341 1964 2361 re
1990 2329 2045 2361 lo-

196 2395 352 2475 qtllegtem
377 2391 426 2422 M.
450 2393 604 2424 Tullium
631 2393 668 2423 in
693 2398 777 2424 orat.
804 2392 917 2423 Pison.
948 2392 986 2424 C.
1003 2390 1177 2424 XXXIX.
1206 2390 1236 2431 ς.
1266 2390 1334 2432 95.,
1367 2388 1409 2420 de
1437 2400 1549 2432 arusp.
1577 2399 1666 2430 resp.
1697 2388 1736 2418 C.
1764 2384 1879 2418 XVII.
1910 2394 1978 2425 sq.‚
2010 2387 2045 2413 et

195 2453 214 2473 a
295 2448 334 2473 tt.
360 2444 389 2482 I,
414 2454 483 2477 12..
