2185 2720
165 142 312 173 XLVIII
837 139 1369 169 PROLEGOMENA.

166 219 334 257 scriptura,
361 218 442 246 uotis
462 215 659 252 omnibusque
677 214 833 250 &terimi-⁹,
861 214 955 251 alter,
983 225 1051 242 eum
1074 215 1172 252 glossa
1191 223 1284 251 super
1311 211 1455 241 omnibns
1477 218 1558 241 essct
1583 215 1700 252 posita,
1726 215 1868 255 scripsit,
1894 214 1927 243 id
1952 214 2035 253 quod

167 265 308 303 procliue
335 270 416 299 crat,
442 263 580 292 omnibus
608 262 822 299 lacrimisque,
850 262 931 290 unde
951 263 1079 291 formata
1100 260 1292 290 Erfurtensis
1320 260 1394 287 libri
1420 260 1530 295 lectio,
1558 263 1640 288 uelis
1659 263 1797 290 omnibus
1816 264 2034 300 lacrimisque5

168 317 274 340 contra
294 313 345 350 qui
366 312 493 349 glossam
514 315 584 338 ante
611 311 691 337 uotis
719 310 951 345 conlocauerat,
979 309 1004 337 is
1024 309 1211 342 necessario,
1247 318 1314 335 cum
1334 307 1430 335 uerba
1450 308 1589 335 lacrimis
1615 310 1695 335 noli-s·
1712 309 1917 347 omnibusque
1942 319 2034 338 sensu

167 369 272 387 carere
291 359 564 391 animaduerteret,
595 368 652 395 que
673 357 811 394 copulam
833 367 957 385 mouere
986 357 1055 385 loco
1082 367 1137 384 suo
1166 355 1312 389 debebat,
1341 359 1372 382 et
1399 354 1534 382 scribere
1560 355 1698 382 lacrimis
1724 357 1862 393 uotisque
1887 357 2035 390 omnibus,

168 416 244 445 quae
264 407 458 434 consentiens
478 405 611 433 familiae
632 405 741 432 tertiae
762 404 903 432 codicum
923 404 1114 442 scripturast.
1152 403 1196 431 At
1217 402 1333 430 obiciat
1354 401 1432 439 quis⁷
1451 411 1512 429 non
1534 401 1712 429 uerosimile
1733 412 1807 437 csse,
1827 407 1862 430 ut
1880 403 2034 442 interpres

167 463 274 481 uocem
295 453 379 481 illam
399 452 668 491 superscripscrit‚
697 462 754 488 qua
775 452 895 479 nullum
917 462 1040 487 eorum,
1074 461 1150 489 quae
1171 461 1188 478 a
1209 449 1315 478 Tullio
1336 448 1437 486 posita
1457 449 1551 477 uerba
1571 449 1648 484 sint,
1676 449 1869 487 explanetur.
1907 450 2035 489 Et-ipso

166 501 316 529 iudicium
336 511 437 529 meum
458 498 653 529 temerarium
675 498 826 533 dicerem,
862 499 887 526 si
916 499 949 526 in
977 500 1100 534 codice,
1129 499 1161 526 111
1189 508 1248 536 quo
1269 496 1403 534 primum
1423 495 1523 533 posita
1541 496 1635 524 fuisse
1657 497 1754 533 glossa
1774 498 1828 525 illa
1848 497 2035 534 eeusendast,

167 559 242 577 uera
269 549 423 587 seriptura
448 550 528 575 uotis
555 545 766 582 ominibusque
793 546 957 574 extitisset.
997 546 1114 574 Uerum
1143 555 1210 573 cum
1236 544 1269 571 111
1296 543 1422 580 antiquo
1450 543 1504 571 ill'o
1534 544 1702 581 exemplari
1729 546 1809 572 nolis
1837 544 2035 583 omnibusque

167 597 317 634 scriptum
337 596 431 624 fuisse
451 594 664 622 emtissumum
685 593 734 627 sit,
755 602 844 620 nemo
864 604 929 621 11011
947 594 1048 627 uidet,
1069 591 1233 630 i11te1preti
1254 601 1388 618 mancam
1409 590 1551 618 debuisse
1572 592 1743 619 orationem
1763 591 1881 626 uideri,
1903 591 2034 629 ideoque

167 643 293 681 aliquod
312 644 457 677 uerbum,
486 641 567 679 quod
588 640 624 668 ad
644 641 842 677 ommlmsque
864 641 1052 678 pertineret,
1080 639 1251 667 addendum
1272 648 1336 666 esse
1358 638 1466 666 111511111.
1506 638 1589 675 Quid
1616 643 1717 666 autem
1744 639 1838 676 magis
1858 644 1981 677 poterat.
2000 639 2032 667 111

168 695 301 719 mentem
321 690 444 724 uenire,
472 699 559 726 quam
580 688 627 723 id,
656 688 738 725 quod
759 687 899 715 Tullium
919 688 951 715 in
973 687 1027 715 hac
1048 677 1113 725 ipsa
1133 687 1273 715 omtione
1301 683 1328 724 §.
1351 686 1393 720 73.
1422 696 1582 723 usurpasse
1603 685 1742 722 uiderat,
1769 687 1937 715 dicentem:
1964 698 2035 715 cum

168 748 214 766 me
234 753 273 760 —-
290 747 351 765 non
370 739 519 765 lacrumis
539 737 635 763 solum
655 738 735 770 luis,
769 741 814 762 set
833 745 927 771 —p1·
929 741 1068 762 osec-utne
1087 744 1179 762 esse-,s
1176 734 1189 754 7
1223 733 1328 770 Itaque
1357 733 1518 769 0(nuiuam
1547 742 1601 770 ego
1630 732 1706 761 hauc
1733 734 1916 772 scripturam
1943 735 2035 762 credo

168 795 248 813 esse:
268 785 352 822 quod
368 795 437 812 eum
456 786 523 821 linq
539 789 646 811 *entem
665 789 780 810 terram
803 792 884 812 eam,
906 792 999 819 quam
1019 786 1162 809 seruarat
1174 801 1181 813 ,
1201 782 1280 808 uotis
1301 779 1512 816 ominibusque
1528 783 1685 815 prosecnli
1704 788 1786 810 sunt,

242 833 305 861 Hic
326 842 395 860 eum
423 832 512 859 etiam
535 835 665 858 tractare
693 829 795 857 locum
820 829 940 868 placet,
968 839 1058 867 quem
1085 837 1146 855 uno
1168 827 1246 855 uitio
1267 827 1328 854 iam
1347 836 1440 864 supra
1459 825 1531 854 Lib.
1552 826 1576 854 I.
1605 827 1639 855 C.
1661 828 1716 855 111.
1736 827 1762 867 ἕ.
1783 830 1809 858 8.
1828 828 2035 857 liberauimus.

169 879 324 908 scribitur
342 879 434 916 uolgo
456 878 488 906 C.
508 876 632 905 XVIII.
654 875 681 915 §
701 877 762 904 44:

241 938 351 975 A'eque
371 948 424 974 ego
444 946 526 964 nune
546 936 707 964 consitium
726 933 914 972 reprehendo
934 939 1023 961 tuum
1034 953 1042 969 ‚
1064 932 1146 971 quod
1164 941 1238 960 non
1258 940 1310 958 eas
1329 930 1446 963 tribus,
1466 930 1576 969 quibu-5·
1595 931 1647 960 hic·
1666 942 1808 961 maxume
1827 940 1918 962 notus
1937 940 2036 971 erat,

168 986 310 1014 edideris.

242 1042 386 1072 Uidimus
407 1051 515 1079 supra,
535 1040 712 1078 postulante
732 1039 885 1067 sententia
905 1043 935 1066 et
955 1037 1201 1066 adsentientibus
1223 1035 1380 1064 codicibus
1401 1036 1596 1065 scribendum
1618 1047 1697 1065 esse:
1718 1038 1802 1075 quod
1817 1049 1869 1066 eas
1889 1038 2037 1066 tribus——

169 1101 230 1119 non
257 1090 397 1118 edideris.
436 1088 528 1116 Nunc
555 1087 631 1114 aliut
661 1086 751 1115 etiam
787 1086 838 1114 hic
873 1085 1096 1114 emendandum
1124 1085 1279 1118 uitiumst,
1315 1094 1374 1121 quo
1408 1089 1512 1112 sanato
1539 1084 1633 1121 magis
1662 1085 1751 1113 etiam
1779 1086 1955 1124 apparebit,
1982 1086 2036 1124 qui

167 1140 282 1168 sactum
302 1137 358 1172 sit,
387 1142 424 1165 ut
441 1147 501 1163 non
528 1145 582 1173 p‘u
586 1134 681 1162 ucula
701 1139 769 1161 ante
791 1134 923 1162 edideris
943 1133 1070 1162 omitte]
1073 1137 1149 1160 etm.
1188 1131 1363 1159 Delendum
1385 1131 1465 1159 enim
1486 1131 1614 1160 uerbum
1636 1138 1719 1167 erat,
1750 1133 1831 1170 quod
1850 1134 1874 1161 B
1895 1139 1964 1161 ante
1984 1133 2036 1162 hic

168 1185 274 1224 ponit,
301 1184 371 1212 fam.
392 1183 501 1211 tertiae
522 1181 658 1216 codices,
689 1181 740 1218 qui
762 1181 913 1218 uolgatam
935 1180 1117 1218 smipturam
1138 1183 1280 1214 tuentur,
1309 1188 1371 1205 uno
1392 1179 1438 1207 La
1459 1185 1589 1217 excepto
1611 1185 1679 1218 post
1699 1186 1790 1207 notas·
1809 1185 1945 1218 ponunt,
1973 1180 2037 1208 Er—

168 1231 317 1261 fmtensis
337 1236 437 1258 autem
459 1229 583 1256 omittit.
624 1228 686 1255 Iam
707 1228 811 1263 uides,
832 1238 900 1255 cum
921 1228 1070 1266 seliptum
1092 1231 1171 1254 essct
1191 1229 1258 1254 nol’
1278 1238 1316 1254 no
1344 1225 1377 1253 id
1397 1231 1441 1253 est
1461 1233 1551 1254 notus
1571 1237 1649 1261 non,
1677 1228 1832 1255 facillume
1852 1228 2036 1265 pulticulam

168 1279 341 1317 negatiuam
374 1276 516 1305 excidere
550 1276 694 1314 potuisse.
735 1275 791 1303 Est
818 1280 918 1303 autem
945 1275 1074 1302 uerbum
1103 1280 1169 1302 erat
1201 1284 1263 1302 non
1290 1278 1455 1312 proptciea
1482 1273 1580 1301 solum
1608 1284 1663 1312 pro
1693 1274 1826 1302 insititio
1853 1274 2036 1310 habendum,

169 1327 252 1366 quod
277 1327 310 1354 in
330 1326 357 1353 E
378 1336 441 1353 non
469 1328 568 1358 extat,
603 1328 649 1353 set
677 1323 759 1361 quod
789 1322 821 1350 in
842 1323 866 1350 Β
887 1327 918 1350 ct
943 1323 1013 1350 sam.
1039 1321 1149 1349 tertiae
1169 1321 1327 1350 codicibus
1353 1330 1416 1349 non
1437 1321 1566 1349 eundem
1587 1322 1690 1351 locum
1710 1327 1848 1362 occupat.
1888 1316 2044 1351 Ceterum'

169 1386 232 1405 non
252 1380 320 1404 erat
340 1372 384 1401 ibi
404 1370 626 1412 supplendum,
646 1375 680 1399 ut
699 1370 800 1399 uisum
820 1370 1001 1408 interpreti²
1022 1374 1068 1398 set
1088 1375 1142 1398 est.

1058 1465 1084 1502 §-
1106 1472 1151 1499 12.

243 1526 317 1556 Non
342 1524 448 1554 minus
471 1523 578 1563 spuria
601 1534 668 1552 mea
695 1523 847 1552 sententia
866 1521 1030 1551 iudicanda
1049 1532 1083 1550 ea
1109 1520 1203 1550 uerba
1223 1524 1310 1556 sunt,
1346 1531 1420 1560 quae
1441 1521 1473 1550 in
1494 1523 1518 1550 B
1539 1527 1570 1550 et
1589 1522 1616 1550 E
1638 1522 1759 1560 quidem
1781 1520 1905 1549 eandem
1925 1521 2038 1557 sedem,

168 1585 278 1604 uerum
307 1573 395 1601 aliam
424 1582 549 1609 eamque
576 1582 680 1608 uagam
709 1571 740 1599 in
770 1572 904 1599 familiae
924 1571 1034 1599 tertiae
1055 1569 1213 1597 codicibus
1232 1567 1353 1596 habent.
1391 1570 1554 1597 Pertinent
1573 1569 1633 1597 huc
1653 1575 1716 1597 tres
1737 1569 1814 1604 loci,
1845 1569 1878 1596 111
1906 1579 2037 1606 quorum

170 1623 288 1650 duobus
308 1630 370 1648 non
392 1619 527 1647 dubitari
548 1628 634 1656 posse
654 1624 747 1656 puto,
778 1619 851 1656 quin
872 1619 908 1646 ab
930 1619 1101 1655 interprete
1121 1616 1260 1654 prosecta
1279 1616 1373 1643 uerba
1393 1617 1469 1651 sint,
1508 1627 1583 1654 quae
1610 1617 1696 1644 uarie
1724 1617 1756 1644 in
1782 1616 1940 1644 codicibus
1961 1625 2037 1644 eon-

168 1670 268 1698 ]ocata
286 1667 496 1706 reperiuntur.
536 1665 653 1693 Eorum
673 1666 751 1693 alter
772 1666 805 1694 C.
827 1665 1005 1693 XXXVII.
1025 1662 1051 1702 §.
1072 1673 1117 1701 91.
1139 1667 1222 1691 extat
1242 1668 1272 1690 et
1290 1664 1381 1701 uolgo
1402 1664 1446 1691 sic
1467 1664 1632 1692 scribitur:

242 1726 331 1754 Nam
357 1724 440 1762 quod
465 1729 494 1751 te
519 1725 553 1752 in
572 1734 606 1752 re
619 1724 749 1761 publiea
769 1723 898 1752 liberum
925 1731 1010 1750 esse
1032 1723 1190 1759 gloriatus
1217 1731 1271 1756 e8‚.
1290 1721 1326 1749 id
1343 1732 1398 1759 ego
1419 1729 1447 1750 et
1467 1723 1578 1761 fateor
1598 1729 1627 1750 et
1646 1723 1745 1750 laetor
1764 1726 1792 1749 et
1813 1719 1871 1748 tibi·
1889 1721 1983 1748 etiam
2002 1721 2037 1749 in

168 1774 225 1803 Ιιοε
240 1774 396 1811 gratulor.

243 1821 300 1848 Est
327 1819 403 1860 haec
429 1823 530 1846 autem
557 1817 822 1856 paucissumorum
848 1817 918 1845 fam.
946 1815 1056 1844 tertiae
1084 1815 1224 1844 codicum
1251 1816 1418 1855 scriptura,
1443 1816 1479 1843 111
1505 1827 1562 1854 qua
1589 1816 1646 1844 etsi
1667 1815 1746 1843 nihil
1767 1819 1812 1842 est
1831 1813 1908 1849 uiti,
1935 1819 2037 1843 tamen

170 1867 331 1896 admodum
351 1876 456 1904 aspere
483 1865 520 1893 ad
546 1866 628 1893 auris
658 1865 752 1893 uerba
780 1864 911 1892 liberum
938 1874 999 1891 esse
1021 1864 1177 1901 glorialus
1198 1875 1228 1892 es
1249 1865 1368 1893 cadunt.
1408 1864 1526 1892 Uerum
1546 1864 1643 1892 multo
1663 1862 1757 1899 magis
1778 1866 1943 1899 propterea
1962 1861 2038 1890 haee

170 1915 322 1953 scriptura
341 1913 547 1951 inprobanda,
570 1913 648 1950 quod
671 1913 790 1950 optumi
810 1911 1008 1949 plurumique
1029 1911 1167 1948 codices,
1195 1923 1324 1949 quorum
1344 1913 1435 1950 longe
1454 1912 1551 1940 maior
1571 1910 1735 1939 auctoritas
1756 1914 1817 1944 est,
1845 1908 1935 1936 aliter
1956 1908 2038 1936 Tul-

169 1964 246 1992 lium
267 1962 426 2000 scripsisse
445 1966 606 1989 testantur.
647 1961 693 1988 Ac
714 1959 846 1997 primum
868 1959 991 1996 quidem
1013 1970 1042 1987 es
1062 1970 1125 1987 non
1144 1965 1231 1998 post,
1265 1965 1313 1988 set
1332 1952 1403 1987 ant'e
1427 1961 1583 1996 gloriatus
1609 1969 1626 1986 a
1647 1957 1754 1985 Tullio
1781 1955 1917 1994 positum
1943 1955 2038 1984 fuisse

170 2016 203 2039 ut
224 2010 398 2044 credamus,
426 2019 488 2036 11011
509 2009 607 2036 solum
627 2006 769 2034 Bauarici
790 2011 820 2033 et
840 2006 1031 2034 Erfurteusis
1052 2007 1255 2042 auctoritates
1277 2017 1353 2044 quae
1379 2007 1443 2034 sola
1462 2007 1631 2040 sufficeret,
1656 2015 1764 2033 uerum
1785 2003 1876 2031 etiam
1895 2004 1962 2039 Lb,
1981 2004 2038 2040 Pb,

169 2059 211 2086 Pe
232 2056 426 2091 testimonio,
456 2066 524 2083 eum
551 2055 683 2093 optumis
705 2054 767 2081 illis
789 2064 818 2081 es
834 2055 992 2091 gloriatzcs
1012 2054 1231 2090 scribentium,
1259 2055 1309 2082 uel
1330 2054 1423 2082 inuiti
1444 2053 1631 2091 inpellimur.
1672 2051 1829 2080 Continuo
1850 2055 1949 2088 patet,
1977 2061 2038 2079 esse

169 2115 231 2133 uon
252 2114 341 2142 posse
361 2108 432 2141 post
451 2103 580 2131 liberum
601 2102 702 2129 locum
722 2100 843 2128 habere.
883 2101 1096 2139 Probaturque
1117 2101 1191 2129 hacc
1211 2111 1332 2139 quoque
1352 2101 1505 2129 sententia
1523 2101 1737 2139 plurumormn
1758 2108 1924 2136 eorumque
1944 2102 2037 2135 optu-

169 2163 289 2180 morum
316 2151 456 2179 codicum
483 2149 674 2178 auctoritate.
714 2148 793 2175 Nam
821 2149 846 2175 B
874 2153 904 2176 et
931 2149 957 2175 E
984 2150 1114 2177 uerbum
1135 2160 1197 2177 esse
1216 2154 1287 2187 post
1307 2155 1336 2177 te
1356 2153 1492 2187 ponunt,
1521 2152 1626 2175 eontra
1646 2149 1715 2182 Mc,
1735 2147 1798 2181 La,
1818 2146 1884 2181 Lb,
1903 2146 1960 2180 Pa,
1981 2144 2035 2178 Pb,

170 2200 228 2234 Pc,
249 2199 289 2235 C,
311 2198 354 2234 T,
374 2207 408 2234 ς,
429 2202 460 2225 et
478 2204 498 2233 χ
512 2208 522 2225 1
546 2202 615 2224 ante
637 2203 664 2224 te
684 2196 815 2230 hahent,
836 2196 879 2223 ita
899 2201 1000 2224 tamen
1020 2201 1054 2224 ut
1076 2197 1114 2231 Τ,
1134 2203 1161 2231 ς,
1182 2201 1212 2224 et
1231 2204 1251 2233 χ
1265 2207 1275 2224 1
1299 2196 1389 2224 etiam
1410 2200 1479 2234 post
1499 2195 1630 2223 liberum
1651 2195 1751 2223 denuo
1772 2197 1897 2232 ponant.
1934 2190 2036 2219 Miror

171 2252 272 2274 autem
292 2245 494 2273 Garatonium
515 2245 640 2272 illorum
661 2244 792 2281 probare
813 2244 999 2281 scripturam
1017 2244 1158 2272 codicum
1177 2243 1326 2281 potuisse,
1345 2243 1376 2271 111
1398 2243 1508 2281 quibus
1529 2241 1579 2269 hic
1601 2247 1646 2270 est
1664 2242 1831 2270 uerborum
1852 2238 1943 2267 ordo:
1962 2249 2036 2266 nam

171 2294 254 2332 quod
272 2303 333 2321 esse
353 2299 382 2320 le
401 2295 435 2321 in
455 2304 487 2320 re
502 2303 535 2330 p.
557 2291 688 2320 liberum
708 2295 775 2318 etc..
814 2291 886 2318 Non
907 2297 1009 2329 potest
1030 2291 1111 2319 euim
1132 2291 1260 2318 uerbum
1282 2300 1343 2318 esse
1364 2290 1394 2318 111
1416 2289 1507 2317 initio
1529 2289 1658 2316 membri
1678 2288 1846 2326 cuiuspiam
1866 2286 1956 2324 poni,
1976 2285 2036 2314 nisi

171 2341 195 2368 51
217 2350 285 2368 cum
305 2340 337 2367 ui
358 2341 484 2376 quadam
505 2337 807 2378 prommtiandumst.
847 2339 915 2374 Qua
935 2339 966 2366 ui
989 2349 1057 2366 cum
1078 2338 1129 2365 1110
1158 2342 1274 2371 carcat,
1307 2342 1388 2364 certe
1409 2342 1479 2374 post
1499 2343 1546 2368 te,
1575 2336 1628 2363 ubi
1649 2336 1681 2363 in
1700 2336 1725 2363 B
1746 2339 1776 2362 et
1795 2334 1821 2361 E
1843 2333 2035 2361 conlocatum

169 2387 344 2426 reperitur,
370 2386 445 2423 poni
466 2386 605 2414 debebat.
643 2385 741 2423 Atqui
763 2395 831 2412 cum
852 2390 912 2413 tam
933 2396 1006 2422 uaga
1027 2386 1092 2413 eius
1113 2385 1199 2413 sedes
1221 2384 1252 2411 in
1273 2384 1431 2420 codicibus
1451 2384 1508 2419 sit,
1542 2383 1787 2421 interpretesque
1807 2379 1887 2407 1111111
1915 2380 2034 2418 saepius

170 2434 317 2463 adiecisse
337 2443 426 2471 qnam
446 2433 574 2461 uerbum
594 2434 666 2462 illut
685 2438 821 2468 constet,
849 2433 1122 2471 persuasissumum
1150 2432 1226 2459 mihi
1248 2431 1362 2467 habco,
1399 2431 1562 2469 genuinam
1583 2429 1669 2457 Tulli
1687 2438 1809 2456 manum
1829 2427 1906 2455 hanc
1925 2427 2036 2455 fuisse:
