2185 2720
133 177 187 205 238
835 167 1407 198 COMMENTARIUS.

134 256 235 282 turus
255 253 352 286 esset,
376 247 540 290 ignarus,
562 243 728 277 aUelleio
752 243 809 282 ibi,
833 256 875 276 ne
900 243 1113 277 destinatum
1135 244 1201 275 iter
1217 248 1395 286 peterent3
1416 248 1491 274 tum
1512 242 1638 274 addere
1659 242 1726 274 loci
1750 242 1850 274 etiam
1871 249 1999 283 notam,

135 302 194 344 qui
215 307 401 344 peteretur,
434 297 599 330 Ouidium
621 297 682 328 III.
705 308 749 328 ex
772 297 880 328 Ponto
903 307 942 336 2,
973 296 1024 328 80.
1048 296 1168 336 Quoue
1184 307 1314 338 parum
1327 294 1457 338 fausta
1473 308 1593 339 puppe
1611 295 1751 339 petistis
1774 296 1863 327 iter?
1906 295 1999 328 Hinc

134 366 204 386 non
228 353 327 385 modo
360 353 426 384 iter
442 357 561 394 petere
588 356 717 381 rectum
746 361 816 381 esse
846 348 1076 391 cognoscitur,
1112 354 1163 379 set
1190 347 1290 379 etiam
1320 349 1387 381 iter
1408 348 1652 381 Brundusium
1667 354 1798 392 petere.
1840 348 1998 391 Denique

135 418 250 438 noune
279 405 411 436 uidetur
438 403 515 434 satis
544 402 663 441 fuisse,
697 404 764 435 iter
785 403 924 436 Brund.
958 408 1053 434 terra
1074 400 1218 444 petiui?
1261 399 1339 432 Dici
1362 399 1461 431 etiam
1485 400 1613 443 potuit,
1647 401 1714 433 iter
1740 401 1878 433 Brund.
1906 406 2000 434 terra

137 460 306 496 contendi,
328 457 383 488 uel
404 456 516 499 potius
539 457 673 489 intendi
680 471 690 489 .-
723 455 802 487 uide
826 466 910 497 quae
932 454 1048 486 notaui
1070 453 1112 484 ad
1135 464 1162 484 c.
1189 463 1237 485 10.
1259 464 1323 495 pro
1335 453 1446 485 Mur..
1489 454 1579 485 Nam
1605 459 1676 484 erat
1696 452 1802 484 immo
1821 453 1898 485 satis
1922 466 2001 486 con-

139 512 251 549 tendi,
279 509 408 541 sublato
431 510 565 552 penitus
589 510 656 541 iter
676 515 801 553 petere.
844 507 900 540 Ad
922 507 1007 539 hanc
1028 506 1194 538 rationem
1221 506 1388 537 Gruterus
1413 506 1450 538 in
1473 506 1580 537 Tacit.
1604 506 1647 538 ΙΙ.
1671 505 1762 537 Hist.
1786 516 1837 539 22.
1866 506 2002 538 Cremo-

137 577 217 597 nam
234 569 352 607 petere
377 562 541 601 intendit,
564 562 764 593 alterutrum
785 560 861 592 tolli
881 572 980 603 posse
1002 559 1174 598 censebat3
1202 570 1302 601 quem
1325 559 1437 590 locum
1461 558 1595 591 Tullius
1619 559 1690 602 ipse
1710 564 1843 598 tuetur,
1870 559 1928 601 qui
1950 558 2000 591 bis

137 626 372 658 proxumeque
395 614 504 654 dixit,
533 621 648 659 petere
670 615 838 647 contendi.
882 613 984 647 Uides
1007 613 1138 655 itaque,
1172 617 1296 654 quanta
1323 611 1365 644 sit
1386 611 1422 643 in
1445 611 1509 643 hoc
1531 611 1605 643 loco
1627 611 1810 642 uerborum
1836 611 2001 654 profusio,

138 681 182 700 ex
206 680 270 710 qua
293 674 406 699 tamen
430 667 517 698 nihil
541 668 743 699 demendum
766 674 832 708 est,
865 678 942 698 cum
966 666 1078 698 omnia
1100 665 1168 697 siut
1191 671 1342 708 optuma.
1385 665 1474 697 Nam
1497 675 1573 695 cum
1595 663 1714 695 Liuios
1735 664 1919 704 XXXVI,
1949 674 2001 696 21.

139 721 280 759 dixerit,
315 733 336 752 a
358 726 461 764 porta
482 721 530 753 ad
549 722 600 754 M.
620 721 764 754 Iunium
787 726 981 764 praetorem
1004 720 1070 751 iter
1086 718 1246 757 intendit,
1271 724 1304 749 et
1324 717 1397 760 ipse
1421 717 1538 749 Cicero
1560 728 1623 760 pro
1646 717 1765 749 Amer.
1788 716 1840 748 54.
1864 722 2001 749 tantum

139 774 276 806 itineris
308 774 527 813 contendere,
567 773 704 804 adiectio
736 773 833 804 uerbi
855 779 974 817 petere
1003 771 1090 802 nihil
1119 770 1220 802 habet
1245 769 1392 802 absurdi.
1438 769 1643 811 [Simillume
1673 769 1842 812 Uergilius
1864 769 1952 802 Aen.
1973 769 2002 810 I,

143 828 200 867 157
216 838 264 868 sq.
289 826 417 858 locutus
441 832 500 866 est,
525 827 630 858 litora
652 838 756 858 cursu
778 826 987 858 contendunt
1005 824 1148 868 petere]
1193 824 1265 855 Iam
1284 821 1401 865 liquet,
1426 822 1587 864 quidnam
1609 821 1821 853 sentiendum
1841 821 1882 852 de
1896 822 2003 853 Lam-

139 879 220 910 bino
244 878 304 916 sit,
329 878 387 920 qui
409 879 494 910 hanc
516 878 773 910 redundantiam
794 877 885 909 serre
907 877 1026 909 nolens
1051 877 1166 915 edidit,
1190 878 1317 909 iterum
1340 889 1362 908 a
1391 875 1539 914 Uibone,
1563 875 1706 917 pulchre
1728 874 1884 916 quidem,
1913 874 2002 917 quod

140 931 268 962 adtinet
290 930 331 961 ad
353 932 537 963 litterarum
560 932 679 974 apices,
705 937 755 963 set
776 930 935 962 aduersus
957 930 1116 963 historiae
1136 929 1246 960 fidem.
1290 930 1380 961 Nam
1404 940 1447 960 ex
1468 929 1558 960 Plut.
1581 928 1617 959 in
1636 927 1704 959 Cic.
1729 938 1755 958 c.
1779 927 1830 959 51.
1847 927 1898 959 52.
1921 938 2003 958 con-

140 983 275 1025 ligitur,
299 995 375 1015 cum
398 984 568 1017 Uibonem
591 985 725 1016 Tullius
748 983 976 1027 peruenisset,
1002 983 1128 1014 litteras
1151 981 1316 1024 accepisse
1337 993 1356 1012 a
1380 982 1417 1013 C.
1440 981 1604 1023 Uergilio,
1628 981 1748 1022 quibus
1770 991 1789 1011 a
1812 979 1926 1011 Sicilia
1946 990 2004 1010 re-

140 1037 347 1080 pellebatur,
384 1038 561 1080 statimque
591 1036 802 1068 contendisse
823 1035 1066 1067 Brundusium.
1110 1036 1190 1067 Non
1213 1034 1327 1076 itaque
1350 1034 1483 1066 Uibone
1510 1033 1643 1076 longius
1668 1040 1764 1064 autea
1785 1037 2002 1076 processerat,

141 1090 317 1132 multoque
339 1089 450 1121 minus
473 1098 569 1122 antea
591 1090 820 1122 Brundusium
847 1095 1004 1127 uenerat,
1044 1094 1081 1120 ut
1110 1099 1179 1118 uox
1205 1088 1332 1119 iterum
1358 1085 1524 1117 suaderet.
1570 1086 1745 1117 Consentit
1768 1097 1845 1117 cum
1867 1085 2003 1116 Plutar-

143 1143 205 1174 cho
233 1143 314 1174 haec
335 1143 407 1186 ipsa
430 1144 524 1175 Tulli
547 1143 714 1175 narratio:
748 1143 795 1174 ait
818 1142 925 1181 enim,
959 1141 1119 1173 Siciliam
1140 1139 1256 1184 petiui
1280 1139 1412 1179 animo,
1448 1138 1482 1170 h.
1505 1150 1534 1169 e.
1556 1139 1647 1170 ibam
1670 1139 1706 1170 in
1729 1138 1893 1178 Siciliam,
1926 1137 2002 1177 iter,

145 1195 232 1238 quod
256 1207 294 1227 eo
319 1195 475 1236 ducebat,
502 1197 669 1240 ingressus
694 1207 787 1235 sum3
823 1206 943 1226 uerum
967 1205 986 1225 a
1009 1194 1046 1225 C.
1071 1192 1223 1235 Uergilio
1246 1191 1437 1234 prohibitus
1460 1203 1479 1223 a
1504 1191 1654 1231 Uibone,
1684 1191 1775 1223 unde
1796 1191 1832 1222 in
1854 1189 2004 1222 Siciliam

145 1249 284 1280 traicere
307 1249 499 1291 cogitaram,
525 1256 616 1280 terra
636 1248 875 1288 Brundusium,
900 1259 966 1290 quo
984 1253 1081 1279 antea
1100 1258 1169 1277 non
1191 1244 1410 1283 intenderam,
1432 1250 1547 1287 petere
1569 1244 1676 1287 coepi.
1720 1244 1755 1277 A
1776 1243 1912 1276 Uibone
1933 1252 2004 1273 non

101 1325 105 1327 -
145 1302 265 1344 longus
289 1308 360 1333 erat
384 1302 419 1333 in
443 1302 593 1334 Siciliam
614 1301 791 1339 traiectusg
824 1307 874 1332 set
895 1300 972 1331 inde
993 1311 1055 1343 per
1076 1298 1249 1331 Bruttium
1271 1298 1308 1328 in
1329 1297 1514 1329 Lucaniam
1536 1297 1793 1340 regrediendum
1816 1295 1882 1327 fuit
1903 1301 2004 1337 atque

144 1354 183 1385 ad
208 1365 285 1385 eum
311 1354 439 1386 flexum
463 1355 628 1395 eundum,
662 1354 720 1397 qui
741 1355 977 1396 Metapontum
999 1359 1030 1384 et
1051 1352 1131 1384 inde
1154 1350 1388 1383 Brundusium
1416 1349 1554 1382 ferebat.
1598 1350 1695 1385 Mare
1716 1349 2006 1382 Mediterraneum

148 1408 265 1439 Cicero
289 1408 400 1439 statim
421 1408 560 1451 petiuit3
598 1419 680 1439 mox
704 1407 934 1439 Hadriaticum
959 1412 1075 1449 petere
1097 1411 1227 1436 coactus
1251 1410 1316 1444 est,
1353 1415 1420 1446 quo
1441 1402 1672 1435 Brundusium
1694 1402 1852 1434 adluitur.
1876 1402 2005 1434 GARA-

147 1470 295 1493 Toxlus.
342 1461 427 1492 Cum
451 1460 532 1492 olim
556 1461 825 1500 existumassem,
858 1460 947 1503 quod
969 1459 1083 1491 Sicilia
1103 1458 1360 1502 prohiberetur,
1392 1467 1465 1487 eam
1487 1454 1590 1487 fuisse
1612 1467 1779 1494 caussam,
1808 1466 1868 1486 cur
1890 1453 2006 1486 statim

146 1514 281 1546 Uibone
303 1513 508 1553 discesserit,
544 1520 616 1545 tum
638 1514 816 1545 Plutarcho
845 1519 917 1544 tum
941 1513 992 1545 his
1015 1513 1096 1556 ipsis
1119 1511 1287 1544 narrantis
1316 1509 1428 1541 uerbis
1451 1507 1684 1548 suadentibus,
1722 1506 1866 1550 cognoui
1888 1511 2006 1549 postea

147 1578 190 1598 ex
214 1567 381 1610 epistulis,
414 1578 493 1609 quas
518 1567 577 1598 illo
601 1573 751 1610 tempore
773 1568 812 1598 ad
837 1567 991 1600 Atticum
1014 1565 1161 1609 scripsit,
1193 1571 1225 1596 et
1246 1563 1318 1595 falli
1340 1562 1555 1594 Plutarchum
1579 1567 1612 1593 et
1635 1561 1833 1594 Ciceronem
1854 1558 2005 1590 consulto

148 1631 232 1661 quae
263 1619 351 1650 m'hil
379 1619 445 1650 huc
473 1618 620 1651 facerent
648 1620 856 1663 praeterisse.
900 1621 954 1651 Sic
982 1619 1073 1650 enim
1101 1617 1199 1648 iniis
1221 1615 1388 1659 epistulis:
1424 1616 1491 1655 III,
1524 1625 1553 1646 2.
1582 1615 1727 1647 Itineris
1749 1614 1860 1646 nostri
1882 1624 2007 1645 caussa

139 1673 240 1716 fuit,
264 1674 354 1716 quod
374 1683 442 1703 non
464 1672 626 1704 habebam
650 1673 779 1712 Iocum,
805 1673 864 1705 ubi
880 1685 948 1717 pro
970 1684 1042 1705 meo
1065 1672 1140 1703 iure
1165 1671 1299 1703 diutius
1321 1682 1392 1702 esse
1411 1680 1564 1712 possem,
1594 1681 1697 1712 quam
1718 1666 1927 1710 infandum
1947 1664 2006 1696 Si-

149 1738 217 1758 cae.
262 1726 394 1768 Scripta
417 1730 466 1756 est
495 1725 636 1767 epistula
661 1726 697 1757 in
719 1726 856 1766 itinere,
894 1738 970 1757 cum
993 1725 1163 1758 Uibonem
1191 1723 1341 1755 nondum
1368 1726 1579 1765 peruenerat.
1623 1720 1699 1761 Ipse
1724 1718 1824 1760 igitur
1853 1717 1890 1747 in
1911 1716 2006 1747 Sicae

147 1778 290 1810 fundum
312 1784 432 1821 sponte
454 1790 489 1810 se
514 1778 673 1818 contulit,
708 1791 776 1811 non
800 1792 838 1811 eo
861 1779 1012 1811 detrusus
1037 1783 1086 1809 est
1107 1789 1126 1808 a
1149 1776 1242 1816 Sica,
1274 1781 1313 1807 ut.
1336 1786 1353 1806 e
1375 1773 1570 1811 Plutarcho,
1602 1771 1681 1803 licet
1702 1771 1750 1802 ibi
1772 1770 1912 1801 fortasse
1932 1780 2007 1800 cor-

149 1839 268 1874 rupt0,
292 1831 485 1873 conligitur,
511 1842 587 1863 cum
610 1838 700 1863 certe
723 1832 823 1864 domo
846 1831 1056 1875 prohibitum
1077 1842 1096 1862 a
1118 1830 1192 1862 Sica
1214 1829 1349 1860 dixerit.
1392 1828 1513 1869 Neque
1534 1837 1616 1857 uero
1643 1823 1755 1856 minus
1778 1822 1933 1854 Tullium
1955 1828 2006 1855 te-

150 1893 202 1919 cto
231 1886 426 1929 recepisset,
466 1883 556 1926 quod
579 1884 636 1916 lex
661 1885 780 1917 Clodia
807 1885 957 1923 uetabat,
994 1884 1030 1915 in
1054 1883 1197 1928 oppido,
1234 1894 1334 1924 quam
1356 1879 1435 1912 fecit
1465 1879 1501 1910 in
1520 1889 1611 1920 agro.
1655 1875 1812 1918 Sequitur
1834 1874 1930 1918 epist.
1954 1875 2005 1907 5.=

150 1940 209 1971 Set
232 1944 264 1970 te
286 1949 365 1976 oro,
390 1942 429 1968 ut
451 1938 498 1969 acl
518 1950 570 1969 me
600 1938 762 1972 Uibonem
784 1938 904 1970 statim
926 1938 1065 1975 uenias,
1088 1949 1154 1980 quo
1177 1947 1239 1979 ego
1260 1935 1379 1968 multis
1401 1934 1442 1965 de
1463 1931 1594 1964 caussis
1615 1928 1770 1962 conuerti
1794 1929 1860 1960 iter
1882 1940 2006 1962 meum.

149 1992 208 2025 Ad
231 1991 324 2022 Sicae
345 1989 486 2021 fundum
508 1990 644 2030 scilicet,
669 1992 726 2033 qui
749 2003 856 2035 prope
878 1991 1047 2023 Uibonem
1071 1995 1150 2020 erat.
1195 1989 1355 2020 Similiter
1376 1997 1451 2017 cum
1474 1981 1702 2016 Brundusium
1724 1980 1857 2023 ingredi
1876 1981 2007 2013 noluis-

151 2051 218 2084 set,
251 2050 288 2075 ut
308 2049 423 2075 narrat
445 2054 472 2073 c.
498 2043 567 2083 41„
599 2049 632 2074 et
653 2044 688 2074 in
711 2044 903 2075 suburbano
929 2043 978 2074 M.
1001 2041 1109 2073 Laeni
1130 2040 1240 2072 Flacci
1264 2040 1455 2077 mansisset,
1486 2043 1525 2068 ut
1546 2037 1581 2068 in
1603 2034 1742 2078 praedio
1766 2033 1858 2065 Sicae
1880 2033 1920 2064 ad
1942 2033 2008 2067 Ui·

150 2097 291 2133 bouem,
324 2102 434 2127 tamen
456 2095 542 2126 dixit
564 2095 660 2138 epist.
683 2108 711 2138 7.
734 2096 977 2129 Brundusium
996 2094 1094 2133 ueni,
1125 2099 1158 2124 et
1179 2104 1256 2124 cum
1278 2091 1535 2124 Thessalonicae
1559 2094 1641 2131 aput
1663 2086 1838 2119 Plancium
1861 2086 1930 2118 iam
1954 2098 2008 2119 es-

152 2156 217 2189 set,
259 2149 355 2191 epist.
385 2149 415 2181 8.
443 2149 626 2182 Brundusi
646 2149 868 2192 proficiscens
897 2149 1102 2191 scripseram
1130 2147 1177 2179 ad
1199 2152 1230 2178 te
1253 2151 1330 2175 etc..
1375 2145 1460 2176 Sunt
1481 2143 1584 2185 igitur
1606 2141 1723 2173 eodem
1747 2139 1849 2171 modo
1870 2139 2007 2171 intelle-

152 2202 270 2244 genda,
297 2213 381 2244 quae
403 2202 535 2245 scripsit
558 2202 654 2244 epist.
677 2202 707 2233 4.
731 2215 753 2234 a
783 2202 911 2234 Uibone
933 2201 1044 2233 subito
1066 2200 1303 2237 discessimus3
1325 2198 1445 2240 quibus
1468 2196 1580 2227 uerbis
1601 2195 1673 2226 uim
1696 2192 1891 2225 Tunstallus
1912 2192 2007 2224 intu-

152 2256 206 2294 lit,
230 2256 309 2287 dum
331 2256 501 2299 explicare
523 2256 570 2287 ita
592 2254 725 2294 maluit,
753 2266 772 2285 a
794 2254 934 2285 consilio
957 2253 1126 2286 Uibonem
1149 2251 1379 2294 proficiscendi
1401 2249 1626 2288 discessimus,
1653 2247 1689 2278 in
1710 2247 1807 2290 epist.
1829 2244 1871 2276 ad
1888 2244 2008 2277 Midd-

151 2309 317 2340 letonium
338 2320 372 2351 p.
395 2319 467 2351 9o.,
497 2320 564 2350 quo
587 2307 701 2339 falsius
725 2313 774 2338 est
797 2306 894 2338 nihil.
939 2307 997 2338 Set
1018 2305 1084 2337 iam
1108 2310 1260 2348 quartam
1285 2304 1379 2335 illam
1402 2302 1580 2345 epistulam
1602 2300 1792 2339 uideamus,
1824 2309 1889 2340 qua
1908 2309 2006 2331 ueras

152 2361 243 2392 illius
265 2361 367 2392 subiti
391 2372 410 2392 a
432 2360 566 2394 Uibone
590 2360 750 2391 discessus
779 2371 907 2391 caussas
936 2358 1078 2389 edocuit.
1123 2357 1286 2390 Miseriae
1310 2357 1430 2400 potius
1457 2360 1594 2388 nostrae
1624 2366 1727 2398 quam
1755 2352 2007 2385 inconstantiae

154 2413 286 2445 tribuas
309 2414 431 2452 uelim,
454 2414 545 2457 quod
565 2427 587 2446 a
619 2413 758 2451 Uibone,
782 2424 847 2456 quo
869 2418 902 2444 te
923 2411 1187 2449 arcessebamus,
1208 2410 1319 2442 subito
1342 2409 1568 2441 discessimus.
1610 2407 1776 2440 Adlatast
1797 2406 1888 2437 enim
1909 2405 2005 2437 nobis

153 2467 290 2509 rogatio
311 2466 353 2498 de
376 2466 533 2509 pernicie
563 2478 658 2504 mea,
696 2466 732 2496 in
755 2477 824 2509 qua
846 2465 937 2507 quod
957 2470 1146 2497 correctum
1175 2475 1245 2496 esse
1273 2461 1513 2500 audiebamus,
1543 2466 1618 2493 erat
1639 2457 1823 2495 eiusmodi,
1856 2463 1895 2489 ut
1916 2457 2005 2491 mihi
