2185 2720
164 167 218 195 218
803 158 1380 190 COMMENTARIUS.

166 249 243 270 cum
265 241 408 268 cunctus
430 240 583 279 equester
608 233 690 265 ordo
713 250 774 266 —-.
817 233 886 265 Iam
913 239 1007 276 patet
1036 233 1232 266 rectissume
1254 239 1292 266 at
1315 233 1514 277 particulam
1541 240 1620 267 ante
1641 242 1714 270 tota
1738 238 1883 281 positam
1905 251 1941 271 se
1962 240 2027 272 ha·-

165 290 263 328 bere,
297 300 397 330 quam
420 299 534 319 omnes
558 292 693 318 tuentur
714 286 858 326 codices,
891 286 1097 329 omninoque
1119 292 1223 318 totam
1246 286 1449 318 sententiam
1473 288 1606 331 egregie
1627 289 1818 331 procedere.
1862 292 2028 325 Particula

167 349 205 376 at
227 353 300 373 eam
314 341 379 375 ,hic
401 341 470 371 uim
493 340 611 378 habet,
636 351 702 381 qua
723 339 926 381 saepissume
948 345 1130 382 usurpatur
1151 338 1192 370 ab
1215 349 1266 377 ec,
1290 338 1349 380 qui
1371 346 1521 383 occupat,
1546 352 1630 384 quae
1651 341 1692 372 ab
1716 341 1823 373 altero
1844 343 1909 376 sibi
1929 357 2029 388 posse

167 395 296 439 opponi
318 399 422 436 putat.
466 393 551 424 Eam
573 398 702 430 autem,
737 392 794 433 qui
816 391 878 422 sibi
903 391 974 423 fieri
998 391 1108 434 fingit,
1143 390 1394 433 oppositionem
1423 392 1536 423 statim
1559 392 1685 425 refutat
1707 393 1824 426 Cicero
1847 397 1958 429 uerbis
1979 406 2031 432 set

168 448 347 481 recordare
369 451 442 484 etc„
467 457 564 488 quem
586 446 723 489 quidem
745 446 782 476 in
803 444 1016 477 contionibus
1035 451 1109 484 etc„
1136 444 1193 477 cui
1214 444 1352 487 quidem
1373 444 1454 476 belli
1474 445 1632 478 intestini
1653 452 1725 486 etc„
1748 446 1863 489 priore
1883 448 1958 481 loco
1979 457 2032 484 set

168 499 348 542 particula,
382 497 512 529 duobus
535 497 772 539 posterioribus
798 496 961 539 particula
986 497 1123 541 quidem
1144 507 1240 535 usus,
1276 496 1330 527 cui
1351 508 1420 527 non
1442 508 1536 529 secus
1558 504 1659 540 atque
1681 504 1733 531 set
1754 499 1938 541 particulae
1960 502 2032 535 dis-

171 551 356 584 iunctiuam
380 550 451 581 uim
473 549 606 581 subesse
629 561 730 592 supra
751 549 818 580 iam
841 550 880 581 C.
902 550 1038 581 ffll.
1064 550 1094 590 ἓ.
1117 549 1169 590 75.
1194 547 1237 580 ad
1260 549 1365 580 uerba
1385 550 1436 582 Ei
1460 551 1597 594 quidem
1618 551 1787 583 monitum
1809 563 1828 583 a
1853 553 1950 586 nobis
1972 562 2032 588 est.

171 604 302 637 Eodem
325 603 426 634 modo
451 603 581 633 loculus
604 602 754 633 Cicerost
776 602 812 632 in
836 602 906 634 Cat.
931 602 1013 634 Mai.
1039 602 1076 633 C.
1099 601 1233 634 XVIII.
1258 601 1288 642 §·
1312 601 1383 633 65.:
1407 603 1460 635 At
1480 610 1562 636 sunt
1583 604 1711 636 morosi
1731 610 1765 636 et
1786 606 1885 637 anxii
1904 612 1938 638 et
1959 608 2034 641 ira—

171 658 278 691 cundi
302 663 334 689 et
357 656 514 699 difficiles
537 667 651 692 seneS,
683 655 714 685 si
737 655 950 696 quaerimus,
979 656 1084 687 etiam
1106 654 1211 686 auari
1219 666 1232 693 3
1271 659 1322 686 set
1342 654 1426 687 haec
1449 668 1584 689 morum
1604 656 1697 689 uitia
1717 662 1817 696 sunt,
1848 670 1916 690 non
1937 671 2034 692 sene-

173 711 291 743 ctutis.
317 715 345 739 et
370 709 523 750 Propert.
547 707 595 745 11,
621 718 656 748 7,
680 707 709 737 5.
734 707 903 739 Gauisczst
926 713 1015 740 certe
1037 706 1209 739 sublatam
1231 705 1379 749 Cynthia
1401 707 1523 751 legem,
1541 709 1622 749 Qua
1644 710 1815 752 quondam
1836 710 1949 743 edicta
1961 711 2034 755 fle-

173 775 249 795 mus
272 768 416 804 uterque
438 760 519 798 diu,
554 759 609 792 Ni
639 771 699 791 nos
726 759 898 791 diuideret
906 772 918 798 3
953 759 1113 803 quamuis
1133 759 1295 791 diducere
1317 761 1467 792 amantis
1488 760 1574 793 Non
1597 767 1699 804 queat
1721 762 1851 793 inuitos
1871 762 2033 806 Iuppiter

173 817 247 859 ipse
268 815 364 846 duos.
407 812 462 845 At
492 823 671 854 magnus
704 811 885 851 Caesen,-
918 817 981 843 set
1008 822 1185 854 magnus
1213 812 1374 845 Caesar
1402 813 1444 845 in
1474 814 1631 853 armi-53
1665 814 1821 846 deuictae
1838 821 1960 858 gentes
1980 817 2036 849 nil

174 869 210 899 ia
232 877 348 898 amore
369 865 499 897 ualent.
541 865 627 898 Uide
649 864 748 895 etiam
772 864 945 895 Handium
966 863 1006 894 de
1027 869 1110 906 part.
1134 863 1189 895 lat.
1213 864 1254 895 T.
1268 865 1294 896 I.
1317 877 1351 907 p.
1373 865 1567 898 452-455.
1591 865 1723 908 egregie
1747 865 1788 896 de
1809 867 1874 899 hoc
1893 874 1933 900 at
1951 880 2035 912 par-

174 920 296 951 ticulae
325 930 387 950 usu
414 917 640 950 disserentem.
686 917 844 948 Ceterum
873 928 916 948 ne
941 916 1081 948 mutatio
1113 916 1250 958 quidem
1278 917 1345 948 dici
1374 924 1501 961 potest,
1541 918 1633 960 quod
1654 919 1706 951 At
1727 924 1803 951 erat
1829 919 1948 961 scripsi
1969 931 2034 961 pro

173 972 308 1006 Aderat
316 983 328 1009 ;
358 971 462 1001 immo
492 969 662 1001 Ciceronis
690 980 828 1000 manum
850 969 878 1000 si
898 975 1149 1012 repraesentare
1181 969 1383 1010 noluissem,
1416 970 1528 1002 nescio
1551 970 1706 1012 equidem
1728 981 1770 1001 an
1795 970 1897 1002 satius
1919 970 2035 1011 suerit,

177 1023 355 1055 diiunctim
378 1022 610 1055 tantummodo
641 1022 702 1055 Acl
722 1027 797 1054 erat
827 1021 982 1053 scribere.
1026 1022 1108 1054 Eius
1132 1022 1222 1053 enim
1244 1029 1348 1054 aetate
1372 1034 1440 1054 una
1465 1023 1648 1064 eademque
1669 1022 1783 1053 littera
1804 1029 1838 1054 et
1859 1023 2036 1066 praeposi-

174 1077 302 1109 tionem
327 1081 359 1106 et
381 1074 649 1106 coniunctionem
672 1086 742 1106 esse
764 1075 936 1117 scriptam,
964 1086 1041 1106 cum
1065 1087 1109 1107 ex
1130 1075 1352 1117 Quinctiliani
1373 1081 1513 1118 apparet
1533 1074 1646 1106 uerbis
1668 1075 1700 1114 I,
1724 1087 1759 1117 7,
1783 1076 1833 1107 5.=
1861 1076 1926 1107 illa
1950 1087 2036 1119 quo-

177 1142 241 1174 que
263 1133 437 1160 seruatas-t
459 1140 480 1159 a
499 1128 618 1159 multis
642 1127 852 1172 differentia,
876 1133 916 1160 ut
941 1127 1012 1166 ad,
1038 1140 1115 1160 cum
1137 1135 1223 1160 esset
1242 1128 1468 1172 praepositi0‚
1492 1128 1516 1160 d
1535 1128 1701 1165 litteram,
1723 1140 1799 1159 cum
1820 1132 1936 1159 autem
1955 1139 2035 1159 con-

176 1182 324 1219 iunctio,
354 1186 367 1211 t
389 1180 568 1222 acciperet.
591 1180 632 1210 de
655 1191 799 1221 quorum
822 1191 922 1211 sensu
946 1185 1033 1212 recte
1055 1179 1216 1212 iudicauit
1239 1183 1342 1213 Conr.
1365 1181 1474 1222 Leop.
1498 1179 1690 1211 Schneider.
1717 1179 1754 1210 in
1777 1180 1930 1211 Gramm.
1952 1179 2035 1222 ling.

174 1235 230 1266 lat.
253 1233 295 1264 T.
320 1233 344 1263 Ι.
368 1243 401 1274 p.
427 1233 516 1270 252„
538 1237 609 1263 tum
632 1243 673 1264 ex
693 1232 858 1263 codicibus
881 1232 1118 1275 palimpsestiS,
1142 1240 1258 1265 nostra
1278 1239 1384 1265 aetate
1406 1243 1425 1263 e
1446 1231 1594 1263 tenebris
1616 1232 1730 1271 erutis,
1752 1232 1789 1263 in
1811 1231 1931 1274 quibus
1954 1243 2038 1263 con-

175 1286 382 1318 iunctionem
408 1284 501 1315 illam
523 1285 728 1327 saepissume
750 1285 797 1316 ad
818 1284 919 1316 scribi
940 1285 1104 1317 uidemus.
1150 1286 1219 1326 Sic,
1256 1293 1295 1318 ut
1316 1297 1423 1317 unum
1451 1284 1601 1316 adferam
1630 1285 1843 1327 exemplum,
1879 1284 2035 1329 palimps-

176 1339 316 1372 Taurin.
340 1338 376 1368 in
396 1337 443 1369 M.
468 1337 563 1368 Tulli
589 1343 670 1370 orat.
693 1337 849 1368 Caeliana
873 1338 910 1369 C.
934 1339 1071 1370 XXIX.
1096 1339 1125 1380 §-
1149 1339 1200 1370 68.
1220 1340 1281 1373 Ad
1304 1343 1385 1371 sunt
1409 1339 1503 1371 serui
1526 1338 1646 1377 habet,
1678 1337 1755 1368 licet
1776 1338 1824 1369 ad
1844 1337 2037 1370 coniunctio

175 1393 235 1431 sit,
258 1390 452 1431 ibidemque
480 1390 541 1423 Λιῖ
564 1391 771 1433 propinquis
802 1391 916 1434 inquit
937 1392 1075 1436 placuit
1096 1402 1160 1434 pro
1195 1392 1325 1434 uolgari
1352 1392 1403 1425 At
1419 1391 1628 1435 propinquis
1653 1390 1802 1434 placuit.
1844 1389 1934 1423 Uide
1954 1392 2037 1424 Am.

176 1445 322 1487 Peyron.
347 1444 444 1475 Uarr.
468 1443 576 1473 Lectt.
597 1454 630 1484 p.
658 1443 746 1484 198..
1799 1469 1801 1471 .

262 1497 311 1530 At
334 1500 408 1528 erat
431 1506 561 1526 mecum
582 1495 734 1535 senatus)
778 1495 832 1526 Ne
856 1494 929 1536 quis
952 1495 989 1526 in
1011 1495 1179 1527 locutione
1201 1502 1277 1528 erat
1299 1508 1430 1529 mecum
1451 1500 1591 1527 senatus
1612 1493 1785 1533 haereret,
1810 1493 1952 1536 adposui
1977 1495 2040 1528 hos

179 1549 246 1580 duo
268 1549 378 1586 locos,
402 1558 464 1589 pro
489 1548 526 1578 C.
550 1547 690 1578 Rabirio
715 1548 752 1579 C.
776 1548 876 1581 Vm..
896 1549 926 1589 §.
951 1548 1020 1580 24.:
1045 1549 1158 1592 Atqui
1179 1549 1348 1587 uidemus,
1370 1549 1453 1581 lzaec
1475 1548 1511 1579 in
1529 1559 1652 1579 rerum
1674 1552 1803 1579 natura
1825 1547 1896 1579 tria
1908 1546 2040 1591 fuisse,

179 1609 217 1634 ut
240 1608 302 1634 aut
327 1613 404 1633 cum
425 1599 614 1631 Saturnino
637 1606 742 1640 esset,
764 1605 826 1633 aut
850 1613 926 1633 cum
948 1601 1063 1640 bonis,
1085 1607 1148 1633 aut
1168 1602 1309 1640 lateret3
1332 1601 1461 1640 latere,
1484 1601 1605 1632 mortis
1628 1605 1703 1631 erat
1728 1600 1840 1632 instar
1862 1602 2038 1645 turpissu-

178 1667 274 1692 mae3
312 1666 390 1685 cum
422 1652 610 1683 Saturnino
637 1665 725 1692 esse,
748 1653 890 1696 furoris
918 1660 951 1686 et
979 1655 1114 1687 sceleris
1123 1666 1135 1693 ,-
1176 1654 1291 1686 uirtus
1320 1659 1353 1685 et
1374 1655 1532 1686 honestas
1555 1658 1587 1685 et
1607 1653 1721 1695 pudor
1744 1665 1820 1684 cum
1842 1655 2038 1687 consulibus

179 1718 248 1739 esse
269 1706 421 1749 cogebat.
448 1710 481 1734 et
506 1703 654 1746 Philipp.
682 1705 784 1745 VIII,
812 1718 858 1738 11.
884 1708 980 1747 Quas
1002 1707 1040 1738 ob
1063 1719 1116 1738 res
1139 1708 1191 1739 ita
1213 1718 1347 1738 censeo.-
1373 1718 1501 1744 eorum,
1524 1707 1585 1749 qui
1607 1717 1683 1737 cum
1704 1706 1755 1737 M.
1769 1705 1923 1738 Antonio
1944 1712 2037 1747 sunt,

180 1759 239 1802 qui
264 1758 306 1790 ab
328 1757 436 1789 armis
459 1756 697 1795 discesserint,
735 1763 768 1790 et
789 1765 852 1790 aut
873 1761 920 1791 act
940 1760 985 1793 A.
1010 1760 1165 1791 Pansam
1184 1776 1227 1783 --
1251 1764 1330 1791 ante
1352 1759 1431 1791 idus
1459 1758 1612 1791 Martias
1632 1758 1765 1801 primas
1787 1758 1957 1799 adierint,
1993 1760 2038 1792 iis

173 1811 304 1854 fraudi
329 1822 369 1842 ne
392 1810 457 1848 sit,
481 1810 572 1852 quod
593 1821 670 1840 cum
691 1811 741 1842 M.
764 1811 915 1843 Antonio
932 1811 1095 1855 fuerunt.

266 1864 337 1902 Qui
365 1862 430 1894 solt
455 1879 498 1885 -
524 1874 591 1893 non
621 1863 768 1894 sinerint
788 1881 830 1887 —-
860 1865 1064 1907 ademerint)
1110 1862 1328 1895 Scribendum
1357 1867 1422 1900 est,
1461 1863 1621 1895 siuet-unt
1639 1880 1682 1886 —
1704 1863 1915 1895 ademerunt.
1957 1863 2038 1896 Non

181 1916 272 1947 enim
294 1914 439 1957 pendent
461 1915 542 1946 haec
556 1914 596 1945 ab
612 1915 811 1955 recordczre3
837 1923 885 1947 set
908 1918 942 1948 in
966 1917 1006 1948 iis
1030 1923 1079 1948 est
1102 1916 1264 1948 iudicium
1282 1915 1464 1947 Ciceronis.
1509 1916 1625 1957 Atque
1646 1915 1692 1946 ita
1713 1915 1789 1946 feci.
1812 1916 2037 1948 ERNESTIUS.

180 1968 270 2000 Male
294 1966 452 2008 quidem3
493 1967 610 1998 Cicero
633 1978 703 1997 non
725 1968 922 2011 simpliciter
944 1975 1075 2008 narrat,
1110 1975 1148 2000 ut
1169 1970 1229 2014 qui
1250 1969 1398 2011 positum
1423 1967 1464 1998 sit
1486 1978 1548 2009 pro
1570 1969 1627 2007 Izi,
1666 1974 1715 1999 set
1736 1967 1900 1999 rationem
1922 1968 2039 2008 adfert,

181 2033 240 2052 cur
263 2019 371 2050 hostes
396 2018 537 2057 suerint,
564 2020 739 2051 consulum
762 2032 887 2052 nomeu
910 2033 985 2053 cum
1007 2022 1180 2054 haberent.
1224 2021 1488 2053 Notissumumst
1508 2026 1637 2059 autem,
1661 2020 1738 2064 qui,
1760 2019 1788 2051 si
1810 2025 1956 2062 ponatur
1977 2031 2040 2063 pro

183 2074 264 2116 quia
287 2071 342 2102 uel
365 2084 458 2109 cum,
492 2071 704 2103 coniunctiuo
727 2073 832 2115 iungi.
856 2074 1067 2106 VVEISKIUS.
1111 2075 1217 2105 Recte
1239 2073 1418 2106 Vt’eiskius
1443 2072 1693 2104 coniunctiuom
1715 2072 1844 2114 requiri
1867 2072 1922 2104 hic
1946 2072 2040 2104 uidit.

182 2129 341 2158 Ueterum
363 2123 547 2166 scripturae
569 2124 746 2165 uarietate,
774 2138 859 2168 quae
883 2133 931 2158 est
953 2126 988 2157 in
1012 2127 1192 2167 codicibus,
1215 2127 1328 2158 ductus
1351 2137 1414 2169 pro
1437 2126 1562 2158 sierint
1582 2124 1700 2167 scripsi
1722 2125 1838 2164 sirint,
1859 2136 1937 2157 cum
1959 2136 2041 2156 con-

182 2176 324 2208 iunctiui
345 2175 436 2206 illius
458 2186 527 2206 non
552 2176 703 2207 uideatur
726 2178 791 2209 alia
812 2178 923 2210 forma
946 2191 1045 2221 quam
1067 2180 1168 2212 sirim
1189 2190 1209 2210 a
1230 2177 1449 2221 scriptoribus
1471 2177 1630 2221 prosaicis
1651 2182 1812 2219 usurpata
1832 2176 1945 2209 fuisse.
1969 2176 2040 2208 Csr.

183 2228 377 2260 Gronouius
400 2227 441 2258 ad
465 2228 543 2259 Liu.
566 2229 599 2267 I,
624 2229 674 2260 52.
709 2235 739 2261 et
761 2231 885 2263 Bardili
907 2232 947 2263 ad
971 2233 1074 2264 Corn.
1098 2231 1240 2274 Nepotis
1258 2232 1427 2272 Fragmm.
1450 2231 1531 2268 XII,
1554 2241 1583 2262 2.
1606 2241 1641 2272 p.
1664 2229 1736 2271 575.
1750 2251 1758 2259 .
1803 2229 1933 2260 Pariter
1952 2238 2042 2260 sem-

182 2292 242 2323 per
264 2281 359 2317 sisti,
386 2280 501 2317 sistis,
525 2280 662 2321 sissem,
684 2283 790 2322 sisse,
813 2290 844 2316 et
866 2285 1003 2323 desisti,
1025 2285 1182 2323 desistis,
1203 2285 1376 2323 desissem,
1399 2283 1526 2316 desisse
1548 2282 1677 2313 dictum
1697 2281 1840 2313 uidetur.
1883 2279 1953 2312 Cfr.
1976 2291 2040 2323 pro

182 2332 288 2364 Sestio
313 2333 350 2363 C.
374 2332 475 2364 XLX.
508 2333 538 2373 §.
558 2333 611 2364 44.
635 2335 695 2377 qui
716 2348 758 2368 ne
781 2338 911 2369 uestitu
934 2338 1072 2381 quidem
1091 2335 1231 2379 defendi
1254 2348 1327 2368 rem
1341 2349 1380 2380 p.
1402 2337 1536 2369 sissent.
1579 2333 1712 2366 Ibidem
1734 2334 1773 2366 C.
1788 2332 1898 2365 LVII.
1922 2333 1952 2374 §.
1970 2343 2041 2365 122.

183 2384 336 2418 Exolare
357 2384 493 2422 sinitis,
533 2385 627 2417 sistis
660 2389 764 2430 pelli,
805 2390 946 2432 pulsum
969 2389 1150 2433 patimini.
1191 2388 1257 2420 Pro
1281 2388 1382 2420 domo
1404 2389 1443 2420 C.
1465 2388 1640 2421 XXXIV.
1665 2388 1694 2429 §.
1717 2397 1768 2429 92.
1811 2384 1866 2416 Tu
1892 2395 2042 2417 sororem

183 2444 282 2470 tuam
303 2436 478 2479 uirginem
501 2449 570 2469 esse
593 2451 667 2471 non·
683 2441 770 2474 sisti.
816 2443 881 2474 Pro
905 2443 942 2474 C.
967 2442 1106 2474 Rabirio
1128 2442 1217 2473 Post.
1247 2441 1286 2473 C.
1308 2441 1371 2474 VI.
1395 2441 1425 2482 §.
1451 2440 1500 2472 15.
1527 2440 1625 2473 Huic
1645 2439 1760 2471 ordini
1781 2437 1896 2480 ignem
1918 2448 2042 2470 nouom
