2185 2720
138 159 190 189 ως,
845 144 1419 175 COMMENTARIUS.

139 230 255 263 codice
276 227 437 262 AmbrOS.
460 226 506 258 A.
528 224 640 257 Maius
663 233 733 255 non
757 221 953 266 beneficiis,
986 219 1077 263 quod
1100 219 1137 250 in
1158 218 1298 260 reliquis
1319 218 1412 250 codd.
1437 217 1595 250 omnibus
1618 218 1756 261 legitur,
1785 224 1833 250 set
1857 216 2017 261 beneficii

139 283 301 326 scriptum
323 278 543 323 repperisset,
569 277 652 309 haec
673 277 732 308 ille
754 275 941 307 adnotauit:
965 275 1079 313 „Nota
1100 271 1280 304 lectionem
1303 270 1471 303 diuersam
1492 271 1534 303 ab
1556 276 1634 303 ante
1656 271 1741 302 edita
1761 270 1936 314 beneficiis
1957 270 2016 302 uel

140 334 315 379 beneficia.
359 334 448 365 Nota
471 331 571 362 etiam
593 335 790 362 contentum
819 338 898 358 cum
921 325 1091 369 genitiu03
1125 323 1220 355 cuius
1244 329 1427 367 syntaxeos
1452 325 1611 368 exempla
1632 329 1713 367 aput
1733 323 1888 363 Liuiom,
1925 322 2017 356 Oui-

140 390 254 427 dium,
290 385 522 423 Paterculum,
551 383 725 422 Curtium,
753 380 963 424 Apuleium,
993 378 1178 416 Iustinum,
1207 376 1362 419 Digesta,
1395 377 1602 420 Dictquue
1625 377 1820 409 Cretensem
1841 375 2017 408 laudantur

141 454 162 475 a
187 440 305 475 Uossio
328 438 368 469 de
392 438 545 469 Gramm.
569 436 654 475 VII,
681 446 750 474 11.,
774 433 815 464 ab
837 432 981 464 Heinsio
1004 431 1044 463 ad
1066 431 1193 462 Patere.
1217 429 1268 469 II,
1291 428 1343 462 88.
1369 435 1401 461 et
1422 441 1441 461 a
1462 430 1654 462 Forcellino
1677 429 1713 461 in
1734 429 1857 461 lexico.
1902 429 2017 470 Quare

141 496 227 528 hanc
256 491 464 524 locutionem
491 489 527 520 in
549 487 776 520 Ambrosiano
799 485 1017 529 palimpsesto
1040 483 1235 516 nullatenus
1258 482 1453 514 mendosam
1475 482 1654 514 existumo.
1664 485 1685 501 ‘⁶
1728 483 1838 514 Immo
1860 481 2018 513 certissu-

142 552 282 584 munist,
315 541 475 587 beneficii
495 540 660 573 mendum
682 540 803 572 librari
823 550 905 572 esse.
949 540 1040 571 Nam
1063 536 1194 568 etiamsi
1217 535 1335 568 Cicero
1359 541 1538 568 contentus
1560 546 1638 567 cum
1663 534 1813 577 genitiuo
1842 533 2018 574 iunxisset,

142 600 295 632 minume
320 603 434 628 tamen
457 595 522 626 1100
543 594 619 625 loco
641 603 804 635 usurpare
826 592 905 623 illut
925 589 1089 633 loquendi
1111 600 1217 632 genus
1239 588 1369 632 potuit,
1405 599 1483 619 cum
1504 588 1615 620 Racili
1636 599 1707 619 non
1727 599 1834 619 unum
1858 587 1960 619 fuisse
1980 586 2018 618 in

142 653 343 686 Ciceronem
365 646 585 686 beneficium,
620 652 670 678 set
691 645 791 689 plura
813 656 855 676 ex
878 644 991 676 uerbis
1014 645 1044 686 §.
1069 655 1119 686 77.
1144 643 1238 676 Luci
1259 642 1381 675 Racili
1404 641 1529 673 diuina
1550 641 1588 673 in
1610 653 1663 673 me
1683 641 1810 673 merita
1831 640 2019 672 luculenter

141 706 369 746 intellegatur.
413 699 571 739 Accedit,
608 698 699 741 quod
723 698 797 730 sine
827 708 938 728 caussa
964 696 1083 728 idonea
1117 707 1218 727 nemo
1243 695 1481 727 Romanorum
1512 692 1675 725 eiusmodi
1701 693 1867 736 genitiuos
1897 693 2020 726 Racili

143 756 287 802 benefici
314 765 477 797 umquam
507 751 696 795 conposuit.
740 749 959 783 Ambrosiani
986 748 1151 791 scriptura
1179 759 1256 780 mea
1284 745 1451 780 sententia
1479 757 1523 778 ex
1549 745 1707 777 sollemni
1736 747 1902 790 scriptum
1930 746 2020 778 anti-

143 811 272 855 quioris
301 809 378 841 aeui
407 804 568 850 beneficis
598 809 713 835 ortast.
758 804 918 835 Ceterum
943 807 1034 833 recte
1057 801 1261 833 Garatonius
1291 800 1392 831 etiam
1419 799 1518 831 istam
1543 799 1845 839 constructionem,
1879 799 1958 831 licet
1977 798 2019 830 ab

145 864 240 898 omni
262 862 427 895 latinitate
449 870 520 891 non
549 856 593 889 sit
617 855 889 893 exterminanda,
927 861 1037 886 tamen
1060 853 1216 885 Ciceroni
1247 852 1409 894 illiusque
1436 852 1632 894 aequalibus
1664 852 1880 884 tribuendam
1907 859 2018 896 negat.

144 941 165 959 ‚,
178 917 279 960 Quod
307 915 393 947 scire
416 921 577 945 maxume
607 909 762 949 interest,
796 908 955 951 quidnam
977 907 1109 938 Racilio
1132 905 1288 937 acciderit
1308 904 1408 944 mali,
1441 905 1477 936 111
1500 917 1557 944 eo,
1592 911 1632 936 ut
1653 905 1689 936 in
1712 905 1792 944 ,aliis
1814 917 1858 938 ex
1879 906 2022 938 historia

144 969 339 1008 nonnullis,
367 967 408 999 ab
432 967 497 998 hoc
519 962 696 996 scholiaste
717 962 912 993 deserimur.
957 961 1205 993 Uerumtamen
1227 957 1357 1000 aliquid
1378 957 1438 988 ille
1459 957 1583 988 adtulit
1604 958 1698 989 noui.
1744 959 1876 998 Extat,
1898 958 2021 1001 inquit,

147 1023 285 1057 libellus
308 1021 460 1053 eiusdem
483 1016 673 1054 Ciceronis,
704 1016 765 1059 qai
788 1015 840 1047 ita
861 1014 1082 1052 inscribitur,
1119 1012 1307 1045 edictum
1327 1010 1467 1043 Lucii
1489 1010 1662 1043 Racilii
1692 1011 1865 1044 tribuni
1881 1012 2021 1056 plebi,

150 1077 243 1121 qnod
263 1074 324 1107 sub
347 1073 483 1106 nomine
506 1071 617 1114 ipsius
639 1068 756 1101 Cicero
779 1069 921 1112 scripsit
943 1067 1026 1110 (non
1049 1065 1247 1109 inscripsit,
1272 1069 1311 1095 ut
1331 1063 1366 1094 in
1389 1063 1514 1106 codice)
1537 1064 1574 1095 in
1596 1064 1824 1096 inuectionem
1845 1065 1889 1097 P.
1912 1064 2022 1098 Clodi.

148 1127 265 1161 Planci
287 1126 426 1167 conlega
446 1123 598 1156 Racilius
620 1121 656 1152 in
677 1121 846 1152 tribunatu
872 1120 954 1159 fuit3
994 1131 1064 1151 non
1093 1125 1204 1150 autem
1234 1128 1301 1159 quo
1331 1127 1420 1147 anno
1452 1116 1569 1148 Cicero
1596 1116 1633 1148 in
1662 1117 1804 1159 patriam
1834 1117 1952 1157 rediit,
1982 1123 2023 1149 ut

147 1182 260 1216 11131113
282 1166 450 1216 adfirmat,
481 1188 520 1207 eo
544 1175 685 1206 fortasse
707 1173 883 1217 deceptus,
918 1171 1009 1215 quod
1032 1171 1161 1203 tribuni
1183 1169 1291 1213 plebis
1313 1180 1440 1201 annum
1462 1181 1561 1201 suum
1584 1181 1653 1201 non
1676 1181 1695 1201 a
1717 1170 1877 1202 Kalendis
1900 1170 2024 1201 Ianua-

148 1236 226 1275 riis,
262 1240 298 1265 ut
322 1231 425 1264 ceteri
446 1229 673 1272 magistratus,
712 1238 833 1258 uerum
859 1226 901 1257 ab
924 1225 969 1258 A.
995 1226 1040 1257 D.
1060 1225 1124 1257 IV.
1153 1224 1230 1255 Idus
1253 1223 1451 1255 Decembris
1480 1222 1704 1265 incipiebant:
1742 1235 1803 1255 nos
1830 1222 1956 1254 etenim
1978 1233 2022 1253 ex

149 1287 247 1321 Tulli
268 1283 462 1318 testimonio
489 1293 616 1313 annum
637 1280 849 1313 DCXCVII.
880 1278 966 1321 (698.
988 1277 1096 1318 Alm.)
1124 1276 1160 1307 in
1184 1276 1330 1308 editione
1355 1282 1469 1308 nostra
1490 1275 1666 1318 posuimus
1687 1276 1849 1319 Philippo
1872 1281 1906 1306 et
1927 1275 2025 1307 Mar-

150 1341 273 1373 cellino
295 1350 394 1377 coss.,
417 1346 528 1378 neque
549 1334 646 1366 aliter
668 1333 704 1365 iu
723 1331 896 1364 Ciceronis
918 1330 1059 1363 historia
1081 1329 1272 1368 Fabriciu33
1300 1341 1366 1372 quo
1390 1329 1526 1371 quidem
1548 1340 1653 1369 anno,
1676 1335 1716 1360 ut
1735 1328 1839 1360 modo
1861 1328 2023 1368 diximus,

151 1396 190 1427 P.
213 1393 371 1425 Clodium
400 1394 530 1421 constat
559 1386 766 1418 aedilitatem
793 1384 942 1427 gessisse.
986 1383 1054 1416 Hic
1073 1382 1185 1425 itaque
1207 1383 1421 1414 turbulentus
1450 1382 1564 1413 aedilis
1587 1381 1659 1413 siue
1681 1381 1718 1412 in
1739 1381 1912 1421 contione,
1951 1381 2024 1413 siue

152 1458 213 1491 per
246 1445 392 1477 edictum
419 1441 590 1474 Racilium
615 1439 787 1472 Ciceronis
815 1443 1104 1481 propugnatorem
1135 1442 1168 1467 et
1198 1436 1399 1468 Ciceronem
1427 1436 1539 1478 ipsum
1572 1434 1749 1466 insectatus
1781 1433 1933 1473 uidetur3
1969 1434 2022 1465 cui

153 1511 258 1543 quom
282 1497 400 1530 Cicero
421 1507 483 1538 per
506 1494 652 1525 edictum
671 1504 731 1524 suo
755 1492 893 1523 nomine
916 1491 1066 1534 priuatus
1085 1489 1290 1532 respondere
1313 1501 1380 1522 non
1405 1493 1528 1531 posset,
1551 1488 1593 1519 L.
1617 1487 1748 1519 Racilio
1770 1487 1920 1527 tribuno,
1948 1487 2025 1529 qui-

153 1564 231 1584 cum
253 1551 325 1594 ipse
347 1548 557 1591 conpellatus
581 1546 711 1585 fuerat,
735 1545 880 1577 edictum
903 1544 1079 1586 conposuit
1103 1542 1261 1574 acerbum
1282 1553 1319 1573 ac
1341 1543 1543 1581 uehemens,
1566 1547 1602 1572 ut
1624 1541 1769 1580 solebat,
1792 1540 1831 1572 in
1857 1540 2025 1581 Clodium,

155 1605 250 1637 cuius
282 1604 401 1635 Cicero
434 1600 551 1643 scripti
582 1605 698 1630 auctor
728 1598 769 1629 ab
798 1598 955 1629 omnibus
984 1596 1257 1638 adgnosceretur.
1303 1596 1410 1627 Erant
1438 1595 1529 1626 enim
1552 1595 1660 1626 edicta
1682 1593 1821 1637 propria
1849 1594 2026 1636 magistra-

155 1665 267 1695 tuum,
311 1655 430 1697 quibus
460 1654 495 1684 iu
518 1652 721 1683 dissensione
751 1650 793 1682 ad
816 1650 967 1682 conuicia
997 1649 1095 1681 facile
1124 1648 1358 1679 abutebantur.
1403 1648 1459 1679 Ex
1484 1647 1600 1679 multis
1624 1646 1783 1689 exemplo
1807 1645 1875 1677 sint
1896 1647 2027 1679 Arc-lti-

156 1711 269 1744 Ioclzia
298 1709 357 1739 illa
387 1706 501 1738 Bibuli
529 1705 674 1736 consulis
703 1705 739 1736 in
766 1705 828 1736 Cn.
856 1702 1059 1746 Pompeium
1088 1701 1226 1742 eiusque
1249 1701 1355 1732 socios
1387 1701 1488 1732 edicta
1511 1702 1553 1731 lI.
1579 1700 1618 1731 ad
1644 1699 1717 1731 Att.
1740 1710 1788 1740 19.
1808 1708 1859 1730 20.
1885 1709 1956 1738 21.‚
1993 1705 2027 1730 et

159 1770 242 1807 aput
272 1763 362 1793 Plut.
390 1760 427 1791 in
456 1759 576 1801 Pomp.
606 1769 633 1789 e.
665 1757 742 1789 48..
788 1757 968 1798 Quinctius
1003 1766 1085 1786 uero
1115 1754 1247 1786 Atticus
1273 1753 1408 1793 consul,
1445 1754 1536 1798 quod
1562 1754 1674 1785 edicta
1704 1753 1740 1784 in
1764 1751 1935 1795 populum
1959 1763 2026 1795 pro

164 1816 378 1860 Uespasiano
410 1810 603 1856 magnifica
629 1811 799 1855 probrosa
823 1811 992 1842 aduersus
1022 1809 1205 1840 Uitellium
1233 1807 1379 1845 iecerat,
1415 1818 1539 1850 poenas
1566 1804 1756 1838 Uitellianis
1781 1803 1886 1843 dedit,
1920 1810 1959 1835 ut
1984 1815 2028 1836 ex

158 1869 277 1901 Tacito
305 1867 365 1898 111.
387 1866 516 1897 Histor.
542 1865 591 1906 75.
620 1875 750 1895 morem
780 1864 879 1895 illum
902 1873 977 1893 cum
1004 1873 1040 1893 re
1063 1861 1198 1904 publica.
1222 1860 1408 1892 extinctum
1430 1870 1500 1890 non
1522 1858 1625 1890 fuisse
1647 1857 1800 1888 sciamus.
1846 1856 1949 1898 Quod
1971 1857 2028 1897 ait,

159 1923 197 1955 in
221 1920 449 1953 inuectionem
473 1918 518 1950 P.
541 1918 657 1956 Clodi,
691 1916 888 1960 explicantis
912 1921 973 1951 est,
1009 1913 1174 1956 siquidem
1197 1913 1314 1945 Cicero
1338 1913 1378 1944 de
1399 1923 1495 1944 more
1521 1910 1713 1954 scripserit,
1746 1910 1782 1941 in
1805 1910 1849 1942 P.
1871 1901 2030 1942 Clodiam

158 1974 306 2008 aedilem
328 1971 493 2003 curulem.
536 1971 587 2002 Ita
608 1970 801 2002 scholiastes
832 1979 1041 2010 anonymus,
1075 1967 1146 1998 siue
1167 1967 1222 1998 hic
1244 1966 1317 2009 ipse
1340 1971 1399 2004 est,
1433 1965 1505 1995 siue
1535 1964 1635 2003 alius,
1669 1963 1712 1994 ad
1732 1963 1759 1994 Ι.
1784 1968 1845 1994 act.
1869 1962 1904 1994 111
1931 1964 2028 1996 Uerr.

162 2039 189 2059 c.
217 2038 265 2058 10.
291 2025 439 2057 iuuet-tio
463 2025 510 2056 acl
530 2024 713 2057 Metellum
735 2022 904 2054 consulem
929 2021 1168 2064 designatum,
1201 2030 1301 2062 quem
1332 2018 1378 2048 ibi
1402 2024 1515 2049 orator
1543 2016 1748 2058 adloquitur.
1791 2016 1886 2047 Haut
1917 2021 2028 2046 tamen

161 2079 278 2111 Tullio
302 2077 481 2118 indignum
504 2082 553 2107 est
574 2076 718 2106 uerbum
748 2076 907 2106 innectit).
953 2074 1085 2105 Cilatur
1114 2085 1157 2104 ex
1180 2074 1223 2104 Il.
1253 2071 1292 2101 de
1315 2071 1389 2101 Inu.
1421 2071 1492 2108 54„
1537 2080 1637 2111 quem
1665 2068 1887 2111 deprauatum
1917 2068 2029 2099 locum

161 2130 309 2163 Michael
331 2129 457 2160 Brutus
480 2129 677 2171 iampridem
702 2129 749 2159 ita
772 2127 979 2159 emendauit:
1004 2126 1210 2164 Clementia,
1229 2136 1294 2168 per
1318 2135 1420 2167 quam
1442 2123 1552 2155 animi
1575 2129 1698 2155 temere
1721 2122 1757 2154 in
1781 2122 1898 2153 odium
1918 2121 2029 2153 alicu-

163 2185 218 2216 ius
246 2182 395 2214 inuectio
418 2182 589 2215 concitata
617 2183 777 2215 comitate
806 2181 986 2212 retinetur.
1032 2178 1067 2209 Id
1090 2189 1176 2209 unus
1201 2177 1342 2209 Gruteri
1372 2175 1498 2213 codex,
1533 2181 1669 2218 tresque
1690 2173 1877 2206 Britannici
1906 2171 2030 2203 confir-

164 2241 309 2267 marunt.
353 2234 534 2273 Ernestus‚
571 2237 681 2268 animi
703 2253 744 2259 —-
770 2233 933 2266 concitati
956 2232 1121 2270 inuenio,
1160 2228 1319 2261 Schutzio
1349 2228 1524 2270 probante.
1568 2229 1714 2272 Propius
1745 2234 1858 2259 tamen
1881 2229 1965 2256 esset
1987 2223 2029 2255 ad

164 2288 310 2325 litteras,
335 2288 445 2319 animi
466 2305 508 2313 —
530 2289 694 2320 concitati
716 2287 924 2319 inuectiones
948 2285 1107 2317 comitate
1131 2284 1334 2316 retinentur.
1377 2280 1512 2312 Habent
1536 2282 1627 2312 enim
1648 2281 1804 2324 plerique
1826 2277 2030 2310 istaec-tionis

164 2347 198 2372 et
219 2341 429 2379 retinentur,
464 2352 618 2384 unusque
640 2341 724 2372 Brit.
747 2340 1006 2372 continentur.“
1051 2337 1311 2368 Ginssoxffs.

252 2392 336 2425 Cum
367 2399 502 2425 tantum
531 2395 601 2426 iam
628 2395 776 2427 Plancio
805 2391 971 2431 deberem)
1017 2391 1093 2431 Qua
1123 2388 1321 2420 auctoritate
1351 2393 1486 2420 tantum
1521 2385 1726 2429 receperim,
1766 2382 1899 2424 Proleg.
1930 2383 1971 2414 L.
2003 2382 2029 2413 Ι.

168 2447 206 2479 C.
229 2446 289 2478 III.
315 2446 344 2486 ἓ.
369 2456 397 2476 2.
426 2456 457 2487 p.
482 2446 582 2477 XIX.
608 2446 762 2489 exposui.
