2185 2720
150 168 205 196 232
791 155 1364 189 COMMENTARIUS.

149 238 186 270 in
209 247 340 281 quoque
362 234 409 267 sit
427 233 610 279 ponderis,
641 245 712 266 esse
732 233 969 267 aestumanda.
989 232 1033 266 ad
1053 233 1135 266 Diu.
1159 232 1226 273 III,
1249 231 1288 273 5,
1313 242 1364 265 20:
1393 232 1550 277 equidem
1565 245 1634 278 pro
1655 246 1693 268 eo
1700 258 1714 274 ,
1743 235 1867 279 quanti
1887 240 1920 269 te
1942 233 2010 280 fa·

150 291 221 329 cio,
249 289 419 333 quidquid
431 286 563 331 feceris
584 286 789 330 adprobabO.
1503 315 1507 317 Α

236 342 267 384 §.
291 342 343 385 95.
388 340 490 372 Stare
518 339 609 371 enim
637 351 750 371 omnes
779 338 937 372 debemus
965 343 1142 382 tamquam
1168 337 1205 370 in
1228 336 1306 370 orbe
1327 337 1446 382 aliquo
1473 339 1525 371 rei
1540 338 1592 383 p.)
1636 338 1728 372 Uide
1760 350 1845 381 quae
1876 339 1919 372 de
1947 341 2012 375 hoc

151 400 348 438 argumento
383 392 479 424 docte
516 391 664 435 disputat
699 391 801 423 etiam
841 402 885 424 ex
922 391 1207 434 Philosophorum
1244 390 1341 423 libris
1379 390 1418 423 in
1456 402 1511 435 ep.
1544 391 1609 425 IX.
1645 392 1706 424 lib.
1741 393 1769 425 Ι.
1803 392 1848 425 ad
1879 393 2014 427 Lentu-

152 449 236 481 lum.
281 449 488 479 GRAEcms.

236 500 308 541 Qui
338 498 501 543 quoniam
528 502 711 536 uersatur,
749 509 825 530 eam
853 497 1005 541 deligere
1034 494 1183 542 partem)
1228 495 1355 528 Similis
1386 503 1434 529 est
1454 496 1564 537 locus,
1607 508 1708 539 quem
1737 496 1797 539 qui
1823 497 2014 541 appellatur

153 552 320 586 Asconius
350 562 421 583 non
452 550 669 593 expediebat,
701 549 728 581 I.
751 550 830 583 Act.
857 550 892 582 in
914 552 1015 584 Uerr.
1038 562 1068 593 9.
1101 549 1235 582 Siculos
1262 561 1344 581 sane
1364 549 1402 582 in
1424 562 1462 582 eo
1486 550 1610 582 liberos
1625 548 1743 592 fuisse
1765 549 1908 592 (audio),
1943 552 2015 596 qui,

156 604 373 649 quamobrem
393 608 664 641 arcesserentur,
701 615 802 646 quom
824 603 1079 648 intellegerent,
1115 614 1182 635 non
1207 601 1351 634 uenisse.
1394 602 1496 636 Adde
1517 604 1581 636 IV.
1604 603 1641 634 in
1662 603 1763 635 Uerr.
1786 603 1838 635 58.
1873 604 2016 638 Etenim

155 658 216 689 ille
239 657 421 700 requisisse
443 656 574 689 dicitur
596 656 701 688 etiam
719 656 960 689 Archimedem
982 657 1100 695 illum,
1122 667 1253 687 summo
1275 655 1416 697 ingenio
1437 656 1608 689 hominem
1632 668 1673 688 ac
1695 656 1893 700 disciplina,
1916 669 2015 701 quem

156 722 257 753 quom
278 710 433 742 audisset
463 706 700 750 interfectum,
730 709 934 752 permoleste
962 710 1093 742 tulisse.
1131 709 1184 740 Ita
1211 707 1260 740 ibi
1286 707 1356 740 cod.
1380 714 1536 751 optumus
1559 709 1636 740 Car.
1659 707 1777 750 Steph.
1810 720 1887 740 cum
1907 709 2017 752 Regio

154 768 189 793 et
209 762 315 794 altero
341 761 474 799 Ursini,
514 760 663 792 Graeuio
686 761 848 803 nobisque
869 761 1105 804 probantibu53
1146 761 1204 792 alii
1227 761 1319 792 enim
1341 773 1484 804 eumque
1504 773 1590 793 cum.
1632 761 1718 792 Item
1742 761 1846 792 Corn.
1868 762 1957 804 Nep.
1979 762 2016 794 in

153 815 275 857 Epam.
298 814 366 853 VI,
393 825 421 846 2.
450 813 573 846 Thebis
597 812 768 856 Oedipum
790 820 911 846 natum
917 838 928 853 ,
951 814 1012 858 qui
1035 826 1135 857 quom
1151 820 1290 857 patrem
1312 826 1413 846 suum
1435 812 1676 857 interfecisset,
1700 825 1741 845 ex
1762 820 1873 847 matre
1893 814 2017 847 liberos

149 879 350 911 procreasse
357 879 369 906 3
405 865 464 897 ubi
486 865 665 897 nonnullos
688 871 722 896 et
743 866 897 898 librarios
928 872 962 897 et
982 866 1179 908 interpretes
1197 872 1414 911 procreasset
1438 866 1595 897 maluisse
1617 877 1678 897 nec
1699 866 1805 898 miror
1824 877 1887 897 nec
1907 865 2016 899 laudo.

155 921 277 961 Neque
303 919 359 950 hic
380 919 480 961 plane
503 918 682 950 defuerunt
704 918 944 951 emendatores.
988 919 1078 950 Nam
1100 920 1269 961 Heruag.‚
1297 919 1334 950 P.
1357 919 1506 956 Manut.‚
1539 919 1573 950 S.
1599 919 1752 961 Gryph.‚
1784 918 1822 950 C.
1845 919 2016 962 Stephan„

157 978 189 1003 et
209 971 396 1003 Lambinus
420 970 611 1010 ediderunt,
635 984 710 1003 eam
731 972 883 1015 deligere
898 976 1038 1015 partem
1059 971 1235 1011 debemus,
1266 971 1402 1011 ceteris,
1427 983 1508 1013 quos
1531 970 1626 1010 noui,
1654 970 1749 1002 libris
1773 982 1811 1002 ea
1831 972 1941 1015 glossa
1961 983 2018 1004 ca-

156 1023 321 1056 rentibus.
364 1024 471 1057 Porro
492 1023 593 1056 etiam
614 1024 657 1056 II.
680 1024 722 1056 ad
744 1024 820 1058 Att.
843 1035 874 1067 9.
896 1024 952 1057 hic
974 1023 1064 1056 orbis
1087 1025 1139 1057 rei
1153 1037 1192 1068 p.
1215 1030 1265 1057 est
1288 1036 1482 1057 conuersus.
1527 1023 1788 1056 GARATONIUS.

893 1113 922 1147 C
948 1111 982 1148 A
1005 1113 1054 1147 P.
1099 1113 1278 1147 XXXIX.

241 1186 322 1229 Ego
344 1192 459 1218 autem
481 1186 541 1219 Cn.
560 1186 777 1230 Pompeium)
821 1185 890 1218 Cur
911 1184 1073 1227 Pompeio
1102 1184 1258 1216 inimicus
1282 1195 1353 1216 esse
1378 1195 1449 1215 non
1472 1182 1595 1226 possit,
1628 1182 1709 1215 licet
1734 1188 1847 1214 contra
1866 1182 1905 1214 P.
1929 1182 2013 1216 Clo-

156 1238 249 1270 dium
271 1239 311 1270 ab
336 1250 374 1270 eo
396 1238 551 1270 defensus
574 1250 643 1269 non
666 1245 766 1278 esset,
790 1238 945 1281 pluribus
970 1238 1088 1269 Cicero
1111 1238 1148 1269 in
1171 1250 1218 1271 or.
1241 1237 1308 1269 Pis.
1335 1238 1373 1269 C.
1391 1238 1529 1269 XXXI.
1553 1235 1704 1279 exponit.

243 1292 449 1325 Memoriam
476 1298 510 1323 et
529 1293 686 1335 gratiam
718 1292 901 1336 quaerunt)
945 1291 1027 1323 Bau.
1057 1292 1257 1323 memoriam
1286 1296 1457 1335 quaerunt
1483 1295 1517 1322 et
1543 1289 1721 1332 gratiam,·
1759 1286 1818 1329 qui
1845 1298 2019 1327 numerus,

159 1355 244 1387 quae
265 1343 449 1375 conlocatio
472 1343 509 1374 in
531 1345 593 1375 hac
615 1344 744 1387 periodi
766 1343 1030 1377 conformatione
1052 1355 1121 1376 non
1144 1350 1193 1375 est
1214 1342 1430 1386 aspernanda.
1462 1342 1722 1373 GARATONIUS.
1765 1340 1838 1383 Ego
1860 1350 1922 1371 cur
1942 1339 2021 1373 uol-

159 1403 273 1440 gatum
296 1396 447 1428 ordinem
470 1396 685 1437 retinuerim,
709 1398 832 1430 dictum
855 1398 891 1428 in
912 1397 1044 1439 Proleg.
1065 1397 1107 1428 L.
1130 1397 1157 1428 I.
1179 1397 1217 1428 C.
1242 1396 1300 1427 III.
1325 1396 1355 1437 ς.
1380 1407 1428 1427 10.
1451 1406 1485 1437 p.
1504 1394 1641 1426 XXIV.
1665 1399 1726 1425 est.

241 1449 322 1492 Ego
345 1461 422 1481 eum
444 1462 511 1481 non
534 1456 653 1488 tuear,
684 1463 783 1493 quem
807 1463 920 1482 omnes
942 1450 978 1481 in
1002 1461 1039 1481 re
1055 1462 1092 1493 p.
1113 1450 1305 1493 principem
1328 1461 1398 1480 esse
1420 1447 1624 1486 concedunt)
1667 1446 1763 1478 Sensi
1784 1445 1934 1489 primum
1955 1445 2021 1478 hoc

158 1501 289 1543 legens,
321 1501 502 1543 elegantius
526 1502 597 1534 fore
620 1504 825 1542 eoncedant3
853 1514 929 1533 cum
952 1509 1028 1544 post
1048 1503 1271 1545 repperissem
1294 1514 1356 1545 ego
1379 1501 1415 1533 C.
1437 1500 1598 1533 laudibus
1620 1499 1744 1537 desim,
1776 1511 1861 1543 quas
1882 1500 2022 1532 uideam

159 1566 230 1586 esse
252 1553 457 1593 celebratas,
481 1555 525 1585 ita
548 1556 786 1597 corrigendum
807 1554 965 1586 indicaui.
995 1555 1050 1586 Sic
1072 1566 1149 1597 ergo
1172 1555 1316 1587 correxi.
1340 1555 1564 1586 ERNESTIUS.
1595 1552 1686 1585 Male
1709 1552 1854 1594 quidem.
1883 1552 2022 1586 Utrius-

160 1618 227 1648 que
247 1606 393 1637 membri
415 1606 515 1638 ualde
537 1607 646 1649 dispar
667 1608 796 1639 ratiost.
840 1609 879 1639 In
901 1608 1015 1651 priore
1037 1608 1140 1639 uerba
1163 1620 1262 1652 quem
1280 1613 1339 1638 etc.
1363 1607 1412 1638 nil
1437 1606 1503 1637 nisi
1526 1605 1786 1648 explicationem
1810 1605 2023 1648 pronominis

160 1671 239 1690 eum
252 1659 433 1697 continent3
460 1671 560 1701 quam
583 1660 625 1690 ob
649 1671 796 1692 caussam
819 1661 1024 1692 necessarius
1047 1660 1240 1692 indicatiuos
1255 1660 1441 1692 concedunt
1454 1664 1513 1690 est.
1557 1658 1596 1689 In
1615 1659 1719 1690 altero
1740 1658 1895 1690 membro
1917 1657 2022 1689 uerba

161 1723 246 1755 quas
268 1729 309 1735 —
332 1713 469 1744 uideam
492 1725 562 1745 esse
584 1713 770 1745 celebratas
791 1724 938 1744 caussam
961 1712 1142 1752 continent,
1166 1725 1226 1745 eur
1249 1713 1381 1745 Caesari
1405 1712 1523 1743 Cicero
1545 1710 1657 1743 deesse
1677 1723 1746 1743 non
1767 1710 1882 1754 possit,
1905 1715 2023 1752 estque

161 1776 247 1807 quas
269 1765 408 1796 uideam
430 1765 476 1796 ita
499 1765 640 1804 dictum,
670 1771 709 1796 ut
732 1765 896 1808 significet
920 1778 997 1798 cum
1018 1779 1074 1799 eas
1097 1767 1245 1799 uideam.

244 1817 326 1860 Ego
349 1817 384 1850 C.
407 1818 564 1851 Caesaris
588 1819 749 1851 laudibus
773 1818 893 1862 desim)
940 1819 1060 1850 Omnis
1084 1819 1173 1850 enim
1197 1820 1255 1851 illa
1276 1825 1464 1862 tempestas,
1488 1818 1543 1850 cui
1563 1822 1702 1849 cesserat
1727 1815 1855 1855 Cicero,
1882 1815 2023 1848 Caesare

160 1868 335 1911 inpulsore
356 1876 457 1913 atque
483 1871 632 1904 adiutore
655 1872 823 1903 dicebatur
845 1871 999 1910 excitata,
1024 1871 1069 1902 ita
1090 1877 1129 1902 ut
1148 1884 1262 1904 omnes
1278 1872 1475 1904 Ciceronem
1499 1870 1633 1902 Caesari
1654 1880 1787 1911 semper
1808 1867 1883 1900 fore
1904 1868 2022 1900 inimi-

162 1922 344 1963 eissumum
366 1930 536 1965 putarent.
580 1925 697 1967 Itaque
721 1924 809 1967 quod
831 1936 912 1956 mox
935 1924 969 1955 in
992 1924 1133 1967 gratiam
1162 1937 1237 1957 curn
1261 1937 1299 1958 eo
1322 1925 1436 1965 rediit,
1473 1935 1492 1955 a
1519 1923 1635 1955 multis
1669 1922 1838 1954 obiectum
1868 1921 2022 1954 Ciceroni

162 1980 221 2006 est.
265 1974 336 2006 Cfr.
367 1975 408 2007 de
439 1988 536 2019 prou.
569 1989 659 2009 cons.
692 1979 730 2009 C.
754 1978 850 2011 VIII.
883 1978 913 2018 §.
944 1976 981 2009 18
1004 1989 1076 2020 sqq.
1109 1979 1146 2010 C.
1169 1979 1276 2011 XVII
1305 1989 1397 2021 sqq„
1432 1988 1496 2020 pro
1525 1977 1628 2008 Corn.
1653 1975 1758 2007 Balbo
1787 1974 1826 2006 C.
1854 1974 2022 2015 XXVII„

161 2028 198 2059 in
220 2028 287 2059 Pis.
313 2028 350 2059 C.
374 2029 528 2060 XXXII.
552 2029 593 2060 ad
618 2030 699 2061 Diu.
722 2031 755 2069 I,
780 2042 817 2073 9,
840 2030 891 2061 5..

247 2081 344 2120 Quas
371 2081 538 2124 primum)
581 2083 647 2113 Pro
678 2096 763 2126 quas
793 2084 923 2126 aliquot
950 2083 1030 2115 libri
1058 2083 1182 2115 habent
1221 2084 1298 2127 qui,
1331 2082 1537 2125 probarique
1564 2081 1600 2113 id
1627 2087 1738 2124 potest
1765 2091 1808 2112 ex
1838 2078 1899 2120 iis,
1937 2090 2023 2122 quae

162 2133 357 2175 VVopkens.
380 2134 406 2165 I.
430 2135 524 2168 Lect.
547 2135 639 2166 Tull.
667 2137 714 2167 15.
741 2147 774 2178 p.
799 2137 851 2169 84.
874 2137 925 2169 85.
949 2136 1152 2178 suppeditat.
1197 2136 1271 2168 Alii
1293 2135 1414 2166 malint
1437 2136 1496 2178 qui
1518 2147 1587 2167 eas.
1628 2134 1701 2176 Ego
1725 2133 1895 2175 uolgatam
1921 2138 2025 2175 optu-

162 2196 253 2216 mam
275 2185 347 2216 siue
373 2192 591 2228 optumorum
615 2187 766 2219 codicum
784 2189 916 2232 inperio
940 2200 1008 2221 non
1025 2189 1150 2220 desero.
1176 2188 1434 2220 GARATONIUS.
1479 2189 1558 2220 Non
1580 2186 1738 2218 conuenit
1757 2187 1817 2230 qui
1840 2185 1920 2217 huic
1937 2185 2022 2217 loco.

162 2239 210 2270 Ut
233 2237 323 2269 enim
352 2238 388 2269 in
410 2239 677 2271 antecedentibus
704 2240 799 2280 dicit,
838 2253 900 2283 ego
925 2254 1001 2273 eum
1025 2254 1090 2273 non
1122 2247 1238 2280 tuear,
1277 2253 1376 2284 quem
1400 2247 1478 2279 etc„
1513 2240 1561 2271 sic
1582 2240 1638 2270 uel
1660 2237 1890 2270 concinnitatis
1911 2247 2024 2268 caussa

163 2289 303 2321 debebat
330 2301 488 2334 pergere,
526 2305 589 2337 ego
623 2293 660 2326 C.
688 2293 844 2326 Caesaris
873 2294 1035 2326 laudibus
1065 2295 1190 2333 desim,
1226 2306 1311 2338 quas
1334 2299 1413 2333 etc„
1447 2291 1484 2324 id
1506 2298 1571 2333 est,
1605 2303 1665 2334 ego
1689 2292 1727 2324 C.
1752 2292 1926 2324 Caesarem
1952 2300 2023 2322 nou

163 2349 275 2381 tuear,
301 2344 393 2375 cuius
414 2345 524 2376 laudes
549 2352 628 2376 etc..

247 2396 410 2429 Primum
426 2399 552 2442 populi
573 2399 738 2441 Romani)
782 2399 817 2432 A
840 2411 905 2441 quo
930 2399 1078 2432 Galliam
1105 2398 1294 2431 citeriorem
1324 2399 1361 2431 in
1383 2397 1655 2441 quinquennium
1683 2397 1791 2429 inuito
1813 2400 1931 2427 senatu
1949 2395 2024 2429 Ua·

165 2448 248 2480 tinia
269 2448 343 2490 lege
365 2450 502 2492 accepit.
544 2451 759 2483 Masurius.
