2185 2720
915 118 1021 148 CAP.
1060 118 1136 147 XII.
1174 115 1202 158 ς.
1232 124 1277 152 29.
1307 123 1352 151 30.
2022 131 2077 160 103

271 195 476 240 Aspicitur‚
507 205 574 226 non
605 192 845 231 adtrectatur3
874 193 1002 236 procul
1029 199 1193 238 apparet,
1222 206 1291 226 non
1320 193 1497 226 excutitur
1527 193 1559 236 [,
1581 207 1649 228 non
1675 197 1711 228 in
1741 209 1866 230 manus
1887 202 2075 246 sumitur-D

186 248 391 291 Explicatur
421 247 474 279 his
497 246 628 285 uerbis,
664 256 724 276 cur
752 244 859 276 facilis
882 246 925 276 sit
948 246 1135 278 occursatio
1158 252 1191 277 et
1216 246 1381 278 blanditia
1402 247 1589 288 popularis.
1636 249 1739 291 Quod
1765 250 1813 281 ita
1840 250 1921 283 facit
1948 261 2074 297 orator,

186 307 225 331 nt
258 300 415 331 blandam
446 299 542 330 illam
575 299 743 341 populum
774 298 940 329 tractandi
970 299 1137 330 rationem
1161 299 1269 330 ueluti
1298 298 1519 330 simulacrum
1543 301 1714 341 quoddam
1737 309 1795 334 aut
1816 303 1950 346 signum
1974 307 2077 350 fingat

186 365 268 385 esse.
315 352 484 394 Quocirca
505 352 697 395 aspicitur,
725 350 855 392 inquit,
880 363 947 383 non
969 352 1197 384 adtrectatur.
1242 351 1317 383 Etsi
1339 357 1502 382 certumst
1523 353 1824 397 exploratumque,
1854 358 1935 399 quid
1960 361 2077 393 (ultre-

183 411 279 437 etare
301 404 480 446 significet,
507 410 618 435 tamen
641 410 785 446 propter
807 404 982 446 sequentia
1004 404 1129 436 diserte
1151 403 1363 436 monendum
1386 409 1487 445 putO,
1520 403 1607 436 nihil
1631 416 1701 437 esse
1723 408 1821 447 aliut,
1856 410 1920 441 nisi
1943 412 1978 443 in
2003 426 2078 445 ma-

187 470 253 490 nus
274 470 425 496 sumere,
453 457 509 488 uel
531 457 691 489 manibus
717 462 837 489 terere.
882 455 954 488 Cfr.
979 456 1056 489 Liu.
1081 458 1134 497 V,
1166 468 1216 488 22.
1248 456 1340 499 quod
1361 455 1400 486 id
1422 456 1519 499 sign
1530 469 1597 489 11111.
1619 457 1786 502 (Iunonis)
1809 473 1902 495 more
1925 465 2077 497 Etrusco

186 512 256 543 nisi
279 516 391 542 certae
410 511 528 553 gentis
552 510 711 542 sacerdos
736 511 990 541 adtrectare
1011 522 1079 542 non
1102 515 1188 542 esset
1211 509 1346 540 solitus.
1390 508 1501 540 Addit
1524 509 1658 550 Cicero,
1676 512 1806 554 Procul
1820 522 1985 557 apparet,
2009 530 2077 550 mm

186 563 374 595 excutitur.
419 562 552 603 Quibus
580 562 693 593 uerbis
723 561 906 603 significat,
946 569 986 594 ut
1018 563 1254 605 metaphoram
1283 560 1507 600 retineamus,
1542 563 1668 594 multos
1691 575 1734 594 110
1756 566 1915 597 accedere
1938 569 2077 610 quidem

184 626 357 658 proxume
387 614 428 645 ad
459 615 612 657 signum,
649 621 700 646 set
721 626 739 645 e
763 615 949 657 longinquo
972 615 1140 658 aspicere,
1178 614 1325 654 ideoque
1347 612 1501 644 minume
1522 616 1729 657 perscrutari
1753 616 1933 659 diligenter
1959 627 1991 651 et
2014 633 2077 653 ex-

186 668 348 698 aminare.
393 667 474 698 Post
497 668 578 698 haec
602 679 686 709 quae
709 668 743 698 in
771 667 940 698 codicibus
965 668 1121 698 omnibus
1145 666 1260 697 addita
1281 665 1502 707 reperiuntur
1526 668 1648 707 uerba,
1672 681 1739 700 non
1763 670 1799 700 in
1822 682 1946 703 manus
1969 676 2078 706 smni-

187 726 269 759 tur,
293 720 372 751 licet
394 719 524 751 nemini
547 726 624 751 ante
646 732 702 751 me
724 727 878 762 suspecta
900 720 968 751 sint
990 720 1071 758 uisa,
1098 731 1158 761 ego
1182 725 1295 749 tamen
1320 719 1393 749 sine
1417 718 1627 751 dubitatione
1650 721 1744 752 uncis
1768 721 1900 754 inclusi.
1944 726 2076 758 Mei-am

186 773 279 804 enim
301 773 488 804 uerborum
519 786 587 805 non
614 773 833 805 acltrectatur
863 772 1126 814 explicationem
1155 771 1348 810 continent,
1380 772 1512 812 hocque
1540 773 1664 804 certius
1688 780 1757 813 est,
1786 786 1856 806 non
1879 776 2010 808 uenisse
2033 788 2077 808 ex

185 836 246 856 ore
270 825 462 864 Ciceronis,
494 825 603 867 quod,
635 825 723 856 nihil
747 826 832 856 aliut
852 837 928 856 cum
952 822 1142 867 significent
1168 834 1269 865 quam
1293 823 1384 865 quod
1408 823 1474 854 iam
1500 825 1774 857 antecedentibus
1799 827 1974 867 dictumst,
2014 840 2078 860 ex·-

183 884 336 909 tremum
358 884 468 909 tamen
492 876 627 919 periodi
653 877 767 907 locum
791 877 955 917 obtinent,
981 888 1048 918 quo
1071 875 1230 917 grauiora
1252 875 1334 917 poni
1357 875 1462 906 uerba
1484 876 1604 917 solent,
1630 879 1932 922 membrorumque
1953 892 2078 923 aequa-

186 931 333 970 litatem,
357 941 459 973 quam
481 929 631 961 studiose
654 929 821 971 quaesisse
846 930 1046 962 Ciceronem
1069 928 1210 967 scimus,
1234 938 1375 969 prorsus
1399 934 1569 959 euertunt.

273 1009 303 1050 §.
319 1008 370 1041 50.
391 1007 586 1040 Nonnullis
602 1006 716 1050 rebus)
740 1007 828 1038 Cum
844 1007 999 1038 omnibus
1017 1006 1116 1039 rebus
1131 1004 1358 1046 antecesserit,
1376 1011 1425 1037 est
1442 1005 1497 1037 hic
1512 1019 1761 1050 superuacuum
1777 1011 1876 1043 rebus
1891 1017 1924 1042 et
1937 1009 2079 1043 fortasse

187 1061 382 1092 delendum.
427 1060 645 1101 Quamquam
667 1059 695 1090 si
717 1065 870 1090 accurate
897 1059 1108 1101 loquendum
1132 1064 1199 1097 est,
1225 1070 1295 1089 esse
1319 1058 1473 1100 oportuit
1495 1073 1567 1092 una
1590 1073 1646 1094 re.-
1669 1073 1747 1093 nam
1767 1075 1880 1106 genus
1903 1070 1937 1095 et
1959 1077 2080 1096 nomen

185 1125 255 1145 una
276 1125 330 1145 res
354 1119 421 1152 est,
444 1117 483 1142 ut
505 1123 608 1154 supra
631 1124 658 1143 c.
684 1124 714 1154 7.
738 1118 789 1144 est
810 1118 910 1144 tuum
932 1124 1053 1144 nomen
1072 1116 1227 1154 *utraque
1239 1110 1391 1154 familia
1412 1113 1611 1153 consulare,
1644 1115 1799 1156 nihilque
1821 1116 1905 1147 aliut
1928 1116 1993 1147 nisi
2015 1128 2080 1147 no-

185 1165 354 1197 bilitatem
377 1162 551 1207 significat.
596 1164 711 1195 Etiam
733 1164 812 1195 uide
836 1177 862 1195 c.
881 1166 929 1197 6..
974 1166 1168 1205 Iunguntur
1192 1174 1230 1193 ea
1252 1162 1325 1194 fere
1350 1175 1495 1206 semper,
1521 1171 1558 1195 ut
1583 1165 1649 1196 loci
1672 1167 1824 1198 Tulliani
1848 1168 2083 1200 demonstrant

186 1223 271 1260 aput
291 1217 436 1248 Pareum
459 1216 496 1248 in
518 1217 605 1248 Lex.
631 1216 716 1248 Crit.
741 1217 904 1248 Mantissa
925 1228 960 1260 p.
984 1217 1057 1248 56..
1090 1216 1352 1247 GARATONIL’S.
1399 1216 1596 1248 Uei-borum
1617 1220 1757 1260 generis
1781 1226 1814 1251 et
1837 1223 1986 1254 nominis
2012 1233 2082 1253 11011

185 1281 291 1301 unam
314 1274 384 1301 esse'
407 1269 618 1312 eandemque
642 1268 836 1308 notionem,
862 1269 1067 1301 Garatonius
1090 1280 1134 1301 ex
1157 1269 1230 1312 ipso
1254 1268 1333 1308 1110,
1357 1268 1448 1311 quod
1471 1269 1604 1309 adtulit,
1630 1272 1801 1314 exemplo,
1824 1280 1875 1306 est
1900 1280 1999 1306 tuum
2021 1286 2084 1306 720-

186 1335 264 1355 metz
278 1341 320 1347 —
336 1323 529 1362 consulare,
552 1322 749 1354 certissume
763 1321 878 1364 potuit
901 1322 1082 1364 conligere.
1127 1322 1284 1354 Minume
1308 1321 1399 1352 enim
1423 1321 1489 1352 dici
1514 1322 1627 1354 licuit:
1652 1330 1703 1355 est
1726 1331 1825 1358 tuum
1844 1338 1957 1370 genus
1981 1330 2082 1358 utra-

188 1387 253 1419 que
264 1373 416 1418 familia
439 1375 630 1408 consulare.
672 1375 782 1406 Immo
803 1387 931 1418 genere
954 1375 1112 1418 superior
1135 1381 1207 1406 erat
1229 1373 1368 1405 Plancio
1393 1374 1605 1415 Laterensis,
1632 1377 1723 1418 quod
1745 1379 1890 1410 maiores
1915 1379 1985 1410 eius
2007 1389 2082 1409 ma—

185 1427 344 1469 gistratus
368 1427 494 1459 curulis
517 1433 698 1470 gesserant,
723 1429 870 1467 nomine,
895 1426 986 1469 quod
1003 1426 1145 1467 familia,
1169 1427 1204 1458 in
1222 1438 1288 1468 qua
1310 1432 1408 1458 natus
1431 1426 1507 1467 fuit,
1532 1429 1717 1460 consularis
1742 1436 1823 1463 erat.
1868 1431 1957 1462 Nam
1982 1436 2081 1472 pote-

186 1478 241 1510 rat
267 1490 380 1522 genus
403 1479 519 1510 nobile
542 1492 629 1519 esse,
659 1491 696 1510 ac
718 1486 832 1511 tamen
855 1492 976 1512 nomen
998 1486 1143 1522 utraque
1165 1478 1295 1510 familia
1317 1490 1386 1509 non
1410 1480 1598 1511 consulare.
1644 1482 1747 1523 Quod
1773 1489 1948 1525 praeterea
1972 1483 2083 1514 Gara-

187 1531 302 1564 tonius
336 1531 481 1562 uerbum
512 1531 612 1564 rebus
642 1531 749 1563 deleri
780 1532 871 1570 uolt,
905 1531 941 1562 id
970 1532 1124 1563 minume
1152 1531 1293 1574 probari
1325 1537 1448 1574 potest.
1493 1534 1583 1564 Nam
1613 1545 1729 1565 omnes
1752 1534 1831 1565 illae
1852 1546 1925 1574 res,
1960 1534 2082 1576 quibus

191 1590 352 1616 ornatum
380 1583 461 1614 dicit
485 1584 679 1623 Plancium,
715 1590 749 1615 et
778 1590 940 1615 externae
968 1590 1002 1616 et
1031 1584 1235 1616 domesticae
1264 1589 1370 1614 eraut.
1415 1585 1534 1626 Itaque
1564 1591 1641 1627 post
1663 1588 1841 1620 nonnullis
1864 1588 1893 1619 si
1916 1586 2084 1618 omisisset

190 1636 310 1669 Cicero
334 1636 452 1676 rebus,
479 1636 617 1667 credere
641 1635 852 1675 deberemus,
876 1648 955 1667 eum
979 1636 1020 1667 de
1043 1637 1144 1668 rebus
1168 1636 1319 1667 externis
1342 1642 1400 1667 aut
1423 1636 1615 1669 domesticis
1638 1638 1733 1681 loqui
1755 1651 1909 1683 pergere,
1933 1638 1969 1670 id
1992 1638 2085 1681 quod

189 1690 342 1722 minume
364 1687 455 1720 facit.
499 1688 617 1721 Rebus
639 1694 752 1720 autem
775 1690 926 1722 externis
950 1689 1020 1721 uita
1043 1689 1114 1720 eius
1136 1688 1290 1732 publica,
1313 1690 1509 1722 domestic-is
1530 1690 1602 1722 uita
1622 1691 1757 1735 priuata
1778 1692 1997 1735 significatur.

273 1768 486 1812 Inferiorem
520 1779 626 1810 quam
659 1766 706 1808 te)
752 1767 869 1807 Quam
903 1768 1088 1810 elegantius
1126 1769 1278 1809 abesset,
1325 1775 1378 1801 set
1409 1769 1488 1811 quia
1516 1777 1549 1802 et
1579 1771 1644 1802 alia
1673 1770 1839 1813 quaedam
1870 1771 1971 1803 huius
2009 1768 2084 1801 for-

191 1833 267 1855 mae
291 1820 450 1863 exempla
471 1825 567 1858 sunt,
593 1818 762 1858 feramus3
796 1831 1001 1863 quamquam
1023 1820 1059 1852 in
1081 1821 1150 1852 illis
1173 1821 1340 1864 exemplis
1365 1823 1514 1854 multum
1536 1823 1659 1855 incerti
1680 1829 1739 1854 est.
1785 1825 1844 1855 Set
1865 1823 2007 1855 fortasse
2029 1828 2085 1853 to-

192 1882 267 1907 tum
289 1874 354 1905 hoc
378 1885 483 1916 quam
513 1877 545 1904 te
567 1878 618 1903 est
639 1883 683 1903 ex
711 1872 988 1916 interpolatione.
1022 1874 1250 1905 ERNEsTms.
1296 1875 1441 1917 Egregie
1463 1875 1597 1917 lapsum
1620 1876 1818 1907 Ernestium
1841 1887 1912 1907 esse
1936 1876 2084 1907 Garato-

191 1928 269 1959 nius
291 1930 425 1964 monet,
463 1923 553 1966 quod
580 1924 616 1955 in
640 1924 831 1956 elocutione
854 1925 1002 1970 inferior
1030 1939 1107 1958 sum
1134 1939 1238 1970 quam
1265 1932 1304 1959 tu
1335 1927 1532 1966 offenderit,
1570 1928 1732 1970 illiusque
1762 1928 1961 1959 elocutionis
1984 1929 2085 1970 plura

193 1979 306 2012 adfert
328 1977 504 2019 exempla3
528 1988 572 2008 ex
594 1977 691 2010 Brut.
713 1978 766 2009 42.
791 1990 834 2010 ne
856 1991 925 2022 qua
947 1980 983 2011 in
1008 1991 1045 2012 re
1068 1978 1218 2022 inferior
1240 1984 1338 2018 esset,
1363 1992 1467 2023 quam
1490 1980 1682 2019 Scaeuola„
1705 1980 1788 2011 ibid.
1810 1980 1862 2012 48.
1887 1981 1931 2013 P.
1955 1980 2083 2012 Orbius

193 2035 231 2066 in
253 2033 330 2065 iure
352 2030 452 2063 ciuili
473 2042 542 2061 non
564 2028 733 2073 inferior,
762 2042 867 2074 quam
888 2032 1059 2074 magister
1071 2030 1183 2074 fuit„
1220 2042 1263 2062 ex
1286 2031 1396 2073 Epist.
1420 2031 1462 2063 ad
1486 2033 1529 2073 Q.
1553 2033 1611 2063 Fr.
1634 2033 1669 2072 Ι,
1693 2034 1723 2065 5.
1757 2034 1881 2077 gratia
1903 2044 1969 2064 non
1992 2030 2084 2074 infe-

195 2088 269 2119 rior
292 2096 396 2129 quam
419 2082 479 2125 qui
502 2094 666 2125 umquam
677 2081 832 2125 fuerunt
853 2084 1100 2127 amplissumi„
1134 2094 1178 2114 ex
1200 2083 1227 2114 I.
1252 2083 1293 2114 de
1317 2084 1386 2116 Off.
1411 2085 1462 2116 52·
1490 2086 1690 2117 Timotheus
1713 2085 1859 2117 Cononis
1873 2084 2000 2128 filius,
2023 2085 2085 2127 qui

195 2151 274 2174 cum
302 2137 384 2170 belli
415 2135 519 2167 laude
548 2146 615 2166 non
644 2134 793 2178 inferior
811 2134 964 2178 fuisset,
1003 2148 1108 2181 quam
1124 2141 1229 2179 pater
1254 2142 1336 2168 etc..
1381 2138 1431 2169 At
1452 2138 1584 2180 egregie
1605 2139 1718 2181 lapsus
1742 2137 1946 2169 Garatonius
1970 2137 2083 2178 potius

194 2188 451 2223 existumandus
484 2193 552 2226 est,
588 2187 648 2229 qui
670 2187 869 2219 Ernestium
897 2188 933 2219 in
955 2200 993 2220 re
1015 2188 1201 2219 admodum
1230 2195 1321 2220 certa
1343 2189 1510 2222 offensum
1534 2203 1606 2223 esse
1630 2191 1823 2234 putauerit,
1858 2189 1900 2219 de
1929 2200 1995 2230 qua
2016 2188 2084 2220 mi-

193 2255 297 2277 nume
323 2241 479 2273 dubitare
500 2239 679 2271 Ernestius
708 2240 833 2282 potuit.
877 2241 988 2271 Immo
1011 2253 1081 2272 non
1104 2247 1154 2272 est
1175 2240 1328 2280 dubium,
1360 2242 1444 2284 quin
1466 2243 1525 2273 ille
1547 2243 1583 2274 in
1605 2242 1811 2274 accussatiuo
1835 2247 1868 2274 te
1891 2240 2083 2280 offenderit,

195 2302 296 2338 atque
318 2306 382 2338 pro
407 2305 511 2338 quam
533 2297 566 2325 te
586 2291 700 2336 potius
724 2304 828 2335 quam
853 2298 892 2324 tu
923 2305 958 2325 es
987 2293 1229 2336 expectauerit,
1256 2304 1343 2335 quae
1364 2305 1444 2325 sane
1465 2294 1680 2337 frequentior
1702 2294 1836 2325 dicendi
1858 2293 1987 2324 ratiost.
2011 2293 2084 2325 Ue-

195 2358 274 2379 rum
295 2346 383 2378 nihil
403 2347 505 2390 plane
528 2345 565 2377 in
587 2345 653 2376 hoc
673 2344 748 2375 loco
772 2344 967 2377 offensionis
990 2357 1078 2387 esse,
1104 2346 1304 2388 intellegent
1336 2346 1395 2388 qui
1425 2346 1593 2378 eiusmodi
1621 2348 1713 2378 locos
1734 2345 1972 2385 meminerint,
1999 2356 2084 2387 qua-

198 2399 239 2430 lis
262 2399 317 2430 hic
339 2404 405 2431 est:
431 2398 501 2431 Cic.
524 2397 567 2429 ad
588 2397 672 2430 Diu.
695 2398 748 2438 V,
774 2408 803 2439 7.
827 2397 926 2437 Quae
947 2410 1009 2431 nos
1025 2411 1093 2444 pro
1115 2399 1229 2432 salute
1244 2399 1388 2442 patriae
1407 2400 1599 2443 gessimus,
1627 2412 1687 2439 ea,
1711 2410 1788 2430 cum
1810 2398 1964 2437 ueneris,
1987 2402 2083 2430 tanto
