2185 2720
148 146 202 175 184
794 138 1366 172 COMMENTARIUS.

148 227 334 259 numquam
356 216 470 260 ecquis
493 220 527 246 et
549 214 625 247 sim.
647 214 772 258 scripta
792 213 1024 257 reperiuntur,
1055 221 1106 248 set
1134 225 1269 258 semper
1297 219 1356 246 aut
1377 219 1411 247 et
1433 214 1511 259 quis
1531 220 1590 247 aut
1610 216 1694 250 haec
1714 217 1802 262 quis.
1845 216 2016 250 Audacior

147 269 290 301 mutatio
313 269 394 309 erit,
416 268 445 300 si
469 267 542 310 quis
568 268 619 301 At
640 280 845 312 quemquam
865 266 997 300 restitui
1018 269 1114 301 uelit.

232 333 270 366 Is
297 333 393 365 homo
422 337 456 364 et
485 332 516 364 is
543 331 645 373 ciuis)
692 330 757 362 Cui
786 330 954 361 bonorum
981 331 1137 362 uirorum
1170 335 1202 361 et
1230 328 1281 361 rei
1307 328 1462 372 publicae
1489 329 1578 361 salus
1608 329 1700 361 cordi
1725 330 1780 362 sit.
1822 330 1899 362 Hoc
1920 331 2016 364 dicit:

147 388 226 419 Nou
249 386 363 424 debes,
390 385 448 427 qui
469 384 575 416 bonos
598 385 688 415 uiros
711 380 890 414 incolumis
912 394 1052 425 remque
1072 382 1242 425 publicam
1264 382 1393 414 saluam
1415 381 1547 424 cupias,
1577 393 1723 425 purgare
1740 381 1892 415 inhnicos
1913 395 2017 424 meos,

148 439 205 481 qui
234 438 323 469 uitae
352 448 446 469 meae
475 436 608 469 insidias
639 436 828 468 struxerint
855 441 956 478 atque
986 437 1128 469 salutem
1157 435 1215 478 ,rei
1243 434 1414 479 publicae,
1462 445 1604 476 quacum
1632 446 1708 466 mea
1736 434 1914 467 coniuncta
1939 435 2016 477 fuit,

147 497 299 523 euertere
322 489 433 521 conati
453 489 531 521 sint.
1498 498 1500 500 ·

231 554 328 594 Quae
348 572 390 577 —
415 557 617 586 conseruata
643 552 701 593 sit)
743 552 798 584 Ne
830 551 904 593 quis
939 551 976 584 in
1004 551 1220 583 coniunctiuo
1249 551 1403 590 haereat,
1442 549 1671 591 tenendumst‚
1707 563 1794 596 quae
1815 568 1858 575 —
1879 551 1927 584 sit
1954 562 2017 595 pro

148 620 225 641 cum
247 624 289 629 —-
311 607 358 638 sit
380 617 450 637 esse
471 605 607 636 dictum.

231 670 457 703 Inimieorum
477 668 644 702 modestia
666 679 733 699 non
753 679 824 700 esse
845 666 1049 712 adpetitam)
1092 666 1274 707 Mirumst,
1313 677 1516 709 quemquam
1545 665 1733 698 multorum
1760 666 1912 700 codicum
1933 666 2018 700 scri-

145 731 281 768 pturam
304 721 461 755 molestia
481 719 579 751 alteri
601 720 767 753 modestia
788 720 959 762 praeferre
981 720 1142 763 potuisse.
1166 719 1258 761 Quid
1281 718 1373 750 enim
1393 718 1581 761 languidius
1603 719 1797 751 aCicerone
1819 719 1883 751 dici
1893 719 2019 763 potuit,

147 788 248 819 quam
276 775 435 807 molestos
463 772 565 804 fuisse
594 772 767 811 inimicos,
801 784 885 814 quos
914 772 1013 804 modo
1043 772 1173 804 inmani
1195 771 1229 802 in
1253 782 1288 803 se
1310 770 1386 802 odio
1410 771 1718 814 crudelissumoque
1739 770 1842 804 fuisse
1861 772 2018 806 dixerat?

148 831 275 862 Contra
300 827 430 870 egregie
455 832 488 858 et
509 837 629 868 magna
651 836 727 856 cum
752 825 929 856 acerbitate
952 826 1172 857 inimicorum
1188 825 1356 857 modestia
1375 823 1516 867 dicitur,
1540 836 1606 867 quo
1629 823 1745 865 uerbo,
1771 830 1810 857 ut
1829 831 1921 857 recte
1940 837 2018 858 mo-

146 882 222 914 nuit
245 880 442 921 XVeiskffls,
466 878 651 911 moderatio
679 878 840 922 quaedam
861 878 898 910 in
917 878 1014 910 malis
1037 876 1220 910 inferendis
1243 877 1461 921 significatur.

926 968 955 1002 C
981 966 1014 1003 A
1037 968 1079 1003 P.
1117 965 1239 1001 XXX.

232 1042 261 1084 ἕ.
294 1052 343 1083 72.
388 1040 496 1074 Liber
524 1053 629 1074 essem
657 1046 690 1073 et
717 1039 863 1084 solutus)
909 1040 1016 1072 Amat
1045 1040 1163 1071 Cicero
1192 1037 1296 1070 uerba
1327 1036 1412 1070 liber
1443 1043 1477 1069 et
1505 1038 1638 1070 solutus
1670 1036 1848 1069 coniuncta
1876 1048 2016 1081 ponere.

147 1093 217 1126 Cfr.
241 1095 285 1125 Π.
308 1095 344 1125 111
367 1095 468 1127 Uerr.
491 1095 522 1134 I,
549 1105 604 1133 12,
628 1094 698 1132 55„
720 1094 764 1125 ΙΙ.
787 1094 823 1125 111
850 1095 949 1127 Uerr.
973 1092 1022 1132 Π,
1047 1093 1102 1134 55,
1129 1092 1216 1128 185...
1240 1092 1284 1123 II.
1305 1090 1343 1122 in
1364 1092 1464 1124 Uei-r.
1486 1091 1557 1131 IV,
1583 1101 1640 1128 1ο,
1665 1090 1727 1122 25..

230 1157 523 1196 Familiaritatis,
548 1157 763 1195 uicinitatis,
781 1157 897 1200 patris
918 1155 1106 1197 amicitiae)
1149 1154 1241 1186 Idem
1262 1153 1331 1185 iam
1354 1154 1393 1185 C.
1415 1154 1463 1186 X.
1487 1154 1517 1195 ς.
1541 1154 1592 1186 25.
1618 1152 1721 1193 dixit,
1757 1154 1839 1198 quia
1850 1152 2018 1197 familia-

146 1210 196 1242 ris
221 1216 307 1242 esset
330 1223 441 1249 meus,
476 1211 558 1254 quia
588 1211 742 1249 uic-inm,
777 1210 859 1253 quia
888 1210 992 1242 liuius
1009 1213 1157 1252 parente
1178 1218 1309 1250 semper
1331 1206 1539 1250 plurumum
1559 1219 1665 1239 essem
1685 1219 1780 1240 usus.
1821 1207 1905 1239 Erat
1926 1207 2018 1239 enim

147 1264 265 1295 Cicero
285 1263 433 1305 Arpinas
457 1263 630 1294 finitumus
652 1262 866 1302 Atinatibus,
894 1273 913 1293 e
936 1272 1082 1304 quorum
1105 1258 1316 1303 praefectura
1337 1259 1492 1291 Plancius
1515 1265 1586 1291 erat
1608 1259 1780 1291 oriundus.

230 1326 327 1367 Quae
348 1327 379 1357 si
402 1338 467 1358 non
490 1332 616 1365 essent,
640 1337 777 1357 uererer
800 1326 917 1364 credo,
942 1337 983 1357 ne
1006 1324 1156 1367 turpiter
1169 1322 1346 1366 facerem,
1368 1323 1400 1355 si
1422 1322 1483 1354 lzoo
1504 1322 1683 1366 splendore
1704 1328 1737 1354 et
1759 1323 1823 1356 liae
1844 1324 2018 1367 dignitate

145 1379 314 1410 hominem
336 1377 565 1421 defenderem)
616 1378 761 1410 Uererer
791 1389 834 1409 ex
859 1377 932 1409 Erf.
964 1383 1054 1409 recte
1077 1376 1262 1415 Grauius,
1295 1375 1383 1418 quod
1405 1381 1439 1406 et
1459 1374 1531 1405 sine
1552 1374 1648 1407 libris
1671 1375 1847 1407 edidissem
1868 1388 1933 1420 pro
1956 1388 2018 1409 ue-

145 1443 233 1464 reor.
267 1431 492 1462 EansTu-s.
535 1431 730 1462 Ernestium
760 1430 963 1462 recentiores
989 1429 1132 1460 editores
1155 1440 1271 1459 omnes
1293 1427 1398 1460 secuti
1419 1433 1514 1466 suut,
1547 1433 1581 1458 et
1600 1434 1690 1459 recte
1712 1428 1865 1470 quidem3
1897 1440 2019 1471 quam-

145 1496 246 1526 quam
268 1495 398 1522 uereor,
422 1494 465 1513 ne
488 1494 563 1515 casu
586 1484 690 1525 magis
714 1495 814 1525 quam
836 1483 967 1514 ratione
989 1493 1104 1512 ueram
1129 1480 1332 1523 scripturam
1353 1479 1574 1512 restituerint.
1618 1482 1708 1512 Nam
1729 1487 1903 1520 rectumst,
1929 1481 2018 1523 quod

144 1548 215 1568 non
239 1535 420 1567 credidisse
442 1536 618 1581 Ernestius
640 1536 792 1574 uidetur,
815 1534 978 1577 loquendi
999 1546 1121 1576 genus,
1145 1546 1285 1573 uereor,
1308 1547 1349 1566 ne
1372 1535 1522 1577 turpiter
1535 1531 1711 1576 facerem,
1741 1534 1773 1565 si
1794 1533 2021 1577 defenderem.

145 1589 216 1626 Sic,
244 1595 284 1619 ut
304 1600 411 1619 unum
434 1588 579 1620 adferam
602 1589 732 1628 locum,
763 1588 881 1620 Cicero
905 1587 1054 1630 Philipp.
1076 1588 1109 1627 I,
1134 1598 1169 1626 2,
1191 1588 1222 1619 5.
1257 1600 1361 1631 quae,
1394 1587 1464 1619 nisi
1485 1586 1628 1629 conlega
1649 1584 1815 1628 afuisset,
1848 1587 1948 1619 credo
1970 1587 2020 1618 eis

136 1640 254 1684 fiiz'sse
270 1640 404 1684 futura
426 1643 618 1674 conmunia.
663 1643 795 1674 Uerum
817 1641 857 1671 ab
882 1641 947 1672 1100
968 1641 1042 1672 1000
1066 1651 1186 1673 uereor
1208 1646 1389 1682 propterea
1417 1638 1614 1678 alienmnst,
1654 1638 1758 1680 quod,
1795 1638 1860 1669 hoc
1881 1639 1910 1670 si
1934 1644 2021 1671 esset

144 1693 311 1736 positum,
336 1694 454 1725 Cicero
476 1705 595 1725 reuera
615 1705 650 1725 se
675 1700 796 1736 putare
820 1693 1037 1736 significaret,
1069 1694 1097 1725 si
1115 1693 1194 1724 illae
1216 1692 1477 1724 necessitudines
1499 1702 1569 1722 non
1591 1696 1718 1728 essent,
1748 1696 1847 1732 turpe
1868 1689 1960 1730 fore,
1990 1690 2019 1722 si

143 1752 213 1776 tam
240 1745 452 1788 splendidum
484 1753 517 1779 et
545 1753 702 1778 ornatum
730 1747 844 1778 uirum
874 1745 1078 1777 defenderet.
1123 1746 1233 1788 Atqui
1260 1746 1324 1777 1100
1347 1755 1447 1776 nemo
1477 1754 1547 1774 non
1567 1742 1660 1774 uidet
1683 1753 1793 1784 neque
1814 1753 1833 1773 a
1855 1743 2019 1774 Cicerone

143 1809 253 1840 neque
275 1809 294 1829 a
320 1810 490 1841 quoquam
512 1800 578 1831 alio
602 1800 739 1831 homine
761 1811 842 1831 sano
864 1799 928 1830 dici
949 1799 1110 1842 potuisse.
1155 1799 1245 1829 Nam
1273 1797 1307 1829 id
1332 1797 1484 1840 profecto
1515 1807 1617 1827 nemo
1649 1794 1771 1833 credit,
1809 1800 1908 1838 turpe
1936 1806 2018 1835 esse,

143 1847 318 1883 hominem
340 1852 658 1894 splendidissumum
680 1857 713 1882 et
735 1852 998 1883 ornatissumum
1020 1850 1214 1891 defendere,
1237 1850 1265 1882 si
1287 1862 1357 1882 non
1378 1850 1422 1882 sit
1443 1849 1609 1881 amicitiae
1631 1847 1752 1880 uinclis
1775 1858 1852 1878 cum
1874 1858 1913 1878 eo
1936 1859 2019 1879 con-

143 1904 288 1935 iunctus.
332 1904 450 1946 Itaque
475 1904 659 1936 necessario
691 1904 757 1946 legi
789 1917 927 1936 uererer
955 1905 1069 1944 debet,
1103 1903 1194 1946 quod
1217 1914 1293 1934 cum
1319 1903 1458 1945 quadam
1481 1900 1755 1944 interrogationis
1777 1899 2020 1941 significatione

146 1956 274 1987 dictum
296 1956 390 1997 itast,
414 1964 453 1988 ut
471 1958 617 1996 denotet,
641 1963 679 1989 at
700 1969 767 1989 non
790 1969 920 1990 uereor.
964 1958 1053 1988 Tota
1075 1963 1187 1987 autem
1210 1956 1375 1988 sententia
1398 1967 1474 1987 cum
1497 1955 1615 1994 ironia,
1639 1953 1732 1984 cuius
1755 1951 1919 1984 indicium
1939 1963 2021 1984 uer-

144 2010 225 2041 bum
247 2011 345 2042 eredo
369 2016 434 2050 est,
456 2009 627 2042 enuntiata
650 2015 699 2041 est
720 2010 785 2040 hoc
806 2022 922 2042 sensue
955 2011 1036 2042 Und
1057 2022 1155 2042 wenn
1178 2010 1270 2041 diese
1291 2009 1387 2041 niclit
1411 2011 1546 2047 wiiren,
1569 2007 1687 2040 warde
1710 2006 1766 2037 ich
1787 2006 2020 2038 walzrschein-

145 2063 215 2095 licli
235 2064 384 2095 sclzleclzt
404 2076 449 2094 zu
471 2063 620 2095 lzandeln
633 2062 819 2105 fiirclzten,
847 2075 946 2094 wenn
969 2063 1024 2095 iclz
1046 2063 1144 2095 einen
1167 2073 1202 2093 so
1223 2062 1441 2104 gla'nzenden
1464 2061 1538 2093 und
1558 2059 1788 2094 wiirdevollen
1809 2059 1920 2091 Mann
1940 2070 2018 2091 ver-

145 2115 322 2158 tlzeicligte.
365 2115 420 2147 Sic
449 2116 579 2158 saepius
608 2117 707 2148 credo
741 2126 840 2147 sensu
869 2115 997 2146 ironico
1027 2126 1104 2145 cum
1136 2115 1250 2146 uereri
1290 2114 1507 2145 coniunctum
1536 2113 1716 2156 reperitur.
1760 2111 1879 2143 Cicero
1907 2111 1952 2143 H.
1979 2111 2017 2142 in

144 2169 244 2200 Uerr.
266 2167 300 2205 I,
328 2178 381 2206 11,
405 2167 457 2199 51.
487 2168 587 2200 Haec
608 2169 639 2200 si
661 2180 723 2212 ego
747 2181 814 2201 non
837 2168 1002 2200 uidissem
1022 2185 1067 2191 —
1088 2168 1205 2205 crede,
1233 2167 1265 2198 si
1288 2168 1372 2199 meis
1395 2168 1488 2200 horis
1512 2167 1549 2199 in
1570 2164 1780 2199 acczcssanclo
1802 2164 1856 2196 uti
1884 2163 2017 2196 uoluis-

145 2232 232 2259 sem,
261 2232 418 2259 uererer,
449 2233 492 2253 ne
512 2222 599 2253 mihi
621 2223 768 2254 crimina
793 2233 859 2253 non
881 2225 1110 2264 suppeterent.
1156 2219 1207 2250 Id.
1229 2220 1256 2253 Ι.
1278 2220 1314 2251 111
1336 2220 1431 2252 Rull.
1458 2219 1495 2259 8,
1528 2220 1578 2251 24.
1616 2219 1695 2251 Hoc
1713 2222 1808 2249 motu
1828 2221 1932 2259 atque
1951 2214 2017 2247 lau:

139 2272 401 2315 perturbatione
428 2273 622 2306 animorum
653 2280 756 2318 atque
785 2286 901 2306 rerum
928 2285 1030 2317 quom
1057 2272 1186 2316 populo
1208 2273 1254 2305 R.
1284 2285 1353 2305 uox
1374 2279 1407 2305 et
1429 2273 1620 2305 auctoritas
1642 2269 1792 2303 consulis
1816 2272 1951 2311 repente
1976 2268 2015 2300 in

144 2325 252 2357 tantis
275 2324 420 2357 tenebris
441 2326 627 2358 inluxerit.-
643 2343 687 2350 —
725 2327 914 2359 uerendum
935 2326 1034 2358 credo
1056 2325 1152 2358 nobis
1179 2326 1265 2365 erit,
1301 2338 1343 2358 ne
1365 2331 1484 2358 uestra
1506 2325 1570 2357 illa
1588 2323 1772 2368 praeclara
1793 2321 1847 2352 lex
1868 2320 2016 2364 agraria

144 2376 259 2419 magis
275 2378 460 2419 popularis
486 2391 556 2411 esse
577 2380 752 2412 uideatur.
794 2379 924 2411 Ibidem
953 2379 983 2420 §.
1008 2380 1059 2411 25.
1084 2379 1330 2423 pertimescam
1359 2379 1476 2417 credo,
1504 2390 1546 2410 ne
1572 2376 1659 2409 mihi
1682 2386 1749 2406 non
1770 2372 1873 2405 liceat
1894 2378 2016 2406 contra

145 2441 207 2462 uos
230 2429 266 2460 in
289 2430 443 2462 contione
464 2433 656 2466 consistere.
701 2432 794 2465 Idem
816 2433 843 2464 I.
865 2432 903 2464 in
926 2432 1025 2464 Catil.
1050 2442 1086 2472 2,
1110 2432 1141 2464 5.
1164 2431 1204 2463 Si
1225 2436 1258 2464 te
1279 2431 1368 2471 iam,
1389 2430 1560 2469 Catilina,
1587 2425 1831 2471 conprehendi,
1852 2424 1884 2458 εἰ
1905 2425 2015 2458 inter-
