2185 2720
848 136 872 164 c
892 135 921 163 A
941 137 982 165 P.
1021 133 1182 163 XXXIV.
1202 131 1228 173 ς.
1249 137 1295 166 83.
1315 134 1361 166 se.
1985 141 2039 167 207

170 225 290 249 srANA.
334 214 438 254 Haec,
465 213 548 246 sicut
571 218 605 244 et
626 210 812 254 superiora,
835 210 875 241 ad
898 221 1065 242 summam
1088 209 1260 241 Ciceronis
1283 208 1472 240 facundiam
1496 214 1526 238 61
1548 206 1752 249 singularem
1776 207 1810 238 in
1832 220 2038 251 pei-mouen-

168 269 218 300 dis
239 267 450 299 auditoribus
479 266 671 298 facultatem
696 262 910 302 referuntur,
953 274 1054 305 quam
1075 273 1237 294 maxume
1264 261 1492 300 aduersarius,
1526 272 1569 291 ne
1596 259 1659 290 sibi
1685 260 1719 290 in
1750 271 1863 292 caussa
1891 270 2037 303 noceret,

168 321 352 353 metuebat.
398 320 556 351 caussam
578 329 682 361 porro
704 315 815 348 adfert
835 316 968 347 timoris
990 316 1060 348 suit
1091 326 1161 347 non
1184 315 1274 346 enim
1298 326 1375 357 ego,
1405 313 1533 356 inquit,
1557 313 1673 344 Rhodi
1695 312 1762 353 fui,
1793 319 1829 345 ut
1850 316 2038 358 praeceptis

168 374 348 406 rhetorum
373 371 545 404 institutus
573 381 675 413 quam
696 380 858 401 maxume
883 375 1017 412 paratus
1039 368 1082 400 ad
1103 368 1262 401 subsellia
1282 367 1434 400 iudicum
1456 366 1656 398 accederem.
1699 367 1764 398 Fui
1786 366 1837 398 bis
1860 367 1895 398 111
1917 368 2040 411 Bithy-

168 426 244 465 nia,
267 437 338 457 non
361 423 589 467 eloquentiae,
615 429 666 455 set
686 423 738 454 rei
759 422 900 454 militari
923 434 1062 466 operam
1085 422 1231 454 daturus.
1278 422 1414 460 Cicero,
1446 420 1540 451 Sulla
1562 431 1635 450 rem
1660 419 1832 462 publicam
1855 420 2038 460 obtinente,

167 478 266 510 uenit
294 478 330 509 in
353 476 549 516 Graeciam,
590 482 623 508 et
645 475 792 510 Athenis
821 476 1029 518 aliquamdiu
1058 480 1272 508 conmoratus
1301 473 1381 505 inde
1406 473 1441 505 in
1464 472 1582 505 Asiam
1613 478 1643 504 et
1666 473 1825 504 Rhodum
1854 474 2039 516 nauigauit,

169 538 209 563 ut
229 531 441 562 clarissumos
465 530 636 570 rhetores,
661 529 719 572 qui
742 529 778 561 in
800 529 841 561 iis
861 529 942 561 locis
966 536 1076 570 erant,
1101 528 1313 567 conueniret3
1336 526 1518 570 praecipue
1540 525 1652 557 Rhodi
1675 526 1902 569 Apollonium
1926 528 2040 559 Molo-

168 595 251 616 nem
277 583 610 614 excellentissumum
639 582 773 614 dicendi
799 582 996 625 magistrum
1026 588 1059 614 et
1087 581 1323 614 possidonium
1352 579 1597 624 philosophum
1624 578 1765 610 audiuit.
1810 578 1981 611 Plutarch.
2005 581 2041 612 in

170 637 241 669 Cic.
271 648 299 667 c.
324 636 375 669 4..
418 636 459 667 In
480 635 644 678 Bithynia
672 647 755 668 uero
782 642 947 678 quantum
974 647 1036 679 per
1058 636 1183 667 multos
1205 646 1310 665 annos
1332 633 1460 665 bellum
1482 632 1603 670 fuerit,
1635 642 1713 662 cum
1740 642 1820 673 rege
1842 633 2042 664 Mithridate

169 701 188 721 a
211 689 323 729 Sulla,
346 689 506 728 Murena,
530 689 676 722 Lucullo
700 695 848 732 gestum,
879 700 898 719 a
919 688 1082 731 Pompeio
1105 688 1312 727 consectum,
1338 698 1454 718 omnes
1476 685 1637 717 historiae
1658 691 1843 724 testantur3
1877 685 1930 716 cui
1952 685 2041 716 bello

169 743 390 774 Laterensem
412 742 559 774 adfuisse
580 743 798 787 probabilest.
844 743 895 775 Et
918 748 956 774 ta
980 743 1016 774 in
1030 742 1203 784 Bithynia
1225 752 1358 772 summa
1379 752 1457 772 cnm
1478 739 1653 782 dignitate
1663 738 1778 782 fuisti
1796 744 1829 771 et
1851 750 1913 782 ego
1925 740 2043 771 Rhodi

169 808 239 828 non
271 796 414 829 minore.
457 796 634 830 Nimirum
662 809 732 829 non
764 797 801 829 in
831 795 1023 838 eloquentia
1050 795 1181 833 minor,
1220 805 1319 836 quam
1342 793 1379 824 iu
1401 793 1538 824 scientia
1559 792 1611 824 rei
1632 792 1787 824 militaris
1811 798 1860 823 est
1882 792 2043 834 dignitasg

171 848 327 891 duaeque
355 860 409 880 res
431 849 510 881 illae
532 855 626 889 sunt,
664 849 784 891 quibus
809 849 938 893 pariter
961 855 994 880 et
1015 859 1068 879 res
1091 847 1225 890 publica
1248 847 1370 878 nititur
1399 851 1432 877 et
1454 845 1546 888 uiget
1567 845 1750 888 inperium.
1797 845 1973 885 Oratorie,
2006 851 2046 877 ut

171 902 364 934 Laterensis
386 902 585 945 petitionem
608 902 770 942 declinet,
807 901 1014 940 dissimulat,
1053 900 1143 943 quod
1166 900 1205 931 ad
1228 911 1321 931 suam
1344 899 1380 930 in
1402 899 1524 931 caussis
1547 897 1680 942 agendis
1702 898 1940 941 praestantiam
1964 910 2046 941 per-

173 955 318 995 tinebat,
342 955 512 997 dignitatis
532 961 658 995 artem,
683 966 783 998 quam
804 953 1044 998 profitebatur,
1068 960 1194 985 tuetur.
1217 954 1445 985 FERRATIUS.
1489 952 1551 983 Est
1572 952 1665 983 iocus
1688 951 1723 982 in
1747 951 1962 991 Ciceronem,
1987 951 2045 993 qui

171 1007 290 1039 Rhodi
312 1013 395 1050 aput
416 1007 593 1039 Molonem
615 1020 650 1040 se
673 1013 892 1047 exercuerat,
935 1006 1026 1038 unde
1050 1007 1144 1038 illam
1166 1006 1297 1049 copiam
1320 1006 1355 1036 in
1378 1005 1460 1036 locis
1484 1004 1708 1036 conmunibus
1733 1010 1765 1036 et
1786 1004 2045 1036 redundantiam

173 1060 341 1100 hauserit,
365 1066 507 1103 propter
528 1072 630 1103 quam
649 1063 820 1096 Asiaticus
842 1061 948 1092 dictus
971 1067 1021 1091 est
1043 1060 1083 1091 ab
1106 1059 1261 1091 inimicis.
1293 1059 1519 1090 ERNESTIUS.

258 1114 340 1157 Ego
365 1127 432 1146 non
444 1113 521 1158 fui)
566 1115 643 1157 Qua
669 1114 868 1146 auctoritate
890 1126 952 1158 ego
973 1112 1178 1150 addiderim,
1208 1111 1340 1153 Proleg.
1364 1111 1405 1142 L.
1431 1111 1457 1141 I.
1483 1110 1521 1142 C.
1544 1110 1605 1141 ΙΠ.
1631 1111 1660 1152 §.
1685 1121 1714 1142 2.
1738 1111 1919 1142 monitum.

260 1168 320 1199 Set
332 1166 418 1211 fai,
452 1168 586 1212 inquit,
619 1168 783 1208 ZVicaeiQ
809 1167 981 1212 putabam
1003 1168 1040 1199 in
1070 1166 1215 1198 Uacaeis
1239 1165 1430 1205 dicturum,
1465 1164 1575 1196 bisin
1597 1163 1782 1207 Bithynia)
1827 1164 1882 1195 Sic
1915 1163 2046 1205 aliquot

173 1220 258 1252 Pall.
282 1232 301 1252 a
323 1232 426 1252 11131111
449 1221 611 1260 secunda3
653 1233 672 1252 a
692 1221 802 1264 prima
823 1233 905 1253 uero
928 1231 1044 1252 omnes
1074 1218 1341 1250 destituebantur
1370 1217 1429 1249 illo
1453 1217 1622 1255 Nicaeis,
1661 1217 1749 1258 quod
1772 1228 1882 1259 neque
1903 1218 1939 1248 in
1963 1217 2046 1249 olim

175 1273 280 1306 cusis:
303 1280 420 1317 postea
442 1275 533 1306 enim
556 1274 645 1313 editi,
670 1281 720 1307 set
733 1273 816 1319 fni,
839 1275 966 1318 inquit,
983 1272 1153 1318 putabam
1174 1273 1210 1304 in
1232 1271 1379 1304 Nicaeis
1402 1271 1590 1309 dicturum,
1613 1269 1664 1301 bis
1687 1270 1723 1301 in
1738 1271 1923 1313 Bithynia.
1942 1272 2047 1303 GRU-

174 1336 307 1358 TERUS·
352 1328 446 1359 Haec
479 1339 614 1371 quoque
642 1334 721 1359 sunt
747 1327 1093 1366 contaminatissuma,
1135 1325 1255 1367 quibus
1284 1324 1465 1367 purgandis
1496 1323 1654 1355 meliores
1677 1322 1805 1354 codices
1835 1330 1914 1355 sunt
1939 1335 2048 1367 expe-

174 1379 296 1411 ctandi.
341 1380 490 1413 Uidetur
514 1381 633 1412 Cicero
656 1381 845 1424 scripsisse,
866 1385 906 1411 ut
927 1380 1006 1411 licet
1029 1391 1073 1411 ex
1096 1378 1245 1421 uestigiis
1266 1378 1350 1408 Pall.
1374 1376 1559 1419 conligere:
1584 1377 1644 1408 Set
1656 1374 1722 1419 fui
1747 1376 1922 1409 Nicaeae.-
1936 1383 2048 1421 puta-

174 1433 253 1465 bam
277 1434 314 1465 in
344 1433 509 1466 Uaccaeis
532 1434 728 1466 dicturum.-
750 1433 801 1465 bis
822 1434 859 1465 in
879 1434 1064 1476 Bithynia.
1086 1434 1292 1465 GRAEUIUS.
1336 1432 1443 1469 Iocus,
1467 1430 1600 1473 opinor,
1624 1441 1661 1460 ac
1685 1428 1807 1461 derisio
1830 1430 1953 1461 subest.
1997 1430 2046 1462 Ut

174 1485 267 1517 enim
290 1486 469 1518 Cordubae
493 1486 564 1517 nati
586 1493 716 1530 poetae,
740 1487 786 1518 ita
807 1485 896 1518 forte
912 1486 1054 1519 Uaccaei
1077 1492 1226 1517 oratores
1248 1484 1337 1515 male
1359 1483 1551 1515 audiebant.
1592 1483 1679 1515 Uide
1702 1494 1767 1526 pro
1783 1483 1914 1515 Archia
1936 1494 1963 1514 c.
1979 1494 2047 1514 10..

173 1538 296 1570 Fuisse
318 1540 486 1572 Uaccaeos
508 1539 588 1571 dicit
610 1539 809 1571 Harduinus
831 1540 872 1571 ad
894 1539 982 1571 Plin.
1006 1540 1065 1579 III,
1089 1539 1119 1571 3.
1143 1539 1178 1570 in
1201 1549 1239 1569 eo
1262 1544 1387 1577 tractu,
1415 1537 1472 1579 qui
1492 1536 1728 1568 Salmanticam
1751 1536 1840 1567 inter
1863 1542 1896 1567 et
1918 1536 2048 1567 Tamo-

175 1603 250 1624 ram
273 1592 460 1623 interiacet.
484 1593 691 1625 OLIUETUS.
736 1592 818 1624 Edd.
830 1604 884 1635 pr.
900 1603 970 1623 non
993 1592 1117 1624 habent
1131 1591 1277 1624 Nicaeis
1306 1591 1408 1632 [quod
1427 1591 1596 1622 Gruterus
1618 1596 1696 1621 ante
1713 1590 1884 1634 putabam
1905 1588 2047 1632 posuit],

175 1645 308 1688 primus
331 1645 523 1685 Uictorius3
563 1645 744 1688 omisitque
768 1645 947 1677 Graeuius.
993 1646 1051 1678 Set
1072 1646 1107 1677 id
1129 1655 1253 1677 nomen
1283 1644 1397 1675 abesse
1420 1655 1489 1675 non
1510 1648 1639 1686 potest,
1672 1643 1751 1685 quia
1772 1643 1809 1674 in
1831 1641 2049 1684 sequentibus

176 1698 304 1731 Nicaea
325 1705 552 1738 memoratur,
585 1705 618 1730 et
641 1699 701 1731 illa
722 1699 867 1731 detorsio
889 1698 988 1730 uerbi
1010 1699 1046 1731 111
1071 1699 1235 1731 Uaccaeis
1257 1697 1290 1728 id
1314 1696 1492 1728 desiderat.
1538 1695 1617 1727 Sine
1639 1696 1741 1727 dubio
1764 1701 1877 1727 autem
1899 1694 2051 1726 scriben-

178 1751 260 1783 dum
288 1752 465 1792 Nicaeae,
498 1758 537 1783 ut
568 1758 602 1783 et
625 1752 775 1784 Graeuio
806 1753 996 1785 uidebatur.
1040 1751 1251 1784 Terminatio
1276 1756 1405 1782 mutata
1436 1755 1485 1781 est
1513 1760 1530 1779 e
1557 1749 1664 1780 uerbo
1695 1749 1870 1781 Uaccaeis,
1914 1747 1953 1778 In
1983 1745 2050 1777 fine

177 1812 290 1837 autem
311 1811 395 1848 puto
418 1805 595 1837 delendum
619 1807 655 1838 in
676 1806 867 1849 Bithynia,
903 1806 991 1849 quod
1014 1804 1191 1838 manifesto
1215 1809 1263 1835 est
1295 1815 1314 1834 a
1333 1804 1524 1846 glossatore.
1567 1803 1611 1834 In
1641 1802 1806 1835 Uaccaeis
1827 1812 1890 1845 per
1912 1799 2052 1831 inrisio-

178 1868 258 1889 nem
281 1857 329 1889 sic
351 1857 457 1898 dixit,
486 1864 526 1890 ut
547 1859 745 1890 Trebatium
768 1860 804 1891 in
825 1860 990 1903 Epistulis
1013 1865 1111 1891 uocat
1134 1858 1254 1890 Ictum
1275 1857 1612 1899 praestantissumum
1635 1855 1884 1887 Samarobriuis
1905 1853 1947 1884 ad
1970 1852 2052 1884 Diu.

180 1911 261 1951 VII,
287 1922 328 1950 2.,
351 1917 390 1942 ut
410 1917 502 1943 recte
523 1911 612 1943 uidit
634 1912 734 1943 etiam
750 1912 917 1945 Oliuetus.
942 1909 1168 1945 ERNESTIUS.
1211 1911 1343 1942 Locum
1366 1910 1518 1953 corrupit
1537 1910 1705 1941 Gruterus
1728 1907 1878 1940 addendo
1894 1906 2053 1944 Nicaeis,

182 1975 250 2007 quo
272 1964 347 1996 loco
369 1965 403 1996 id
424 1965 523 2009 pauci
544 1965 669 1997 habent
691 1966 758 1997 Msi
782 1977 825 1998 ex
847 1966 1024 1999 manifesta
1045 1965 1274 2008 inperitorum
1295 1963 1446 2001 audacia,
1472 1974 1548 1994 cum
1569 1969 1658 1994 recte
1679 1962 1771 1994 idem
1794 1960 1971 1998 abiecerit,
1996 1958 2055 1990 ubi

180 2029 245 2061 pro
285 2018 449 2051 Uaccaeis
478 2019 567 2050 male
597 2025 669 2050 erat
697 2019 847 2062 positum
877 2020 913 2052 in
943 2019 1013 2051 edd.
1044 2021 1174 2061 Naug.,
1206 2017 1244 2048 P.
1267 2017 1380 2057 Mam,
1416 2016 1570 2059 Gryph.,
1605 2016 1643 2047 C.
1668 2015 1804 2058 steph„
1839 2019 1872 2045 et
1893 2013 1929 2044 in
1946 2017 2054 2055 repet.

180 2071 321 2103 Lamb..
364 2071 408 2102 Ei
430 2072 601 2115 Uerburg.
625 2079 659 2104 et
679 2073 769 2105 Lall.
793 2074 968 2105 obsecutos
989 2072 1109 2105 miror.
1151 2070 1214 2102 Illa
1236 2082 1320 2102 uero
1342 2076 1412 2102 tam
1434 2069 1570 2101 infirmo
1589 2068 1811 2100 fundamento
1832 2066 1916 2099 nixa
1938 2076 2056 2096 emen-

181 2124 273 2156 datio
297 2123 453 2157 Nicaeae
478 2125 560 2168 quin
585 2132 738 2166 corruat,
776 2127 891 2158 abesse
918 2137 988 2158 non
1012 2131 1135 2170 potest.
1180 2124 1313 2155 Primus
1338 2123 1429 2155 illius
1461 2129 1579 2155 auctor
1599 2122 1720 2155 Lamb.
1751 2121 1862 2153 dedit:
1899 2120 1958 2152 Set
1978 2117 2056 2162 fui,

182 2177 319 2221 inquit,
355 2175 541 2220 (putabam
563 2180 600 2211 in
630 2179 796 2213 Uaccaeis
821 2180 1014 2221 dicturum)
1037 2179 1088 2211 bis
1111 2179 1267 2212 Nicaeae
1289 2178 1325 2209 in
1347 2177 1531 2221 Bithynia.
1576 2175 1766 2208 Graeuium
1788 2179 1921 2207 secutus
1944 2173 2057 2204 Erne-

181 2236 269 2270 stus,
293 2230 352 2262 Set
364 2228 449 2273 fui,
473 2232 605 2275 inquit,
628 2233 785 2266 Nicaeae
807 2232 854 2277 (p.
877 2233 913 2265 in
945 2232 989 2266 U.
1012 2233 1059 2274 d.)
1086 2232 1156 2271 bis-3
1186 2237 1261 2262 tum
1282 2230 1420 2262 inclusit
1442 2230 1536 2262 uncis
1559 2231 1596 2262 in
1617 2229 1806 2273 Bithynia,
1837 2233 1870 2259 et
1892 2226 2058 2269 glossema

183 2283 421 2315 certissumum
441 2285 584 2327 putauit.
630 2286 688 2317 Set
716 2298 827 2329 neque
851 2286 970 2318 Cicero
1001 2286 1189 2318 solitarium
1223 2295 1262 2315 eo
1285 2284 1359 2315 loco
1381 2284 1432 2316 bis
1453 2283 1620 2327 posuisset
1629 2295 1639 2323 5
1675 2292 1803 2323 neque,
1832 2280 1891 2312 ubi
1912 2277 2059 2310 abundat

184 2335 405 2375 alterutrum,
430 2337 510 2368 illut
532 2338 646 2380 potius
670 2339 844 2380 eiecerim,
870 2339 961 2382 quod
982 2339 1019 2371 in
1041 2339 1126 2372 Msis
1150 2345 1198 2370 est
1221 2337 1387 2376 omnibus,
1416 2348 1517 2379 quam
1539 2335 1630 2379 quod
1652 2335 1836 2367 lenissumo
1863 2339 1914 2365 est
1933 2331 2057 2364 indicio

186 2389 358 2431 cognitum
387 2396 489 2432 atque
518 2390 765 2424 incertissumo.
810 2392 975 2426 Abundat
1001 2399 1112 2425 autem
1135 2391 1286 2436 profecto
1310 2391 1485 2424 Nicaeae.-
1522 2389 1595 2432 quis
1621 2387 1712 2419 enim
1735 2386 1898 2430 Bithynia
1919 2394 2059 2416 conme-

185 2447 317 2474 morata
337 2443 498 2475 Nicaeam
521 2444 635 2477 statim
659 2457 736 2478 cum
767 2446 893 2478 Rhodo
924 2446 1102 2489 conparari
1131 2445 1299 2478 miretur?
1346 2445 1458 2487 Quam
1481 2443 1625 2485 denique
1653 2440 1743 2472 bella
1764 2439 1808 2472 sit
1830 2436 2058 2470 adnominatio
