2185 2720
972 135 997 164 C
1016 136 1045 164 A
1065 136 1099 165 P.
1138 136 1180 166 V.
1203 135 1231 176 §.
1251 140 1298 168 13.
2043 148 2080 174 ’.τ

273 209 388 241 Tanta
412 210 447 241 in
471 209 684 253 tempestate)
728 209 834 242 Anno
857 215 927 240 tam
949 209 1158 242 turbulento.
1202 210 1421 242 INIANUTIFS.

273 271 323 302 Te
343 272 541 315 gubernare
563 285 629 304 non
648 272 765 315 posse)
813 272 946 304 Orellio
970 272 1006 304 in
1028 273 1208 305 Addendis
1232 273 1274 304 ad
1297 273 1346 304 M.
1371 273 1468 304 Tulli
1492 273 1665 307 Ciceronis
1690 275 1782 318 Opp.
1805 277 1886 309 Uol.
1908 277 1950 308 ll.
1972 278 2009 309 P.
2034 280 2077 311 II.

180 335 214 366 11.
241 324 314 355 658.
344 325 541 368 gubernare
569 324 616 355 sic
645 324 736 355 nude
766 325 917 367 positum
949 325 1104 368 displicet
1135 325 1283 367 ideoque
1316 324 1513 368 gubernare
1536 328 1582 359 R.
1605 329 1650 360 P.
1681 329 1897 360 scribendum
1928 330 2077 362 uidetur.

161 376 354 418 .Loquitur
378 377 425 408 sic
449 377 567 408 Cicero
598 376 640 407 ad
664 377 745 408 Diu.
771 377 806 416 I,
828 388 858 418 9.
890 378 926 409 in
950 389 987 409 re
1004 377 1146 421 publica
1172 377 1413 420 gubernanda.
1448 378 1490 410 de
1513 380 1565 411 Re
1589 391 1623 422 p.
1647 380 1680 418 I,
1705 392 1756 423 29.
1788 382 1823 413 in
1847 382 2078 425 gubernanda

180 441 217 461 rc
234 429 390 472 publica.
412 429 494 460 ibid.
519 440 545 460 0.
569 428 621 460 54.
647 430 780 461 uirtute
803 442 884 461 uero
906 430 1122 473 gubernante
1145 442 1215 461 renz
1237 430 1425 472 publicam.
1447 431 1530 462 ibid.
1548 432 1609 471 ΙΙΙ,
1633 431 1683 463 35.
1708 445 1794 476 quae
1814 435 1985 476 gubernet
2007 448 2079 468 rem

178 481 366 524 publii-am.
389 487 422 511 et
444 480 525 511 alibi
549 491 659 523 saepe.
705 483 827 523 Neque
850 493 921 512 11011
949 481 1047 513 facile
1071 494 1102 514 r.
1123 495 1158 525 p.
1181 482 1316 513 litterae
1346 483 1504 514 excidere
1524 490 1695 526 poterant.
1741 486 1873 517 Uerum
1902 499 1979 519 cum
2006 501 2079 532 gu-

181 533 325 565 bernare
347 532 446 563 etiam
471 532 624 563 absolute
647 533 693 564 sic
716 541 919 576 usurpetur,
943 541 982 566 ut
1004 535 1139 567 clauom
1163 540 1276 566 tenere
1299 535 1481 577 significet,
1506 536 1615 567 ueluti
1637 543 1720 579 aput
1742 537 1854 579 ipsum
1879 541 2078 573 Ciceronem

182 585 224 616 de
249 585 346 617 Offic.
370 586 401 623 Ι,
427 586 484 623 25,
509 585 560 626 85·-
590 587 753 618 similiter·
766 586 892 630 facere
917 600 991 626 eos,
1026 588 1087 630 qui
1109 588 1201 619 inter
1226 599 1261 618 se
1285 590 1545 627 contenderent,
1575 595 1653 620 uter
1674 590 1792 632 potius
1816 602 1885 622 rem
1902 606 1941 636 J)-
1964 595 2078 626 admi-

180 639 365 677 nistraret,
392 644 431 670 ut
455 638 485 668 si
508 644 637 670 nautae
661 645 851 678 certarent,
877 641 954 683 quis
978 651 1095 671 eorum
1112 639 1348 683 potissumum
1369 641 1593 684 gubernaret.
1627 651 1772 683 cunique
1794 654 1864 673 non
1888 644 2002 676 addito
2026 648 2076 678 rei

178 701 213 732 p.
238 689 376 721 nomiue
403 690 444 721 de
467 702 527 729 οο,
553 690 611 731 qui
633 689 848 722 administrat
869 702 943 722 rem
964 691 1153 733 publicam,
1178 692 1330 733 positum
1353 694 1397 725 sit
1418 693 1455 724 in
1478 692 1628 735 Philipp.
1651 694 1700 733 11,
1728 694 1779 733 56,
1805 706 1856 736 92.
1880 696 2075 731 Constituto

180 753 234 773 res
263 742 403 785 publica
431 743 616 774 uidebatur
638 744 738 782 aliis,
777 745 866 776 mihi
887 756 970 775 uero
993 744 1090 775 nullo
1113 744 1232 783 modo,
1267 746 1329 789 qui
1351 746 1467 778 onznia
1491 750 1523 777 te
1547 744 1764 787 gubernante
1787 747 1983 792 naufragia
2005 763 2076 783 me-

180 795 335 827 tuebam.-
359 796 394 826 111
417 796 551 837 uolgata
575 793 744 838 scriptura*
766 795 1048 838 acquiescendum
1071 795 1203 838 putaui.

266 859 346 901 ‚Ego
372 857 519 902 quoqne)
550 858 637 888 Cum
660 869 724 900 pro
749 871 883 903 quoque
905 859 1005 898 Bam,
1031 859 1124 891 cuius
1149 866 1344 891 maxumast
1366 859 1559 900 auctoritas,
1585 867 1701 893 autem
1724 861 1856 901 habeat,
1882 862 1968 894 nihil
1992 876 2075 906 pro-

179 910 342 949 babilius,
373 923 492 952 quam,
524 909 615 952 quod
639 910 791 942 Orellius
815 910 976 950 coniecit,
1008 912 1089 944 item
1113 924 1132 943 a
1157 913 1322 944 Cicerone
1344 911 1448 944 fuisse
1473 913 1650 956 scriptum.
1698 914 1788 946 Uide
1813 926 1897 957 quae
1919 915 1955 947 in
1977 918 2074 949 Iahni

178 963 272 995 Anu.
298 963 440 1006 Paedag.
466 974 543 994 aun.
572 962 662 994 1328.
685 973 720 1004 p.
745 963 817 994 280.
842 962 883 994 de
905 963 970 994 hoc
992 963 1067 995 loco
1091 963 1221 996 monui.

262 1028 358 1059 Eum
381 1023 644 1070 magistratum)
681 1024 911 1058 Tribunatum
932 1027 1054 1070 plebis.

262 1079 363 1111 Ludi
379 1079 518 1123 parati)
564 1077 619 1109 Sic
642 1088 685 1108 ex
713 1078 950 1110 emendatione
973 1078 1112 1111 Ernesti
1136 1085 1170 1111 et
1194 1078 1361 1112 Garatoni
1383 1080 1503 1123 scripsi
1524 1091 1588 1122 pro
1613 1081 1745 1112 iudices
1763 1084 1900 1124 parati,
1924 1084 2015 1125 quod
2037 1085 2072 1116 in

178 1130 276 1172 codd.
299 1137 359 1163 est.
404 1131 542 1162 Monuit
565 1130 790 1162 Garatonius:
831 1132 966 1173 „Quod
989 1143 1053 1175 pro
1084 1131 1144 1162 illa
1166 1132 1232 1163 hoc
1254 1132 1294 1163 ab
1318 1132 1393 1164 loco
1417 1132 1632 1163 alienissurna
1654 1144 1737 1164 uoce
1763 1135 1894 1166 iudices
1916 1138 2074 1178 reposui-

147 1221 151 1222 7
177 1195 253 1215 mus
275 1183 364 1222 ludi,
386 1184 498 1227 prima
520 1183 634 1214 fronte
656 1182 831 1213 uidebitur
853 1183 1011 1226 antiquae
1034 1184 1224 1226 scripturae
1244 1185 1395 1227 uestigiis
1418 1197 1488 1216 non
1511 1185 1707 1224 inhaerere3
1731 1198 1853 1218 uerum
1875 1188 1903 1219 si
1919 1190 2073 1221 animad—

176 1242 289 1268 uertas
312 1236 500 1275 adtentius,
537 1235 623 1267 nihil
656 1235 735 1266 inde
765 1235 840 1266 erui
864 1236 1074 1278 probabilius
1100 1236 1290 1279 intelleges.
1338 1238 1431 1279 Quid
1455 1238 1546 1269 enim
1576 1238 1690 1281 potuit
1710 1238 1842 1271 facilius
1866 1242 2072 1283 contingere,

180 1300 283 1331 quam
305 1295 344 1320 ut
367 1301 410 1320 ex
436 1290 513 1321 ludi
536 1288 631 1320 fieret
657 1287 758 1320 iudi?
801 1287 913 1329 Atqui
943 1294 1014 1319 tota
1036 1300 1090 1320 res
1112 1289 1236 1320 nititur
1258 1291 1322 1322 hac
1343 1289 1630 1333 frequentissuma
1659 1292 1911 1324 conmutatione
1941 1295 2073 1326 littera-

176 1353 256 1373 rum
278 1342 303 1373 I
322 1347 356 1373 et
376 1342 431 1380 L,
460 1341 500 1371 de
524 1352 589 1383 qua
612 1339 762 1371 diximus
786 1339 829 1370 ad
851 1351 879 1371 c.
904 1351 955 1383 27.
982 1352 1043 1383 pro
1068 1341 1185 1382 Caec.,
1220 1341 1263 1372 ad
1286 1354 1314 1372 0.
1338 1353 1389 1374 20.
1414 1354 1478 1385 pro
1504 1343 1640 1374 Cluent.
1664 1349 1744 1375 etc..
1792 1345 1879 1376 Cum
1902 1346 1994 1377 enim
2018 1359 2073 1378 se-

176 1395 246 1427 mel
265 1394 363 1438 prior
385 1394 444 1425 illa
466 1394 581 1425 littera
602 1393 649 1424 ita
674 1392 793 1424 fuisset
816 1392 1009 1435 deprauata,
1032 1393 1100 1425 iam
1121 1405 1242 1425 uocem
1265 1400 1372 1426 totam
1395 1396 1527 1428 iudices
1551 1396 1703 1427 extitisse
1726 1397 1889 1438 oportuit,
1913 1398 1985 1429 siue
2007 1411 2072 1441 110-

177 1453 323 1479 stremae
345 1446 495 1489 syllabae
517 1445 723 1484 adiectione,
751 1445 824 1476 siue
844 1456 909 1489 per
933 1446 1163 1489 conpendium
1186 1447 1275 1487 iud„
1309 1447 1399 1489 quod
1423 1449 1460 1479 in
1483 1448 1653 1479 codicibus
1679 1454 1729 1479 est
1750 1448 1928 1488 usitatum,
1963 1457 1996 1481 et
2017 1463 2072 1482 se-

177 1499 329 1530 cundum
350 1499 492 1530 fortasse
514 1498 595 1530 fecit
621 1497 872 1540 deprauationis
892 1498 1047 1539 gradum.
1092 1500 1217 1531 Sensus
1239 1506 1376 1542 apertus
1400 1506 1465 1532 est:
1500 1501 1667 1543 populum
1690 1500 1886 1532 Romanum
1908 1502 2012 1534 ludosv
2029 1505 2069 1535 ab

176 1551 343 1584 aedilibus
368 1551 498 1582 debitos
520 1563 590 1582 non
613 1551 790 1590 amittere,
832 1561 1064 1593 quoscumque
1093 1551 1194 1583 saciat
1217 1552 1354 1593 aedilisg,
1392 1559 1487 1584 erant
1510 1560 1624 1584 autem
1647 1553 1720 1584 ludi
1744 1553 1866 1596 cupide
1890 1555 2029 1596 quidem
2051 1569 2071 1589 a

174 1605 307 1648 populo
332 1603 493 1646 expetiti,
517 1609 568 1635 set
590 1604 668 1635 stati
690 1610 791 1646 atque
813 1602 1012 1643 sollemneS,
1038 1609 1077 1635 ut
1099 1604 1140 1636 iis
1163 1605 1331 1648 populum
1354 1604 1513 1636 fraudare
1536 1617 1604 1636 non
1628 1612 1766 1648 possent
1788 1606 1923 1645 aediles,
1951 1619 1970 1639 a
1994 1609 2071 1651 qui—

178 1659 241 1689 bus
272 1657 361 1688 nihil
387 1662 564 1698 praeterea
594 1656 655 1687 ille
682 1654 899 1698 expectabat3
934 1655 1028 1697 iique
1057 1657 1130 1689 ludi
1150 1658 1275 1702 parati
1300 1663 1440 1700 optume
1463 1658 1642 1697 dicuntur,
1682 1664 1721 1689 ut
1743 1659 1806 1690 IV.
1828 1659 1865 1690 in
1894 1661 1992 1692 Catil.
2019 1674 2068 1694 10.

177 1723 269 1744 mors
293 1708 448 1742 omnibus
473 1714 524 1740 est
542 1714 686 1753 parata.
728 1707 830 1740 Adde
853 1708 897 1738 ΙΙ.
925 1707 967 1738 ad
988 1708 1069 1741 Diu.
1092 1710 1123 1741 4.
1153 1717 1186 1742 et
1207 1712 1418 1742 Hotomann.
1443 1710 1485 1742 ad
1514 1722 1541 1741 c.
1568 1721 1618 1741 22.
1650 1722 1712 1753 pro
1737 1711 1830 1742 Mil..
1876 1712 1989 1744 Simili
2013 1726 2070 1746 er-

176 1775 257 1795 rore
278 1763 305 1794 Ι.
328 1762 408 1795 Act.
433 1761 470 1792 in
491 1763 594 1794 Uerr.
621 1761 670 1793 18.
693 1760 839 1803 inrepsit
860 1772 932 1792 uox
955 1761 1168 1796 iudiciorum
1189 1775 1253 1808 pro
1277 1775 1315 1795 ea
1329 1787 1338 1804 ,
1373 1775 1473 1806 quam
1501 1763 1573 1795 sine
1603 1763 1672 1794 ulla
1697 1762 1908 1795 dubitatione
1931 1766 2067 1800 Tullius

175 1821 352 1859 posuerat,
375 1815 581 1846 ludorzmz.“

261 1877 364 1918 Quod
385 1889 462 1909 mea
484 1878 599 1910 minus
622 1877 777 1918 interest)
819 1876 936 1909 Minus
965 1877 1057 1909 enim
1085 1878 1247 1922 prodesse
1272 1880 1360 1912 mihi
1389 1885 1486 1924 potes
1509 1878 1545 1909 in
1570 1877 1742 1910 aedilitate
1770 1890 1871 1921 quam
1896 1880 1933 1912 in
1956 1882 2067 1914 tribu-

175 1937 269 1963 natu.
315 1930 531 1961 MANUTIUS.

262 1993 423 2026 Reddam
445 1991 509 2023 tibi
529 2008 573 2016 —
588 1992 700 2035 paulo
723 1993 930 2036 diligentius
953 1993 1166 2037 supplicare)
1210 1994 1367 2026 Reddam
1393 1993 1532 2036 quidem
1560 1994 1639 2034 tibi,
1677 1995 1724 2035 si,
1762 1995 1853 2037 quod
1877 1997 2063 2038 ostendisti,

176 2046 387 2079 tribunatum
408 2043 457 2085 111.
479 2049 596 2085 petere
618 2055 784 2085 recussas‚
807 2044 1014 2076 aedilitatem
1035 2046 1153 2087 istam,
1183 2054 1233 2079 set
1255 2047 1491 2090 amplissumos
1514 2047 1677 2087 honores,
1707 2054 1904 2090 praeturam
1927 2056 1960 2081 et
1982 2062 2065 2081 con-

177 2099 344 2137 sulatum,
382 2107 530 2137 quorum
552 2096 869 2138 consequendorum
892 2108 1005 2129 caussa
1025 2099 1234 2131 aedilitatem
1262 2099 1368 2142 petis,
1404 2099 1470 2130 nisi
1493 2099 1762 2142 diligentissume
1783 2101 1870 2132 mihi
1892 2102 2064 2144 supplica-

176 2151 284 2190 ueris,
314 2159 385 2180 non
405 2146 611 2189 adipisceris.
651 2152 812 2181 Notumst
831 2155 962 2190 autem,
987 2151 1079 2192 quod
1103 2153 1223 2184 Cicero
1247 2152 1288 2183 de
1310 2152 1415 2194 Legg.
1439 2152 1499 2191 III,
1524 2153 1553 2191 5,
1579 2164 1608 2194 7.
1633 2153 1732 2185 dicit:
1766 2155 1942 2198 Suntoque
1966 2156 2064 2187 aecli-

177 2204 240 2242 les,
263 2206 454 2234 coer-atores
476 2200 584 2240 urbis,
606 2213 775 2241 annonae,
798 2203 1027 2246 ludorumque
1049 2205 1286 2245 sollemnium3
1313 2205 1459 2247 ollisque
1484 2205 1531 2236 ad
1545 2206 1684 2237 lionoris
1707 2207 1888 2249 amplioris
1907 2209 2062 2249 gradum

177 2256 210 2287 is
229 2255 369 2299 Primus
391 2264 552 2284 ascensus
575 2259 656 2287 esto.
701 2255 863 2286 Ceterum
884 2255 1014 2297 patebit
1032 2256 1116 2297 iam,
1153 2258 1339 2307 absurdum
1363 2268 1434 2288 esse
1456 2256 1725 2289 additamentum
1747 2258 1948 2290 aduerbium
1970 2267 2062 2299 ante,

177 2305 269 2348 quod
301 2305 338 2336 in
367 2304 537 2347 plurumis
569 2304 747 2337 deterioris
774 2312 873 2337 notae
903 2307 1073 2340 codicibus
1104 2316 1184 2352 post
1207 2311 1317 2354 paulo
1347 2309 1514 2340 insertum
1543 2309 1726 2351 reperitur.
1771 2310 1920 2342 Uidetur
1948 2318 2062 2345 tamen

178 2357 238 2399 qui
258 2357 390 2400 primus
413 2356 545 2388 addidit
576 2356 624 2388 ita
647 2368 749 2400 super
765 2359 876 2401 paulo
900 2360 1069 2401 posuisse,
1102 2368 1142 2394 ut
1166 2368 1244 2394 ante
1265 2362 1302 2394 id
1324 2360 1526 2393 aduerbium
1554 2361 1659 2392 inseri
1686 2362 1802 2394 uellet.
1847 2363 1937 2396 Uide
1960 2365 2060 2396 etiam

177 2409 311 2451 Proleg.
333 2409 412 2441 Lib.
434 2409 478 2440 ΙΙ.
504 2410 542 2441 C.
565 2410 592 2440 I.
617 2410 647 2451 §.
674 2420 719 2442 1..
