2185 2720
828 147 887 176 CA
900 147 933 176 Ρ.
972 144 1119 175 XXXV.
1146 142 1173 184 §.
1201 150 1247 178 se.
1275 149 1322 177 87.
1957 150 2009 176 217

225 227 405 259 Secum'et
428 226 507 258 illos
530 230 563 257 et
589 221 757 264 consules)
801 221 967 254 Mendosa
989 226 1060 252 erat
1083 220 1182 251 lectio
1209 220 1379 251 editorum
1401 225 1478 250 ante
1501 219 1538 250 P.
1560 220 1774 260 Manutium,
1811 234 1910 265 quam
1934 234 2011 255 cnm

141 278 234 311 codd.
259 278 361 310 Grut.
387 283 525 310 seruant
544 276 645 308 Barb.
668 281 702 306 et
723 286 837 313 meus,
871 286 985 306 secam
1007 279 1040 305 et
1063 273 1142 305 illos
1168 273 1332 305 consules.
1378 272 1499 313 Neque
1526 272 1616 304 enim
1639 273 1672 304 id
1694 274 1735 306 iis
1760 277 1935 316 conuenit,
1970 277 2012 308 de

140 331 262 374 quibus
287 331 416 374 agitur,
438 328 617 371 Pompeio,
643 328 781 367 Crasso,
806 326 1018 368 Caesarique.
1063 324 1191 357 Confer
1213 336 1276 367 pro
1300 325 1394 356 Sext.
1422 335 1482 365 17„
1508 324 1549 355 de
1572 326 1618 356 H.
1641 326 1685 357 R.
1710 337 1760 358 22.
1784 333 1864 359 etc..
1908 329 2014 360 Recte

138 385 254 426 itaque
281 395 302 416 a
322 384 415 415 Man.
447 381 601 412 additum
624 386 675 419 et,
713 386 750 412 ut
777 380 814 412 hi
835 386 903 411 tres
935 390 955 410 a
977 378 1169 410 consulibus
1196 378 1479 420 disiungerentur.
1523 378 1713 410 Graeuium
1739 385 1852 411 autem
1874 381 2012 413 tacuisse

137 438 278 470 nollem.
320 437 379 469 Me
404 440 493 465 certe
514 439 613 465 uetus
635 433 696 464 illa
716 433 816 464 lectio
839 433 875 464 in
897 431 1124 475 suspicionem
1146 430 1300 470 adducit,
1340 440 1459 461 uocem
1492 431 1645 463 consules
1675 438 1733 463 aut
1758 433 1798 463 ab
1826 433 2013 476 interprete

139 489 326 532 profectam
348 499 435 526 esse,
463 493 523 518 aut
545 497 565 518 a
585 485 749 517 uarietate
772 498 846 524 eos,
887 491 926 516 ut
950 484 1048 523 alibi,
1083 484 1246 516 extitisse.
1291 485 1381 516 Nam
1402 481 1443 513 de
1466 483 1658 515 consulibus
1683 484 1810 516 dictum
1833 497 1936 529 supra
1958 487 2013 517 ui-

138 543 238 575 detur
259 541 354 581 satis,
379 546 428 579 et,
453 551 530 570 cum
552 538 691 582 legeris,
714 551 829 572 secum
851 544 883 571 et
905 539 984 570 illos
1000 537 1143 581 faeere,
1176 536 1264 568 nihil
1287 535 1439 578 requires
1461 535 1626 578 amplius,
1651 536 1800 578 perfecta
1823 539 1938 570 omnia
1958 538 2014 569 ui-

139 596 318 627 debuntur.
363 592 458 633 Quin
481 591 583 623 etiam
606 591 697 634 quod
719 593 873 634 sequitur
893 591 1121 624 acerbissume
1143 591 1242 631 (hanc
1263 600 1382 620 uocem
1404 599 1424 619 a
1445 587 1565 619 Lamb.
1589 594 1623 619 et
1643 589 1727 620 Ern.
1750 590 1924 634 repudiari
1946 591 2014 622 mi-

138 649 211 690 ror)
230 645 449 691 personabat,
472 644 513 675 de
535 650 669 677 terrore
691 656 728 676 ac
749 651 843 676 metu
866 644 1092 686 potissumum
1116 643 1250 680 dicitur,
1274 652 1375 683 quem
1389 652 1484 672 arma
1504 640 1714 673 incutiebant
1736 649 1768 674 et
1780 644 1884 675 nimia
1907 644 2013 676 trium

138 701 278 733 illorum
316 699 353 730 in
385 709 424 730 re
458 709 493 740 p.
531 698 727 741 principum
763 696 1010 739 singularisque
1050 696 1229 738 potentia;
1275 693 1395 735 quibus
1436 693 1702 736 repugnantibus
1734 695 1822 726 nihil
1860 696 2012 736 Clodius,

138 753 227 785 nihil
259 752 411 783 consules
449 750 612 793 perficere
647 750 847 793 potuissent.
915 750 1086 791 Quantam
1122 759 1160 779 ea
1197 759 1251 778 res
1286 746 1501 777 acerbitatem
1534 745 1691 786 haberet,
1741 747 1852 789 quiuis
1882 749 2014 781 existu-

137 817 232 837 mare
260 804 358 835 facile
391 815 453 847 per
482 814 517 834 se
547 809 660 846 potest
690 809 723 834 et
746 814 790 834 ex
813 814 840 834 c.
864 812 914 834 22.
938 813 1001 844 pro
1027 801 1122 832 Sext.
1145 811 1356 844 cognoscere.
1390 800 1650 831 GARATONIUS.
1694 800 1734 831 In
1764 807 1895 843 septem
1926 813 2013 844 quo-

140 869 206 900 que
230 858 369 889 Oxonn.
393 868 507 889 secum
529 863 562 888 et
585 857 665 888 illos
690 854 863 893 consules,
895 854 1074 894 mendose,
1106 853 1172 885 nisi
1195 853 1304 885 deleas
1327 852 1430 884 etiam
1455 852 1630 892 consules,
1665 853 1756 896 quod
1779 854 1861 885 olim
1886 853 2014 885 facien--

140 910 224 941 dum
245 921 316 941 esse
337 909 540 952 suspicabar.
583 910 686 940 Nunc
707 907 861 939 Bauarici
880 907 1078 938 auctoritate
1100 906 1293 945 deterreor,
1320 905 1378 948 qui
1402 907 1495 946 [cum
1512 905 1560 944 E,
1583 905 1655 945 Lb,
1677 907 1738 945 Lc,
1762 912 1796 938 et
1816 907 1905 947 aliis]
1928 907 2015 939 hanc

139 962 311 1004 uolgatam
333 961 529 1004 conprobat.
551 961 658 992 IDEM.
701 961 808 992 Recte
832 960 983 993 Orellius
1005 960 1185 992 lectionem
1208 971 1227 990 a
1250 958 1436 990 Garatonio
1472 958 1702 1001 propositam,
1742 972 1855 992 secum
1878 966 1911 993 et
1936 961 2015 993 illos

131 1014 271 1059 facere,
305 1014 360 1045 uel
383 1019 525 1056 propter
552 1013 775 1044 rarissumum
798 1014 889 1045 hunc
917 1019 951 1045 et
973 1014 1113 1056 copulae
1137 1024 1255 1051 usum,
1293 1011 1334 1042 de
1357 1023 1423 1053 quo
1445 1010 1584 1043 Beierns
1607 1012 1647 1042 ad
1670 1012 1740 1043 Cic.
1765 1012 1862 1044 Offic.
1886 1012 1952 1052 III,
1982 1013 2012 1044 6.

142 1067 185 1098 Τ.
207 1067 252 1098 II.
274 1078 308 1109 p.
333 1077 404 1107 227.
429 1065 584 1105 monuit,
622 1077 693 1096 non
716 1076 787 1097 esse
819 1065 1026 1108 probandam
1054 1067 1198 1097 monuit.
1241 1063 1401 1103 Accedit,
1432 1063 1523 1106 quod
1545 1064 1675 1104 Cicero,
1698 1064 1726 1095 si
1748 1064 2011 1096 triumuirorum

141 1119 280 1150 illorum
303 1119 512 1151 mentionem
532 1118 768 1149 tantummodo
791 1118 917 1149 inicere
936 1118 992 1150 hic
1012 1118 1193 1156 uoluisset,
1216 1129 1286 1149 non
1311 1123 1361 1149 est
1383 1116 1521 1148 dubium
1547 1117 1629 1159 quin
1651 1116 1869 1159 simpliciter,
1900 1130 2015 1150 secam

143 1173 224 1205 illos
237 1172 380 1214 faeere,
415 1172 601 1215 scripturus
630 1169 746 1202 fuerit.
791 1171 842 1202 Eo
865 1171 977 1215 aptior
1003 1177 1116 1202 autem
1140 1171 1220 1202 huic
1248 1171 1322 1202 loco
1352 1176 1386 1202 et
1407 1169 1547 1201 illorum
1579 1176 1612 1201 et
1634 1170 1812 1201 consulum
1841 1171 2012 1210 mentiost,

143 1235 220 1255 cum
253 1225 290 1256 in
319 1224 592 1256 antecedentibus
621 1235 665 1254 ne
687 1223 793 1255 uerbo
823 1224 957 1266 quidem
981 1224 1099 1255 Cicero
1129 1224 1281 1255 consules
1311 1235 1346 1255 se
1376 1234 1452 1254 cum
1477 1223 1514 1254 P.
1538 1222 1656 1254 Clodio
1688 1222 1921 1262 coniunxisse,
1964 1231 2015 1256 set

143 1277 378 1308 tantummodo
401 1289 421 1308 a
441 1289 478 1309 re
498 1289 532 1320 p.
553 1276 714 1308 defecisse
734 1277 917 1308 monuerit.
961 1276 1138 1308 Praeterea
1161 1275 1356 1307 defenditur
1377 1277 1511 1319 uolgata
1533 1276 1701 1317 scriptura
1722 1274 1773 1315 iis,
1798 1287 1882 1317 quae
1896 1276 2014 1308 Cicero

142 1330 184 1360 de
206 1341 254 1360 ar.
278 1341 367 1373 resp.
391 1330 429 1362 C.
452 1330 570 1361 XXII.
594 1330 624 1370 ς.
647 1329 699 1371 47.
723 1328 820 1363 dicit:
844 1330 914 1362 nisi
936 1329 996 1362 Cn.
1018 1330 1182 1373 Pompeio
1205 1330 1378 1368 adiutore,
1399 1331 1451 1362 Μ.
1474 1329 1597 1361 Crasso
1619 1333 1771 1367 auctore,
1796 1341 1882 1371 quae
1896 1328 2015 1372 facie-

142 1381 218 1421 bat,
231 1381 356 1426 facere
378 1383 545 1415 clamaret
553 1394 567 1421 3
589 1382 660 1415 nisi
684 1383 839 1416 consules
862 1394 1021 1416 caussam
1043 1383 1261 1417 coniunxisse
1284 1394 1414 1421 secum,
1444 1381 1480 1414 in
1505 1393 1570 1426 quo
1592 1392 1659 1414 uno
1682 1392 1750 1413 non
1771 1381 2014 1421 mentiebatur,

142 1434 376 1475 confirmaret.

227 1487 468 1522 Acerbissume
491 1488 715 1533 personabat)
759 1488 936 1521 Ernestius
968 1489 1175 1522 Lambinum
1202 1489 1390 1521 uerissume
1419 1488 1466 1520 ait
1494 1499 1671 1521 acerrume
1700 1485 1917 1518 scribendum
1946 1498 2014 1531 pu-

143 1546 239 1571 tasse.
284 1540 323 1570 In
357 1552 423 1582 quo
457 1542 679 1573 uehementer
708 1540 849 1573 fallitur.
893 1543 974 1574 Non
1009 1542 1100 1574 enim
1129 1542 1307 1581 conuenit,
1346 1541 1388 1572 de
1417 1540 1650 1583 magnitudine
1680 1540 1853 1579 clamoris,
1892 1545 1943 1571 set
1971 1539 2014 1570 de

143 1593 324 1624 acerbitate
346 1593 403 1624 uel
426 1592 561 1634 dolore,
605 1606 705 1636 quem
729 1594 885 1626 omnibus
909 1594 1002 1626 bonis
1026 1596 1153 1627 clamor
1175 1596 1236 1628 iste
1257 1594 1427 1633 iniecerit,
1467 1594 1666 1625 Ciceronem
1688 1592 1743 1624 hic
1763 1592 1870 1634 loqui.
1915 1591 2015 1625 Uidit

143 1645 209 1677 hoc
230 1645 299 1677 iam
322 1646 526 1678 Garatonius
550 1647 751 1690 monuitque
776 1658 878 1690 supra
899 1647 941 1678 ad
962 1647 1064 1679 uerba
1087 1661 1200 1680 secum
1225 1654 1258 1681 et
1280 1647 1359 1679 illos
1380 1652 1414 1679 et
1436 1647 1599 1678 consules.

231 1699 262 1739 §.
285 1698 337 1741 87.
377 1697 516 1731 Aderat
537 1711 669 1732 mecum
691 1705 831 1732 senatus
852 1718 894 1724 --
915 1701 1052 1733 Aderat
1073 1714 1204 1734 mecum
1223 1706 1366 1733 cunctus
1389 1704 1543 1744 equester
1565 1699 1647 1731 ordo
1669 1716 1711 1723 —
1732 1699 1784 1732 At
1808 1704 1882 1731 tota
1903 1698 2015 1731 Italia

147 1752 364 1792 conuenerat)
407 1751 462 1782 Sic
488 1751 525 1782 in
554 1751 709 1783 omnibus
739 1751 909 1783 codicibus
939 1754 1163 1796 omnibusque
1193 1752 1397 1785 editionibus
1427 1751 1483 1783 hic
1508 1751 1601 1783 locus
1629 1752 1771 1794 scriptus
1800 1757 1910 1791 extat,
1947 1750 2013 1782 nisi

142 1804 234 1847 quod
257 1804 400 1835 editores
423 1804 598 1843 nonnulli,
623 1803 660 1835 P.
683 1804 876 1844 Manutius,
902 1806 1100 1846 Lambinus,
1126 1805 1340 1843 Gau-atomus,
1364 1803 1516 1836 Orellius
1538 1804 1663 1846 aliique
1685 1805 1736 1838 At
1758 1809 1832 1835 ante
1856 1809 1928 1836 tota
1951 1803 2013 1834 de-

142 1857 280 1890 lendum
302 1855 504 1888 iudicarunt.
551 1855 654 1898 Quod
676 1861 804 1888 temere
833 1857 959 1889 sactum
983 1870 1053 1890 esse
1085 1860 1140 1890 uel
1164 1871 1206 1891 ex
1230 1870 1269 1889 eo
1292 1856 1442 1898 intellegi
1464 1862 1591 1899 potest,
1630 1857 1719 1899 quod
1746 1863 1785 1890 at
1806 1857 1846 1887 ab
1872 1856 2011 1888 librario

143 1921 213 1942 esse
250 1908 398 1941 additum
434 1921 571 1952 prorsus
606 1909 860 1951 inprobabilest.
926 1911 1110 1943 Facilluma
1148 1922 1252 1954 eaque
1283 1910 1477 1941 certissuma
1504 1908 1669 1941 medicina
1695 1910 1750 1941 hic
1779 1910 1873 1941 locus
1902 1909 2013 1941 sanari

141 1961 263 2005 potuit.
307 1962 495 1994 Docuimus
518 1973 621 2005 supra
644 1961 687 1993 ad
709 1962 813 1992 uerba
833 1962 922 2002 Quis
944 1965 1036 1996 enim
1058 1970 1170 1997 status
1196 1971 1274 2003 etc.,
1306 1963 1407 2001 haec,
1440 1961 1561 2004 quibus
1585 1962 1615 2003 §.
1639 1962 1690 2003 87.
1713 1962 1907 2001 incohatur,
1937 1974 2012 1993 ma—

143 2014 267 2046 nifesto
290 2015 417 2057 opponi
438 2014 734 2053 antecedentibus,
769 2013 806 2045 in
828 2015 948 2056 quibus
980 2016 1021 2047 de
1046 2017 1087 2048 iis
1111 2017 1254 2059 exponit
1277 2016 1415 2054 Cicero,
1451 2014 1510 2056 qui
1538 2014 1602 2046 sibi
1624 2014 1786 2046 aduersati
1814 2015 1896 2054 sint,
1933 2025 2011 2046 cum

143 2077 233 2098 nunc
255 2066 297 2097 de
318 2066 386 2098 illis
410 2073 659 2106 conmemoret,
695 2066 753 2108 qui
775 2078 888 2098 secum
911 2066 1038 2100 fuerint
1059 2069 1238 2101 coniuncti.
1282 2070 1400 2110 Itaque
1423 2068 1610 2099 necessario
1638 2068 1823 2110 requiritur
1844 2068 2010 2111 particula

140 2118 363 2151 aduersatiua.
407 2120 515 2151 Porro
541 2119 629 2162 quod
651 2131 743 2151 nunc
763 2120 926 2162 scriptum
949 2121 1073 2163 legitur
1095 2122 1218 2154 aderat
1241 2133 1392 2160 mecum,
1417 2120 1518 2162 plane
1540 2119 1697 2162 ineptum
1720 2120 1883 2162 loquendi
1905 2132 2010 2164 genus

142 2178 203 2204 est.
248 2171 307 2204 Ad
336 2182 438 2213 quem
460 2172 552 2204 enim
579 2173 693 2204 locum
724 2172 838 2204 aderat
867 2184 944 2205 cum
967 2174 1130 2206 Cicerone
1149 2176 1306 2207 senatus?
1352 2173 1408 2206 Ad
1437 2172 1670 2205 iudiciumne?
1713 2174 1823 2215 Atqui
1852 2174 1889 2205 in
1916 2174 2009 2206 iudi-

140 2225 231 2256 cium
259 2223 413 2255 minume
445 2231 582 2258 uocatus
610 2231 682 2257 erat
711 2226 840 2258 Cicero.
887 2225 957 2259 Cfr,
987 2238 1050 2270 pro
1084 2226 1192 2258 Sestio
1227 2227 1265 2258 C.
1288 2226 1406 2258 XVII.
1435 2226 1464 2267 §.
1488 2226 1540 2258 40.
1573 2239 1634 2258 nec
1655 2227 1743 2259 mihi
1764 2227 1824 2259 ille
1846 2226 2008 2267 (Clodius)

141 2277 311 2310 iudicium
327 2279 472 2322 populi,
503 2291 564 2311 nec
588 2279 794 2322 legitumam
815 2280 972 2323 aliquam
993 2280 1258 2318 contentionem,
1290 2291 1352 2311 nec
1373 2278 1673 2322 disceptationem,
1705 2285 1768 2311 aut
1789 2291 1932 2311 caussae
1952 2279 2008 2311 di-

143 2329 306 2368 ctionem,
338 2336 389 2363 set
412 2332 506 2370 uim,
539 2343 651 2370 arm-a,
685 2334 876 2371 exercitus,
908 2333 1140 2377 inperatores,
1174 2338 1290 2364 castra
1309 2331 1546 2364 denuntiabat.
1589 2332 1647 2364 An
1669 2332 1824 2363 Romae?
1866 2332 1914 2364 At
1935 2337 2008 2362 tum

140 2386 236 2412 antea
257 2382 373 2415 absens
398 2382 501 2414 fuisse
523 2390 656 2415 senatus
679 2386 861 2417 censendus
884 2392 985 2424 esset,
1016 2385 1104 2427 quod
1125 2384 1224 2417 statui
1246 2383 1373 2426 nequit.
1417 2385 1533 2426 Itaque
1554 2383 1643 2415 nihil
1665 2383 1784 2415 certius
1810 2389 1876 2423 est,
1907 2394 2007 2425 quam

140 2433 311 2476 scripsisse
334 2435 554 2476 Ciceronem,
584 2436 617 2467 id
640 2436 732 2478 quod
754 2437 905 2481 recipere
928 2449 997 2470 non
1019 2437 1188 2477 dubitaui,
1219 2437 1270 2471 At
1291 2442 1368 2470 erat
1389 2449 1521 2470 mecum
1542 2442 1682 2470 senatus
1702 2454 1745 2461 —
1765 2436 1817 2470 At
1839 2441 1915 2469 erat
1937 2447 2008 2467 me·

1557 2494 1595 2521 40
