2185 2720
701 117 726 147 C
746 116 776 146 A
794 117 834 146 P.
871 115 1033 144 XXXIII.
1059 113 1087 155 §.
1106 118 1154 147 81.
1173 129 1210 136 ·—-
1229 113 1392 143 XXXIV.
1418 112 1444 153 §.
1465 117 1512 146 83.
1988 120 2042 147 203

253 196 330 237 Quo
351 194 467 227 minus
485 206 539 227 me
560 199 647 239 aput
668 205 730 226 uos
750 191 868 225 ualere
889 189 1074 235 oporteret)
1117 188 1297 222 W⁷eiskius
1321 200 1384 232 pro
1407 194 1577 232 oporteret
1598 187 1692 230 lego,
1720 188 1846 231 inquit,
1877 196 2042 234 oportere.

170 249 281 291 „Sine
303 259 432 280 caussa:
463 258 542 279 nam
565 259 631 291 quo
652 246 768 279 minus
789 262 830 270 -
854 250 1024 288 oporteret
1056 243 1223 276 inuidiosa
1254 249 1303 274 est
1336 241 1569 284 interpretatio
1597 242 1724 282 aculei,
1756 254 1822 285 quo
1845 241 2039 274 Laterensis

171 313 265 342 eum,
291 300 369 335 issut
389 300 501 332 dicens
526 312 589 332 uos
607 317 650 323 -
671 299 844 342 litigiosos
867 311 956 338 esse,
977 302 1183 342 pupugerat3
1208 308 1278 327 non
1301 296 1406 340 ipsius
1428 294 1598 327 aduersari
1620 296 1738 329 oratio.
1748 298 1769 314 ‘⁶
1814 295 2017 328 ORELLICS.

912 412 941 445 C
967 409 1000 445 A
1024 411 1073 446 P.
1119 409 1299 445 XXXIV.

258 503 288 545 §.
311 502 363 534 85.
411 500 461 533 Te
488 500 618 532 idcirco
646 500 683 532 in
712 499 813 531 ludos
840 511 998 532 caussam
1027 499 1154 532 coicere
1183 497 1347 542 noluisse)
1414 497 1479 530 Pro
1505 498 1605 530 ludos
1632 496 1755 529 uitiose
1779 495 1859 528 libri
1884 496 2040 539 plerique

169 556 271 588 locos.
313 553 429 596 „Quis
460 553 589 585 dubitet
617 553 717 586 ludos
745 552 928 595 legendum
957 564 1045 593 esse,
1080 550 1235 583 circensis
1258 551 1435 591 nimirum,
1471 550 1508 582 in
1531 550 1651 593 quibus
1680 550 1817 581 thensae
1844 549 2038 581 ducuntur?

170 606 335 651 Quamuis
358 618 411 640 res
434 607 524 650 ipsa,
566 618 651 649 quae
674 606 711 637 111
732 605 800 637 illis
822 605 909 636 ludis
931 611 1023 647 gesta
1045 612 1110 645 est,
1146 610 1185 636 ut
1212 603 1269 635 hic
1292 615 1311 634 a
1332 604 1516 636 Laterense
1546 603 1616 635 eius
1645 602 1702 634 fiat
1729 602 1876 642 mentio,
1913 602 1956 634 sit
1978 601 2040 634 ob-

168 662 308 693 scura-‘⁶
333 660 541 692 GRAEUIUS.
586 659 630 692 In
653 659 771 699 ludos,
795 658 959 691 nimirum
983 657 1169 697 Circensis,
1209 656 1245 688 in
1270 658 1390 700 quibus
1410 657 1566 697 thensae,
1597 668 1657 689 seu
1678 667 1769 687 sacra
1791 655 1956 697 quaedam
1977 666 2040 686 ue·—

167 712 298 751 hicnla‚
327 724 347 744 a
369 712 464 756 signo
488 712 672 746 Uertumni
694 712 730 744 in
751 712 888 744 Circum
908 722 1110 743 maxumum
1134 709 1358 752 ducebantur,
1395 716 1514 742 onusta
1534 709 1675 741 deorum
1695 708 1897 751 imaginibus
1905 720 1915 747 3
1947 707 2040 739 aedi-

166 766 253 798 lium
275 771 389 798 autem
419 772 504 806 erat,
548 766 747 798 thensarum
779 771 812 797 et
832 775 979 808 pompae
1008 764 1100 795 illius
1123 763 1215 794 uiam
1238 775 1364 795 curare.
1391 765 1681 796 LALLEMANDUS.
1726 761 1879 794 Historia
1900 761 2040 803 ignora-

166 825 241 858 tur3
267 818 359 850 unde
380 826 470 852 totus
492 819 586 851 locus
609 817 781 850 obscurior
799 825 856 850 est.
902 819 1026 850 Sensus
1051 823 1110 856 est,
1132 822 1165 848 te
1187 816 1336 848 noluisse
1358 824 1570 849 momentum
1592 827 1721 860 ponere
1744 826 1876 846 caussae
1898 814 2039 845 demon-

167 872 318 904 strandae
349 872 384 903 in
415 872 518 912 ludis,
554 883 598 903 ne
625 871 712 903 mihi
741 871 1031 915 opportunitatem
1061 870 1154 902 dares
1186 869 1254 901 1001
1281 870 1456 902 conmuuis
1479 869 1645 903 tractandi
1668 869 1708 900 de
1730 869 1870 901 thensis.
1914 869 2038 907 Locos,

167 926 259 969 quod
281 925 318 957 in
343 925 499 957 omnibus
523 923 596 955 edd.
620 930 700 956 uett.
725 930 789 965 est,
812 924 1081 967 interpretantur
1104 923 1293 956 conmunis.
1336 923 1394 955 Set
1416 923 1452 954 in
1474 935 1530 955 eos
1551 935 1622 955 non
1643 922 1784 955 coicitur
1807 933 1930 953 caussa.
1973 920 2039 954 Ui-

167 980 253 1012 tium
275 985 388 1011 ortum
412 984 462 1009 est
486 989 505 1009 e
528 977 653 1010 uicinia
675 977 766 1010 illius
789 977 902 1017 uerbi,
941 983 974 1008 et
996 977 1077 1009 alibi
1100 987 1234 1019 quoque
1256 976 1316 1007 illa
1337 976 1441 1008 uerba
1465 983 1655 1020 permutata
1681 975 1882 1019 reperimus.
1913 975 2040 1006 ERNE-

168 1041 286 1063 STIUS.
328 1030 504 1063 Nimirum
525 1031 717 1063 Laterensis
741 1031 892 1074 epilogos
915 1030 1088 1062 Ciceronis
1111 1030 1345 1069 cauillaturus,
1382 1030 1524 1072 negabat
1544 1042 1580 1062 se
1603 1041 1751 1062 caussam
1776 1029 1863 1060 hanc
1889 1026 2038 1058 uoluisse

165 1083 293 1115 coicere
314 1082 350 1114 111
372 1089 505 1126 tempus
527 1083 708 1123 ludorum,
744 1096 788 1116 ne
809 1084 837 1115 si
860 1083 946 1115 forte
968 1083 1162 1115 thensarum
1191 1094 1319 1125 pompa
1347 1082 1541 1122 duceretur,
1579 1083 1696 1115 Cicero
1725 1082 1806 1114 inde
1829 1080 2038 1113 occasionem

164 1136 315 1179 arripere
339 1143 453 1178 posset
481 1137 734 1169 misericordiae
763 1135 990 1169 concitandae.
1028 1137 1248 1168 Scammos.
1301 1135 1423 1166 Fateor
1452 1135 1606 1178 equidem
1639 1136 1803 1179 ingenue,
1840 1146 1895 1166 me
1927 1144 2037 1175 neque

162 1190 350 1222 uerborum
381 1191 418 1222 in
441 1191 541 1223 ludos
563 1203 722 1223 caussam
753 1190 881 1223 coicere
910 1201 1045 1220 sensum
1074 1188 1213 1220 0111111110
1244 1188 1458 1231 intellegere,
1497 1201 1608 1232 neque
1633 1189 1733 1220 huius
1754 1188 1856 1220 totius
1878 1185 2035 1225 membri,

164 1243 255 1286 quod
279 1242 393 1274 uerbis
415 1244 489 1276 sine
512 1244 640 1276 tlzensis
662 1249 778 1276 autem
804 1243 890 1287 quid
905 1248 1025 1286 potero
1056 1243 1169 1274 elicere
1190 1240 1325 1282 finitur,
1368 1254 1452 1284 quae
1481 1242 1523 1274 sit
1544 1241 1725 1281 sententia,
1765 1239 1946 1272 diuinando
1972 1250 2037 1281 po-

162 1297 266 1329 tuisse
287 1296 435 1339 adsequi.
479 1297 556 1328 Hoc
578 1308 684 1329 unum
710 1296 992 1336 certissumumst,
1023 1294 1142 1326 falsam
1166 1306 1236 1326 esse
1255 1295 1390 1327 Schutzi
1415 1296 1515 1327 huius
1538 1295 1604 1327 loci
1627 1294 1902 1338 explicationem.
1946 1293 2037 1325 Nam

160 1350 223 1382 etsi
254 1361 295 1381 eo
327 1349 400 1381 fere
427 1355 579 1392 tempore
610 1350 693 1382 haec
721 1350 866 1382 habitast
897 1348 1025 1388 oratio,
1070 1360 1136 1390 quo
1169 1348 1330 1380 celebrari
1361 1348 1436 1380 ludi
1462 1348 1611 1380 Romani
1641 1354 1907 1387 consueuerant,
1947 1345 2036 1389 quod

159 1403 293 1446 Proleg.
319 1404 362 1435 L.
386 1403 446 1434 ΙΙΙ.
472 1404 510 1435 C.
533 1404 560 1435 Ι.
589 1404 619 1446 §.
642 1415 672 1435 2.
698 1402 945 1442 demonstraui,
976 1408 1089 1433 tamen
1108 1401 1214 1433 uerba
1236 1403 1273 1434 in
1296 1403 1397 1435 ludos
1418 1415 1576 1435 caussam
1599 1403 1727 1435 coicere
1751 1402 1903 1435 noluisse
1925 1399 2035 1431 Schu-

160 1456 271 1488 tziana
294 1455 425 1487 ratione
447 1456 554 1488 tribus
577 1456 617 1488 de
640 1457 761 1488 caussis
785 1455 962 1498 explanari
984 1461 1166 1496 nequeunt.
1210 1455 1324 1487 Prima
1345 1455 1427 1486 haec
1452 1461 1515 1495 est,
1550 1455 1661 1497 quod,
1691 1456 1720 1487 si
1742 1462 1818 1486 ante
1839 1453 1935 1486 ludos
1959 1453 2033 1484 Ro-

160 1519 278 1540 manos
304 1518 417 1539 caussa
440 1516 511 1541 acta
531 1509 665 1550 fuisset,
687 1509 870 1542 secundum
893 1507 1098 1540 Latinorum
1120 1508 1281 1551 loquendi
1304 1508 1581 1541 consuetudinem
1605 1521 1762 1541 caussam
1784 1509 1911 1541 reicere
1932 1505 2034 1537 debe-

162 1561 220 1593 bat
238 1560 313 1591 dici.
359 1560 396 1592 Id
418 1561 530 1604 ipsum
553 1574 634 1594 uero
657 1575 727 1594 11011
749 1562 853 1605 magis
878 1560 991 1605 potuit
1011 1573 1031 1593 a
1051 1563 1233 1594 Laterense
1255 1562 1322 1594 dici
1346 1574 1446 1604 quam
1468 1561 1504 1593 id
1527 1561 1617 1604 quod
1639 1561 1844 1604 scriptumst,
1867 1558 2034 1602 siquidem

160 1613 396 1653 inauditumst,
426 1613 463 1645 in
486 1614 567 1657 ipsis
589 1615 678 1648 ludis
701 1615 864 1648 Romanis
887 1614 1048 1646 iudicium
1072 1614 1113 1646 de
1135 1615 1303 1647 sodaliciis
1326 1614 1475 1646 exerceri
1499 1615 1642 1646 licuisse.
1687 1615 1803 1646 Tertia
1826 1624 1930 1655 eaque
1954 1623 2033 1655 gra-

160 1667 312 1699 uissuma
334 1676 448 1697 caussa
468 1666 609 1709 positast
636 1669 673 1700 111
695 1681 793 1702 sensu
816 1668 1018 1701 uerborum:
1056 1668 1253 1708 deridebor,
1284 1669 1317 1701 si
1337 1668 1542 1701 mentionem
1565 1669 1765 1701 tlzensarum
1778 1666 1917 1710 fecere,
1953 1677 2031 1698 cum

160 1726 199 1753 tu
222 1719 261 1752 id
276 1720 509 1763 praedixeris.
551 1722 642 1753 Nam
665 1723 703 1763 si,
731 1734 816 1765 quae
839 1728 888 1754 est
903 1720 1039 1753 Schutzi
1061 1721 1234 1762 sententia,
1257 1727 1438 1765 propterea
1460 1720 1624 1753 iudicium
1644 1721 1720 1753 illut
1741 1727 1818 1752 ante
1840 1720 1934 1751 ludos
1956 1719 2032 1750 Ro-

157 1784 275 1805 manos
296 1773 486 1815 postulante
507 1774 693 1808 Laterense
716 1777 918 1814 habitumst,
947 1785 990 1805 ne
1012 1773 1150 1814 Cicero,
1177 1774 1221 1813 si,
1256 1774 1343 1817 quod
1365 1773 1453 1806 ludis
1477 1774 1640 1806 Romanis
1664 1774 1738 1805 fieri
1760 1773 1900 1812 solebat,
1931 1772 2032 1803 then-

159 1837 272 1858 sarum
294 1836 423 1868 pompa
444 1824 531 1858 forte
555 1827 748 1869 duceretur,
773 1841 817 1861 ex
841 1840 879 1859 ea
899 1839 937 1859 re
961 1827 1170 1859 occasionem
1192 1826 1443 1859 misericordiae
1465 1827 1715 1859 conmouendae
1738 1827 1886 1870 arripere
1908 1832 2029 1869 posset,

157 1878 311 1922 profecto
334 1889 443 1919 nunc,
470 1891 547 1912 cum
569 1887 645 1913 ante
667 1882 763 1915 ludos
786 1893 898 1914 caussa
919 1887 1091 1924 ageretur,
1122 1880 1232 1912 omnis
1257 1880 1287 1911 ei
1309 1886 1474 1924 potestas,
1506 1880 1546 1912 de
1568 1880 1695 1912 thensis
1720 1879 1853 1911 dicendi
1876 1886 1907 1911 et
1926 1879 2030 1911 mise-

158 1930 320 1963 ricordiae
341 1933 550 1974 mouendae,
583 1942 760 1979 praerepta
788 1935 893 1968 fuisse
924 1933 1109 1965 necessario
1136 1933 1333 1965 existumari
1361 1933 1466 1965 debet.
1510 1934 1560 1966 At
1583 1945 1654 1965 non
1676 1933 1779 1965 fuisse
1800 1938 2026 1975 praereptam,

158 1982 337 2016 manifesto
364 1996 408 2017 ex
432 1987 563 2029 uerbis,
589 1989 781 2029 deridebor,
803 1989 835 2021 si
855 1987 1061 2022 mentionem
1083 1987 1283 2019 then-sarum
1295 1987 1431 2031 fecero,
1451 2000 1529 2020 cum
1551 1993 1590 2019 ιιι
1612 1987 1651 2019 id
1665 1987 1899 2031 praedixeris,
1922 1997 2028 2029 appa-

156 2043 224 2074 ret,
250 2048 335 2079 quae
356 2039 576 2081 apertissume
597 2049 751 2085 puguant
773 2054 849 2075 cum
872 2041 985 2074 uerbis
1007 2039 1292 2084 praecedentibus,
1319 2039 1348 2071 si
1370 2051 1407 2070 ea
1429 2040 1465 2071 in
1488 2051 1565 2071 eum
1588 2051 1733 2080 sensum,
1762 2051 1826 2082 quo
1851 2039 2028 2071 Schutzius

156 2090 280 2129 uoluit,
318 2090 403 2122 dicta
431 2093 653 2136 accipiuntur.
697 2096 806 2128 Immo
831 2108 873 2128 ex
897 2095 949 2128 his
971 2095 1037 2126 hoc
1060 2092 1195 2136 quidem
1216 2093 1349 2124 summo
1380 2092 1455 2124 iure
1479 2093 1603 2136 conligi
1624 2099 1748 2136 potest,
1783 2093 1966 2125 uerborum
1991 2093 2028 2125 in

154 2143 255 2176 ludos
277 2155 436 2177 caussam
457 2147 584 2180 coicere
605 2149 758 2182 noluisse
781 2161 854 2181 eam
876 2148 949 2180 fere
971 2147 1092 2179 debere
1114 2145 1314 2178 sententiam
1336 2157 1421 2185 esse,
1446 2157 1546 2188 quam
1569 2146 1727 2188 exposuit
1748 2146 1939 2186 Ernestius,
1964 2145 2026 2177 etsi

154 2196 231 2228 illut
258 2207 314 2227 me
335 2195 442 2230 fateor
469 2211 539 2233 non
564 2201 780 2245 intellegere,
819 2202 898 2246 quid
929 2201 992 2242 sit,
1034 2199 1122 2243 quod
1142 2198 1333 2231 Laterensis
1357 2198 1458 2239 dicat,
1498 2198 1540 2230 de
1568 2198 1655 2230 ludis
1680 2210 1716 2231 se
1742 2199 1892 2232 noluisse
1918 2199 2025 2242 loqui.

155 2249 232 2282 Hoc
254 2249 359 2292 igitur
381 2250 565 2286 inlustrent
585 2255 656 2286 alii.

238 2313 282 2345 In
305 2314 388 2346 aliis
407 2317 592 2360 aedilibus)
638 2318 732 2361 Quos
754 2330 842 2350 anno
865 2316 1050 2360 superiori,
1073 2317 1156 2349 item
1177 2317 1217 2348 de
1238 2315 1366 2348 ambitu
1391 2322 1591 2356 accussatos,
1615 2327 1691 2347 cum
1715 2315 1917 2355 defenderet,
1941 2315 2024 2347 sacta

155 2365 347 2398 thensarum
367 2370 540 2402 mentione
562 2370 826 2403 misericordiam
849 2371 1035 2402 conmouit.
1056 2370 1271 2403 MANUTIUS.
1315 2369 1421 2402 Anno
1451 2369 1620 2413 superiori
1642 2381 1686 2403 ne
1707 2368 1787 2400 facti
1809 2368 1946 2411 quidem
1968 2378 2026 2399 ae-

154 2418 236 2449 diles
261 2426 363 2451 erant.
409 2421 478 2454 Cfr.
501 2422 634 2468 Proleg.
659 2426 702 2457 L.
727 2425 787 2457 ΙΙΙ.
815 2424 854 2456 C.
877 2424 904 2455 I.
933 2424 963 2465 ἕ.
987 2434 1037 2455 2·-

1552 2477 1615 2507 38*
