2185 2720
150 186 185 211 72
795 177 1368 210 COMMENTARIUS.

150 252 228 283 eris.
252 252 464 286 MANUTIFS.
511 253 681 296 Splendor
714 253 867 296 equitum
897 260 946 286 est
974 254 1008 285 in
1032 254 1264 297 magnitudine
1285 254 1335 285 rei
1358 252 1555 294 familiari53
1587 254 1616 287 is
1639 255 1824 288 diminutus
1847 260 1914 293 est,
1950 261 2029 283 cum

151 302 352 346 dampnatus
376 306 499 337 iudicio
523 318 679 348 magnam
701 307 772 338 eius
795 312 927 349 partem
950 307 1125 339 amisisset.
1161 308 1386 339 Essxsss'rws.

236 359 287 390 M.
310 358 446 401 Pisoni)
472 359 519 390 M.
547 359 695 401 Pupium
718 359 875 390 Pisonem
902 359 937 389 in
959 359 1130 390 aedilitate
1155 360 1327 401 repulsam
1351 359 1483 400 tulisse,
1507 360 1620 391 denuo
1642 359 1731 391 infra
1753 371 1781 390 c.
1804 359 1903 391 XXI.
1927 357 1958 398 §·
1975 356 2028 388 51·

150 417 318 441 narratur.
366 412 453 441 Cum
476 411 650 443 Manutius
673 412 937 443 nobiliss-amum
960 412 1025 442 dici
1048 411 1254 452 adnotasset,
1282 412 1373 454 quod
1395 413 1517 455 patrici
1539 412 1671 455 generis
1695 411 1827 451 suisset,
1857 408 2028 442 Ferratius

150 461 186 492 in
209 463 297 504 Epp.
322 474 354 505 p.
378 463 440 494 566
463 474 513 504 sq.
537 463 618 494 haec
637 463 789 496 monuit:
811 464 940 504 „Quod
962 464 1091 496 adtinet
1112 463 1153 494 ad
1175 464 1254 496 illut
1277 464 1318 495 de
1340 464 1516 496 nobilitate
1538 465 1680 502 Pisonis,
1704 469 1841 495 notetur
1864 460 2031 494 Asconius

150 513 184 544 iu
202 526 251 545 or.
268 521 385 546 contra
399 515 654 558 Conpetitores:
678 516 756 554 Sex,
780 515 901 557 inquit,
925 517 1150 559 competitores
1176 517 1212 548 in
1236 517 1435 549 consulatus
1455 518 1621 561 petitione
1643 517 1759 549 Cicero
1778 515 1920 553 habuit,-
1944 513 2031 545 duos

145 568 337 609 patritios,
360 568 403 600 P.
426 568 621 611 Sulpicium
644 567 811 606 Galbam,
835 574 868 600 et
890 569 935 601 L.
953 570 1116 612 Sergium
1138 569 1339 608 Catilinam3
1362 575 1527 613 quattuor
1543 569 1706 613 plebeios,
1732 581 1773 601 ex
1798 567 1921 612 quibus
1943 566 2031 598 duos

151 619 294 659 nobilis,
330 620 364 652 C.
387 620 582 652 Antonium
609 626 641 652 et
667 621 712 652 L.
741 621 899 652 Cassium
930 622 1143 665 Longinum.
1189 622 1275 663 Quis
1309 634 1379 653 non
1410 621 1520 661 uidet,
1565 622 1667 653 etiam
1696 621 1846 663 plebeios
1877 618 2033 651 homines

152 669 255 702 fuisse
278 672 421 710 nobilis,
446 683 592 713 quorum
616 671 774 703 uidelicet
796 673 941 705 maiores
965 674 1108 716 insignia
1141 675 1332 706 consulatus
1358 674 1488 715 [sellam
1515 674 1681 715 curulem]
1713 673 1748 704 in
1772 673 1912 704 domum
1937 681 2033 703 suam

151 723 374 756 adtulissent?
418 723 496 755 Piso
521 729 592 755 erat
614 735 657 755 ex
680 730 778 766 gente
804 725 1008 767 Calpurnia,
1040 738 1141 768 quam
1170 727 1274 758 fuisse
1294 726 1468 770 plebeiam
1490 731 1636 764 constat,
1673 731 1746 756 tum
1770 725 1848 766 quia
1869 725 1911 756 L.
1936 723 2033 754 Piso-

152 787 231 807 nem
255 777 427 808 consulem
450 777 612 808 habemus
631 788 718 808 anno
748 788 782 808 u.
807 788 834 808 c.
860 779 932 810 620.
965 789 1041 809 eum
1071 780 1129 822 Sp.
1153 779 1326 811 Postumio
1349 778 1470 821 patrici
1496 778 1645 820 generis,
1668 789 1745 809 cum
1767 778 1850 809 duos
1873 776 2033 820 patricios

153 828 257 859 simul
289 839 359 860 esse
390 829 542 861 consules
571 840 634 871 per
656 834 808 861 ueterem
831 831 940 873 legem
966 843 1035 862 non
1056 832 1195 870 liceret3
1233 837 1306 863 tum
1330 830 1409 872 quia
1430 836 1513 873 aput
1535 831 1736 862 Ciceronem
1759 831 1794 862 in
1817 831 1924 862 Bruto
1946 829 2034 873 legi-

153 891 247 918 mus,
284 892 303 911 a
324 880 446 912 Pisone
471 880 618 923 quodam
641 881 780 913 tribuno
810 883 858 925 pl.
882 884 1030 926 primam
1053 884 1223 926 publicam
1256 882 1487 925 quaestionem
1516 883 1646 914 Romae
1678 883 1895 914 constitutam
1917 881 2032 915 fuisse.

156 932 250 973 Quin
276 932 380 964 immo
411 933 467 965 hic
497 934 587 965 idem
611 934 688 965 Piso
719 946 782 977 per
810 935 1029 978 adoptionem
1057 936 1191 967 transiit
1212 936 1247 967 in
1270 940 1405 978 gentem
1429 935 1615 977 Puppiam;
1656 935 1750 966 cuius
1772 935 1822 966 rei
1845 935 1973 967 mentio
1996 935 2035 967 fit

155 985 308 1016 oratione
332 997 396 1028 pro
418 986 532 1017 Domo
556 998 633 1018 sua:
666 1000 734 1019 non
756 993 852 1019 aetas
876 988 967 1026 eius,
1005 989 1065 1032 qui
1086 989 1293 1032 adoptabat,
1327 987 1484 1031 quaesita
1512 993 1581 1026 est,
1624 993 1662 1019 ut
1686 989 1722 1019 in
1746 987 1804 1020 Cn.
1826 987 1976 1030 Aufidio
1999 993 2034 1021 et

154 1039 205 1070 M.
229 1039 386 1082 Puppis),
421 1050 568 1081 quorum
595 1045 738 1084 uterque
760 1046 879 1072 nostra
903 1041 1068 1072 memoria
1090 1053 1224 1073 summa
1246 1045 1418 1072 senectute
1438 1039 1528 1072 alter
1551 1040 1725 1079 Orestem,
1757 1041 1848 1072 alter
1869 1041 2035 1073 Pisonem

154 1091 357 1132 mloptauit3
380 1096 480 1132 atque
502 1091 586 1122 adeo
610 1093 659 1124 M.
684 1092 835 1135 Puppius
861 1092 938 1123 Piso
963 1091 1071 1123 dictus
1095 1099 1155 1124 est.
1199 1093 1258 1125 An
1280 1103 1362 1123 uero
1387 1091 1555 1134 quispiam
1576 1098 1675 1134 neget
1690 1092 1839 1134 Pu‘ppios
1866 1103 1937 1124 esse
1957 1094 2036 1136 ple-

154 1141 266 1182 beios,
301 1154 379 1175 cum
404 1143 438 1173 in
462 1143 569 1175 Fastis
593 1144 835 1176 Consularibus
857 1143 1003 1176 eundem
1026 1145 1125 1176 illum
1153 1144 1327 1177 consulem
1352 1143 1499 1186 reperiat
1523 1155 1601 1175 cum
1630 1143 1679 1176 M.
1703 1144 1842 1177 Ualerio
1865 1145 2035 1186 Messalla,

155 1194 232 1227 uiro
255 1195 376 1238 procul
398 1195 501 1226 dubio
523 1197 691 1238 patricio?
735 1198 839 1229 Hunc
867 1196 958 1227 enim
982 1208 1052 1228 esse
1078 1197 1127 1229 M.
1153 1196 1325 1239 Puppium
1351 1195 1524 1235 Pisonem,
1565 1196 1623 1238 qui
1652 1197 1865 1229 consulatum
1893 1197 2035 1241 adeptus

157 1253 206 1278 est
229 1247 366 1278 biennio
388 1253 466 1290 post
485 1248 695 1290 Ciceronem,
718 1261 762 1281 ex
784 1249 846 1280 hac
869 1249 986 1280 eadem
1009 1260 1058 1280 or.
1082 1249 1214 1290 conligo
1239 1252 1269 1290 §.
1293 1250 1364 1280 51.:
1386 1249 1479 1281 uidit
1501 1250 1671 1282 hominem
1692 1250 1760 1282 sibi
1781 1262 1941 1283 maxume
1955 1263 2036 1284 corz-

156 1300 332 1339 izmctum,
368 1301 549 1342 egregium
573 1301 707 1340 uirum,
731 1303 777 1334 L.
807 1301 1021 1340 Uolcatium,
1058 1303 1150 1334 uidit
1172 1303 1223 1334 Μ.
1245 1302 1409 1334 Pisonem
1430 1302 1466 1332 in
1489 1302 1559 1334 ista
1577 1303 1759 1334 aedilitate
1781 1302 2036 1346 offensiuncula

157 1358 297 1396 aec-epta
319 1364 466 1385 smnmos
490 1365 512 1383 α
526 1353 658 1395 populo
683 1355 728 1385 R.
750 1365 821 1385 esse
843 1354 985 1385 honores
1007 1355 1167 1397 adeptos3
1194 1363 1271 1383 cum
1293 1357 1326 1383 et
1348 1353 1543 1384 nominetur
1565 1360 1642 1396 post
1664 1355 1706 1386 L.
1729 1355 1925 1387 Uolcatium
1947 1356 2038 1388 Tul-

158 1404 247 1444 lum,
273 1417 338 1446 quo
363 1404 499 1436 consule
525 1405 644 1436 Cicero
670 1411 866 1448 praeturam
887 1406 1006 1449 gessit,
1029 1416 1140 1450 neque.
1161 1405 1205 1438 sit
1225 1404 1262 1437 in
1285 1404 1393 1436 Fastis
1415 1405 1501 1437 alter
1523 1405 1573 1436 Μ.
1595 1405 1673 1437 Piso
1697 1406 1835 1447 consul,
1868 1407 1910 1438 ad
1933 1419 2035 1450 quem

159 1469 197 1488 ea
221 1458 324 1489 uerba
346 1456 469 1489 referri
491 1457 664 1500 possint.“

244 1511 279 1543 C.
301 1511 507 1552 Serranum)
531 1512 617 1543 Cum
644 1513 726 1545 olim
750 1526 793 1546 ex
816 1514 1025 1546 deteriorum
1047 1514 1201 1547 codicum
1224 1513 1289 1545 fide
1311 1512 1347 1546 C.
1367 1513 1533 1545 Serenum
1554 1512 1742 1556 legeretur,
1770 1513 1945 1546 Manutius
1967 1514 2036 1547 iam

159 1569 250 1594 recte
273 1564 308 1596 C.
331 1564 521 1596 Serranum
543 1565 791 1598 restituendum
816 1579 885 1599 esse
906 1568 1097 1599 coniectura
1126 1567 1301 1599 adsecutus
1325 1572 1390 1605 est,
1426 1566 1509 1597 h‘aec
1529 1561 1692 1598 monens:
1728 1566 1849 1605 „Cum
1877 1574 2038 1610 sequatur

159 1616 287 1647 mentio
311 1616 371 1648 Cn.
393 1618 517 1656 Malli,
546 1618 699 1660 suspicor
728 1619 910 1662 legendum
940 1620 976 1652 C.
1002 1621 1210 1659 Serranum,
1248 1618 1306 1660 qui
1335 1618 1453 1649 consul
1481 1617 1546 1650 fult
1572 1625 1649 1650 ante
1671 1618 1830 1650 Mallium
1854 1631 2036 1662 proxume,

159 1673 198 1698 ut
219 1679 288 1698 non
310 1669 412 1700 modo
439 1670 622 1701 Serranum
646 1671 767 1702 Catulo
797 1673 987 1714 praelatum
1017 1684 1101 1712 esse,
1137 1671 1228 1714 quod
1250 1669 1362 1702 uideri
1392 1676 1506 1712 posset
1530 1670 1755 1709 tolerabilius,
1792 1671 1911 1704 Cicero
1935 1673 2035 1715 dicat,

160 1731 281 1751 uerum
304 1721 405 1752 etiam
430 1722 492 1753 Cn.
514 1723 672 1754 Mallium
693 1724 883 1766 posteriore
905 1727 1035 1756 anno.“
1079 1726 1196 1766 Itaque
1225 1734 1305 1764 quas
1336 1721 1455 1753 Cicero
1487 1722 1541 1753 hic
1571 1722 1683 1754 Catuli
1712 1723 1863 1764 repulsas
1896 1736 2036 1758 conme-

159 1780 287 1812 morat,
310 1785 363 1805 eas
387 1774 560 1806 Manutius
583 1777 777 1808 consularis
801 1775 903 1808 fuisse
926 1777 1070 1817 censuit,
1094 1782 1211 1808 contra
1234 1786 1334 1817 quem
1356 1774 1528 1806 Ferratius
1550 1774 1587 1806 in
1612 1774 1701 1817 Epp.
1724 1786 1758 1818 p.
1783 1775 1843 1818 367
1865 1788 1915 1820 sq.
1938 1780 2037 1813 aecli-

160 1826 260 1858 licias
282 1825 384 1857 fuisse
407 1827 584 1858 ostendere
609 1834 746 1859 conatus
769 1835 819 1860 est
840 1830 905 1860 hoc
928 1829 1048 1861 modo:

247 1879 366 1918 „Cum
392 1885 504 1910 autem
534 1880 582 1910 M.
607 1880 722 1911 Seium
752 1882 940 1923 praelatum
964 1881 1067 1913 fuisse
1089 1880 1204 1912 Pisoni
1226 1880 1263 1911 in
1285 1879 1451 1922 petitione
1475 1880 1671 1921 aedilitatis,
1700 1892 1743 1912 ex
1766 1881 1840 1912 loeo
1863 1893 1966 1925 supra
1986 1884 2037 1916 ci·-

162 1938 230 1964 tato
255 1934 297 1973 [c.
321 1931 421 1962 XXI.
445 1930 544 1962 huius
569 1933 633 1973 or.]
657 1932 833 1964 euidenter
856 1940 1033 1976 appareat:
1057 1945 1100 1964 an
1122 1933 1214 1964 idem
1238 1939 1271 1964 et
1294 1932 1335 1963 de
1359 1932 1402 1973 Q.
1428 1933 1550 1964 Catulo
1572 1933 1840 1965 sentiendumst‘?
1864 1933 1911 1965 ita
1932 1946 2037 1978 pror-

161 1997 234 2024 sus,
258 1995 336 2015 nam
360 1983 417 2014 ubi
441 1995 496 2015 eos
520 1984 628 2015 onmis
654 1991 768 2016 orator
791 1993 983 2025 enumerat,
1014 1986 1072 2028 qui
1095 1985 1264 2017 aedilicias
1293 1985 1444 2027 repulsas
1467 1986 1634 2024 tulerant,
1668 1986 1737 2028 Ap.
1763 1986 1964 2027 Claudium,
1993 1989 2037 2021 L.

161 2037 371 2075 Uolcatium,
395 2036 445 2067 M.
469 2036 641 2076 Pisonem,
665 2038 702 2068 P.
726 2037 901 2077 Nasicam,
925 2039 973 2070 M.
997 2037 1170 2076 Tullium,
1205 2039 1242 2069 C.
1267 2038 1433 2075 Marium,
1462 2038 1504 2068 L.
1529 2039 1723 2077 Caesarem,
1755 2039 1817 2070 Cn.
1843 2039 2036 2082 Octauium,

161 2090 313 2121 consules
339 2087 460 2119 deinde
484 2095 628 2127 creatos3
652 2090 745 2121 nulla
768 2096 840 2121 erat
862 2090 966 2129 ratio,
991 2102 1050 2121 cur
1073 2090 1246 2121 omitteret
1271 2089 1448 2127 Catulum,
1468 2089 1497 2120 si
1519 2096 1552 2120 et
1574 2090 1645 2132 ipse
1668 2092 1785 2122 consul
1810 2091 1938 2124 suisset.
1967 2093 2036 2125 Ita-

162 2153 227 2185 que
250 2141 348 2172 nullo
370 2139 470 2171 modo
494 2151 570 2171 cum
593 2141 748 2173 Manutio
771 2142 994 2182 dicendumst,
1021 2143 1169 2174 illumin
1184 2141 1349 2185 petitione
1372 2142 1562 2173 consulatus
1585 2142 1815 2185 posthabitum
1840 2143 1945 2176 fuisse
1961 2144 2036 2188 pri-

160 2206 255 2226 mum
279 2194 318 2225 C.
344 2192 470 2225 Attilio
492 2193 659 2232 Serrano,
682 2200 799 2236 postea
822 2206 910 2225 anno
934 2195 1123 2237 posteriore
1156 2195 1256 2225 etiam
1282 2194 1343 2225 Cn.
1367 2194 1506 2233 Ma11103
1538 2195 1628 2237 quod
1658 2196 1814 2237 pluribus
1835 2196 2034 2229 coniecturis

162 2246 313 2279 ostendo.
357 2245 383 2275 I.
410 2245 479 2275 Cur
503 2251 616 2275 orator
645 2253 877 2278 conmemoret
908 2248 945 2278 C.
971 2249 1153 2279 Serranum
1176 2247 1365 2289 praelatum
1390 2247 1528 2286 Catulo,
1565 2247 1739 2278 hominem
1764 2247 2034 2289 nobilissumum,

162 2306 196 2331 et
218 2310 318 2340 quem
340 2296 607 2328 subtilissumum
631 2297 712 2329 dicit
733 2299 906 2341 animique
928 2306 961 2331 et
983 2300 1101 2331 consili
1126 2300 1205 2330 satis
1230 2299 1343 2340 magni
1368 2300 1428 2340 [ita
1454 2299 1577 2330 dicitur
1602 2310 1680 2331 sane
1697 2311 1739 2330 ex
1751 2299 2034 2340 interpolatorum

163 2358 197 2383 et
217 2352 452 2382 lacunosorum
475 2347 629 2380 codicum
653 2349 739 2389 fide,
764 2362 832 2381 non
855 2351 937 2383 item
960 2352 995 2383 in
1020 2353 1135 2393 Bau.];
1167 2363 1236 2383 non
1267 2352 1403 2383 Serrani
1433 2353 1605 2393 conlegam
1632 2350 1833 2393 Caepionem
1849 2352 1864 2382 ?
1897 2350 1939 2382 de
1967 2365 2034 2395 qno

162 2405 284 2437 Florus
308 2401 399 2443 Epir.
422 2400 500 2431 Liu.
525 2400 583 2431 lib.
608 2402 658 2442 67.
683 2403 877 2435 Sec-mulum
892 2405 1018 2447 populi
1040 2405 1139 2436 Rom.
1163 2405 1348 2436 iussionem
1370 2405 1562 2447 Caepionis,
1585 2404 1683 2435 caina
1703 2403 1895 2435 temeritate
1919 2406 2034 2438 clades

161 2461 301 2499 accepta
324 2459 398 2486 erat
421 2454 454 2494 (a
477 2453 652 2495 Cimbris),
689 2455 870 2499 dampnati
896 2457 983 2489 bona
1003 2457 1181 2500 publicata
1211 2464 1313 2497 sunt,
1346 2458 1529 2502 primoque
1549 2460 1631 2499 post
1655 2465 1771 2497 regem
1800 2455 2033 2499 'l‘arqzeim'mn
