2185 2720
862 155 887 184 c
906 156 935 183 A
954 155 998 185 P.
1037 154 1200 184 XXXVI.
1235 153 1263 194 §.
1290 158 1337 186 ss.
1981 163 2034 188 2253

247 234 469 276 Sumpserat,
508 244 549 265 ea
582 231 637 265 Τι’.
666 230 824 264 Graccho
852 230 1057 274 interempto
1085 230 1163 262 iure
1194 236 1332 274 optumo
1360 235 1499 273 sumpta
1528 242 1599 262 esse
1630 228 1799 273 defendit)
1843 230 1926 262 Bau.
1957 241 2034 262 cum

154 284 235 319 'Erf-
262 291 417 329 ceperat,
442 285 530 328 quod
551 285 678 328 probo,
705 283 767 315 etsi
789 294 959 326 proxume
981 288 1120 326 sumpta
1143 282 1317 323 dicuntur,
1339 294 1408 314 non
1434 282 1513 324 quia
1533 283 1739 314 concinnitas
1762 283 1797 314 in
1822 284 1954 325 uolgata
1976 283 2034 314 ‹le-

160 338 225 377 sit‚
261 344 313 370 set
335 338 414 380 quia
435 349 568 381 semper
589 336 787 380 postulanda
809 347 878 367 non
901 341 959 367 est.
997 335 1258 367 GARATONIUS.
1304 336 1392 368 Cum
1416 346 1578 377 magnum
1606 336 1649 367 sit
1667 336 1757 367 inter
1779 348 1899 380 capere
1921 342 1954 367 et
1975 349 2034 368 su-

159 402 252 424 mere
272 390 473 430 discrimen,
498 389 590 432 quod
612 401 774 422 maxume
795 389 829 420 in
856 388 1038 432 conpositis
1060 388 1216 432 accipere
1238 394 1271 420 et
1297 390 1477 422 adsumere
1501 388 1627 428 elucet,
1657 387 1755 420 facile
1776 394 1935 431 apparet,
1966 400 2035 420 non

159 454 259 486 posse
288 455 410 486 capere
436 455 536 475 arma
565 448 600 474 et
628 454 763 475 sumere
789 454 891 474 arma
919 441 1007 473 nihil
1040 441 1194 481 differre,
1232 442 1312 473 licet
1338 453 1596 484 nonnumquam
1624 452 1695 472 non
1722 442 1870 473 multum
1890 441 2035 480 intersit,

160 502 275 528 utram
296 495 502 527 locutionem
525 507 678 538 usurpes.
724 496 835 527 Immo
862 494 999 526 uidetur
1021 494 1085 525 hoc
1106 494 1279 534 interesse,
1304 495 1392 537 quod
1410 507 1530 539 capere
1552 507 1651 527 arma
1672 493 1793 525 dicitur
1809 494 1848 533 is,
1873 493 1931 536 qui
1942 505 2036 525 arma

161 561 231 581 non
255 549 364 580 iacere
386 548 515 591 patitur
538 555 587 580 set
611 548 770 590 adtingit,
808 546 918 588 iisque
940 546 1143 578 instructum
1168 557 1204 577 se
1226 547 1357 587 reddit,
1393 554 1432 579 ut
1453 553 1511 578 aut
1531 547 1685 589 inpetum
1706 547 1852 578 aliorum
1879 559 1897 577 a
1919 558 1954 578 se
1979 547 2037 577 de-

160 601 320 639 fendere,
343 608 403 632 aut
424 602 498 644 ipse
520 601 604 633 alios
626 601 747 644 inpetu
768 605 884 643 petere
905 599 1029 642 possit3
1053 605 1168 631 contra
1190 612 1324 632 sumere
1344 613 1445 632 arma
1467 599 1608 639 dicitur,
1631 600 1705 642 qui,
1729 599 1789 630 ubi
1812 600 1952 632 solutast
1974 601 2038 632 eli-

162 653 264 696 gendi
288 654 401 696 optio,
440 659 555 685 utrum
578 665 672 685 arma
693 664 812 696 capere
834 664 876 684 an
899 652 999 683 aliam
1019 652 1140 694 agendi
1162 652 1329 684 rationem
1352 653 1440 685 inire
1463 653 1563 692 uelit,
1598 652 1701 684 armis
1723 652 1948 694 potissumum
1970 653 2039 684 uti-

161 713 234 744 tur,
262 706 308 738 ita
330 712 366 737 ut
388 718 478 738 nunc
502 706 593 748 quod
616 718 685 737 non
709 711 924 748 expectatum
947 704 1065 744 fuerit,
1088 716 1179 736 nunc
1202 705 1294 746 quod
1319 717 1395 737 cum
1422 706 1663 737 deliberatione
1686 705 1812 736 factum
1834 706 1892 745 sit,
1922 705 2038 738 fecisse

159 759 387 802 significetur,
412 759 470 802 qui
492 771 586 791 arma
608 758 790 801 sumpsisse
816 757 952 789 dicitur.
997 757 1166 790 Adferam
1190 769 1275 799 quae
1299 759 1336 790 in
1357 765 1520 802 promptu
1541 765 1619 790 sunt
1641 758 1808 801 exempla,
1834 764 1868 790 et
1888 758 2039 802 primum

161 813 309 856 quidem,
332 812 392 844 ubi
417 825 539 857 capere
561 825 661 845 arma
683 811 853 843 dictumst.
899 809 1018 842 Cicero
1042 822 1106 853 pro
1130 810 1210 841 Sex.
1228 811 1353 843 Roscio
1375 812 1456 844 Am.
1482 812 1519 843 C.
1536 812 1630 843 LIII.
1652 812 1682 853 ξ.
1706 811 1794 842 155.:
1817 811 1924 843 Illam
1943 812 2040 856 prio—

161 878 236 899 rem
257 864 587 909 (proscriptionem),
618 877 705 908 quae
718 863 858 908 factast
880 863 919 895 in
941 875 1014 903 eos,
1045 864 1106 906 qui
1127 876 1229 895 arma
1250 876 1371 907 capere
1387 870 1600 908 potzierunt,
1632 870 1745 896 tamen
1767 870 1907 896 senatus
1930 865 2041 897 susci-

161 931 245 963 pere
265 919 400 957 noluit,
436 930 479 950 ne
502 918 588 962 quid
608 918 726 949 acrius
748 929 851 960 quam
873 929 967 949 more
988 917 1160 948 maiorum
1190 923 1469 960 conparatzcmst,
1497 917 1640 961 publico
1662 917 1804 949 consilio
1818 915 1962 959 factum
1984 918 2041 949 ui·-

165 971 319 1004 deretur.
363 970 459 1003 Idem
480 981 543 1012 pro
566 969 683 1000 Tullio
708 969 746 1001 C.
770 970 833 1001 VI.
862 981 896 1012 p.
920 970 973 1000 42.
996 969 1045 1000 ed.
1068 968 1150 1001 Mai.
1174 980 1256 1001 secu:
1295 983 1339 1002 ne
1360 972 1430 1014 ipsi
1452 976 1661 1009 statuerent,
1697 982 1762 1014 quo
1786 975 1935 1013 tempore
1960 982 2042 1014 pos-

169 1029 246 1056 sent
270 1035 332 1055 suo
354 1023 432 1055 iure
453 1034 553 1055 arma
576 1034 715 1065 capere,
756 1035 898 1055 manum
922 1034 1063 1065 cogere,
1098 1023 1250 1054 homines
1277 1025 1440 1057 occidere.
1483 1024 1578 1055 Idem
1600 1035 1664 1066 pro
1688 1023 1726 1054 C.
1750 1021 1891 1053 Rabirio
1916 1022 1954 1053 C.
1977 1023 2040 1055 VI.

168 1077 200 1117 §.
227 1086 295 1117 19.:
336 1074 511 1118 Confiteor
541 1073 777 1118 interficiendi
806 1075 993 1107 Saturnini
1020 1088 1143 1108 caussa
1166 1076 1200 1108 C.
1222 1075 1412 1108 Rabirium
1445 1089 1545 1109 arma,
1567 1077 1705 1120 cepisse.
1748 1074 1875 1106 Ibidem
1900 1075 1938 1107 C.
1959 1076 2040 1107 VH.

168 1129 198 1170 ς.
223 1138 294 1159 2o.:
330 1127 509 1160 Adliibent
534 1128 644 1160 omnis
671 1128 826 1160 tribunos
849 1129 904 1173 pl.
921 1134 1066 1172 praeter
1087 1129 1337 1167 Saturninum,
1367 1136 1549 1173 praetores
1573 1134 1716 1173 praeter
1739 1127 1925 1160 Glauciam
1933 1140 1946 1167 3
1981 1129 2041 1172 qui

165 1193 294 1224 remp.
318 1181 455 1213 saluam
485 1193 556 1213 esse
581 1181 732 1220 uellent,
769 1193 869 1213 arma
889 1193 1012 1224 capere
1038 1187 1070 1213 et
1092 1194 1127 1213 se
1148 1182 1245 1225 sequi
1267 1182 1394 1215 iubent.
1437 1183 1582 1214 Ibidem:
1620 1193 1722 1225 quom
1744 1192 1877 1219 omnes,
1913 1181 1973 1224 qui
2004 1182 2041 1213 in

166 1234 282 1270 salute
312 1234 364 1266 rei
386 1245 424 1277 p.
453 1234 602 1266 salutem
631 1247 732 1266 suam
762 1234 951 1278 repositam
978 1245 1049 1266 esse
1083 1234 1369 1274 arbitrabantur,
1413 1248 1513 1267 arma
1551 1235 1741 1278 cepissent:
1785 1233 1870 1278 quid
1903 1234 2042 1265 tandem

165 1286 201 1319 C.
223 1286 371 1318 Rabirio
392 1285 609 1328 faciundum
626 1286 732 1330 ficit?
774 1287 903 1319 Ibidem
927 1288 957 1329 ἓ.
981 1297 1052 1319 21.:
1089 1299 1190 1331 quom
1211 1289 1259 1320 ad
1279 1301 1379 1321 arma
1401 1288 1555 1321 consules
1579 1300 1620 1319 ex
1640 1293 1780 1319 senatus
1802 1286 1955 1318 consulto
1978 1298 2043 1318 uo-

166 1340 363 1378 caui-ssent3
384 1357 426 1362 —
461 1352 563 1382 quom
584 1341 631 1373 L.
653 1341 835 1380 Metellus,
869 1341 943 1373 Ser.
966 1340 1100 1379 Galba,
1121 1358 1163 1364 ·—
1197 1353 1396 1385 omnesque,
1430 1342 1491 1385 qai
1514 1346 1588 1372 tum
1608 1345 1726 1378 erant,
1759 1340 1956 1372 consulares
1973 1352 2041 1383 pro

167 1392 282 1424 salute
308 1393 470 1424 conmuni
491 1404 592 1424 arma
614 1394 792 1437 cepissent.
833 1394 963 1425 Ibidem
980 1394 1018 1425 C.
1032 1394 1097 1425 IX.
1111 1394 1140 1434 ξ.
1158 1404 1228 1435 27.;
1259 1397 1344 1438 quid
1362 1396 1403 1427 cle
1427 1394 1577 1426 tribunis
1599 1393 1762 1431 aerariis,
1786 1398 2042 1435 ceterorumque

166 1446 331 1478 ordinum
360 1445 514 1477 omnium
542 1445 758 1486 hominibus,
796 1448 857 1491 qui
880 1453 955 1479 tum
975 1459 1076 1480 arma
1097 1460 1165 1491 pro
1187 1449 1348 1480 conmuni
1371 1448 1530 1480 libertate
1556 1450 1729 1488 ceperunt.
1774 1444 1902 1475 Ibidem
1931 1444 1968 1475 C.
1991 1444 2039 1476 X.

168 1499 199 1540 §.
223 1498 294 1530 50.=
332 1510 391 1536 ac,
425 1498 456 1529 si
476 1510 542 1541 pro
564 1498 706 1530 illorum
732 1500 836 1532 laude
864 1501 952 1532 milli
978 1512 1079 1532 arma
1108 1501 1276 1544 capienda
1301 1506 1429 1539 essent,
1465 1512 1533 1532 non
1560 1499 1675 1530 minus
1703 1502 1841 1529 strenue
1873 1509 2042 1541 caperem,

168 1562 273 1594 quam
301 1551 357 1582 illi
380 1563 449 1594 pro
479 1552 640 1583 conmuni
668 1553 781 1584 salute
811 1559 984 1597 ceperunt.
1027 1553 1156 1584 Ibidem
1188 1554 1226 1585 C.
1253 1554 1317 1584 XI.
1348 1554 1378 1594 §.
1403 1554 1472 1585 51.:
1509 1551 1695 1585 Neminem
1723 1562 1793 1582 esse
1823 1551 1898 1583 dico
1929 1563 1970 1583 ex
1996 1552 2042 1583 iis

167 1602 344 1641 omnibus,
371 1603 432 1646 qui
453 1604 516 1635 illo
542 1605 598 1635 die
618 1605 752 1637 Romae
763 1604 927 1648 fuerint,
945 1623 987 1629 —
1010 1606 1187 1650 pubesque
1210 1612 1284 1638 tum
1296 1605 1434 1650 fzzerit,
1458 1605 1542 1649 quin
1563 1615 1662 1635 arma
1685 1603 1830 1646 ceperit,
1855 1605 1939 1647 quin
1962 1617 2042 1637 con-

163 1656 259 1687 sules
281 1662 418 1687 secutus
440 1657 498 1689 sit.
541 1657 691 1700 Philipp.
713 1658 782 1697 IV,
813 1658 850 1696 3,
884 1669 930 1700 7.:
970 1671 1082 1690 omnes
1105 1660 1267 1691 mortales
1297 1672 1367 1691 una
1396 1664 1507 1690 mente
1529 1656 1768 1689 consentiunt.-
1805 1657 1920 1689 omnia
1942 1670 2042 1691 arma

165 1720 304 1746 eorum,
336 1710 398 1751 qui
419 1710 502 1741 llaec
524 1711 625 1742 salua
648 1711 776 1749 uelint,
808 1716 929 1743 contra
953 1711 1052 1743 illam
1067 1718 1201 1755 pestem
1223 1724 1293 1744 esse
1315 1712 1493 1755 capienda.
1538 1709 1669 1741 Ibidem
1692 1709 1744 1745 X,
1776 1720 1810 1749 7,
1845 1711 1911 1741 15.:
1943 1711 2042 1742 Nam

166 1762 199 1794 si
222 1767 388 1805 quattuor
411 1763 582 1794 exercitus
605 1764 650 1801 ii,
672 1764 713 1795 de
736 1763 859 1807 quibus
882 1764 969 1802 dixi,
985 1770 1174 1808 propterea
1195 1765 1405 1804 laudantur,
1429 1765 1520 1808 quod
1535 1776 1602 1807 pro
1618 1762 1745 1806 populi
1763 1763 1916 1794 Romani
1938 1763 2043 1795 liber-

169 1819 241 1847 tate
263 1826 362 1846 arma
385 1820 557 1857 ceperunt.
601 1816 731 1847 Eadem
755 1822 836 1847 orat.
861 1816 899 1848 C.
923 1817 986 1848 LX.
1011 1817 1042 1858 ξ.
1068 1817 1136 1849 18.:
1165 1830 1232 1850 non
1253 1824 1335 1850 sunt
1356 1819 1446 1850 enim
1468 1817 1567 1849 credo
1591 1815 1873 1853 innumerabiles,
1897 1816 1956 1859 qui
1973 1828 2042 1859 pro

169 1867 331 1899 conmuni
353 1866 513 1899 libertate
535 1880 635 1900 arma
662 1870 814 1912 capiant.
858 1869 988 1901 Ibidem
1012 1870 1081 1909 XI,
1120 1882 1156 1908 1,
1193 1882 1239 1902 με
1268 1871 1510 1913 perspeximus
1532 1869 1640 1907 enim,
1674 1874 1806 1912 quanta
1829 1868 1864 1899 in
1887 1869 1951 1907 iis,
1983 1869 2043 1912 qui

169 1924 292 1951 contra
312 1921 473 1962 patriam
501 1921 670 1954 scelerata
699 1934 799 1954 arma
826 1929 1009 1966 ceperunt,
1043 1924 1168 1956 inesset
1208 1924 1407 1956 inmanitas.
1452 1922 1581 1955 Eadem
1611 1927 1692 1953 orat.
1722 1922 1760 1952 C.
1785 1921 1886 1953 XIV.
1917 1922 1946 1962 ς.
1971 1921 2042 1961 57.:

171 1982 227 2003 eos
249 1977 450 2011 ueteranos,
484 1974 545 2016 qui
562 1985 630 2016 pro
654 1974 849 2018 republica
870 1988 970 2008 arma
991 1982 1165 2021 ceperunt.
1207 1977 1336 2008 Ibidem
1358 1977 1448 2015 XII,
1476 1987 1511 2017 7,
1539 1975 1605 2006 16.:
1637 1974 1818 2006 Idcircone
1839 1985 1927 2017 saga
1949 1986 2044 2005 sum-

165 2025 320 2067 psimus,
353 2037 454 2058 arma
477 2027 653 2070 cepimus?
697 2028 819 2059 Caesar
840 2028 880 2059 B.
905 2029 948 2060 G.
973 2029 1023 2069 V,
1055 2030 1124 2061 26.:
1163 2029 1276 2069 Quom
1295 2029 1450 2062 celeriter
1472 2028 1584 2061 nostri
1609 2038 1709 2059 arma
1732 2027 1899 2070 cepissent
1919 2044 1963 2050 —-
1984 2027 2045 2059 de-

169 2082 310 2120 sperata
341 2087 378 2109 re
411 2079 524 2111 lzostes
556 2092 635 2111 suos
663 2080 707 2112 ab
728 2082 988 2125 oppugnatione
1017 2083 1239 2114 reduxerunt.
1283 2081 1414 2113 Ibidem
1437 2082 1479 2113 L.
1502 2081 1582 2113 VII·
1607 2080 1645 2112 C.
1668 2080 1752 2112 IV.:
1787 2081 1967 2119 hortatur,
2005 2085 2044 2111 ut

171 2130 350 2162 connzu-nis
372 2130 544 2163 libertatis
567 2145 690 2165 caussa
712 2145 811 2166 arma
835 2135 987 2178 capiant.
1030 2135 1123 2167 Nolo
1144 2135 1245 2177 plura
1267 2135 1368 2166 huius
1391 2133 1572 2166 locutionis
1595 2133 1753 2175 exempla
1774 2132 1922 2172 adferre,
1959 2143 2044 2175 quae

169 2180 352 2213 innumera
374 2193 418 2215 ex
440 2184 559 2223 Liuio,
584 2196 628 2216 ex
648 2185 829 2227 Sallustio,
853 2198 897 2218 ex
920 2187 1056 2227 Tacito,
1081 2187 1201 2219 Curtio
1223 2188 1366 2230 aliisque
1387 2186 1512 2218 adferri
1534 2192 1684 2230 possunt.
1728 2186 1783 2217 Ex
1806 2185 1962 2217 omnibus
1982 2196 2045 2227 pa-

171 2233 276 2275 tebit,
308 2236 399 2276 quod
422 2236 513 2277 dixi,
550 2250 650 2270 arma
672 2250 792 2282 capere
819 2239 908 2272 nihil
935 2252 1006 2272 esse
1033 2241 1119 2272 aliut
1145 2239 1212 2271 nisi
1234 2253 1269 2273 se
1290 2253 1438 2274 armare.
1483 2241 1608 2272 Contra
1631 2250 1764 2272 sumere
1785 2249 1885 2270 arma
1905 2237 2046 2269 adtende

172 2285 210 2318 in
231 2288 389 2320 omnibus
411 2288 504 2329 fere,
539 2301 623 2332 quae
645 2292 712 2322 iam
734 2293 930 2334 prolaturus
952 2305 1044 2333 sum,
1078 2294 1244 2336 exemplis
1268 2305 1325 2333 eo,
1361 2305 1461 2335 quem
1485 2293 1648 2336 exposui,
1681 2303 1781 2324 sensu
1801 2291 1877 2322 dici.
1925 2290 2044 2322 Cicero

175 2338 314 2372 Tuscul.
337 2341 369 2380 Ι,
393 2341 445 2380 55,
470 2342 539 2375 86.:
570 2344 696 2376 Utrum
718 2345 843 2388 igitur,
866 2347 897 2378 si
918 2352 994 2379 trem
1015 2352 1102 2379 esset
1124 2347 1295 2379 extinctus
1318 2345 1540 2389 (Pompeius),
1563 2359 1586 2378 a
1608 2346 1703 2378 bonis
1724 2345 1835 2383 rebus,
1859 2357 1905 2376 an
1927 2357 1950 2376 a
1971 2356 2046 2376 ma-

175 2390 221 2423 lis
253 2393 489 2428 discessisset?
523 2402 614 2429 certe
642 2410 665 2430 a
686 2399 841 2431 miseris.·
880 2411 946 2431 non
974 2401 1065 2432 enim
1096 2411 1174 2432 cum
1201 2411 1314 2431 socero
1344 2399 1471 2432 bellum
1495 2400 1679 2443 gessisset,-
1717 2410 1784 2430 non
1813 2398 2046 2441 inparatus

177 2455 305 2477 arma
324 2449 618 2493 sumpsisset3
653 2457 730 2482 etc..
776 2451 856 2493 Quo
883 2452 959 2483 Ioco
980 2453 1049 2484 iam
1078 2464 1121 2483 ex
1147 2463 1205 2492 eo,
1240 2451 1331 2494 quod
1360 2452 1642 2496 praepositumst,
1679 2451 1863 2494 inparatus
1893 2455 2044 2492 apparet,
