2185 2720
929 133 954 161 c
974 131 1004 160 A
1024 132 1065 162 P.
1103 130 1179 160 XII.
1204 128 1232 170 §-
1258 135 1304 162 30.
1324 136 1370 162 31.
2036 138 2090 164 105

195 209 364 253 exposuit.
395 208 514 241 >Addo
535 219 599 251 pro
622 207 660 238 P.
684 205 779 238 Sulla
802 207 840 238 C.
864 207 944 240 VII.
973 207 1003 249 §.
1026 217 1078 238 21.
1101 206 1175 239 Hic
1199 206 1253 237 ait
1275 218 1311 237 se
1333 205 1411 243 ille,
1435 206 1579 245 iudices,
1603 216 1752 250 regnum
1772 218 1886 240 meum
1898 206 2000 251 ferre
2023 219 2090 239 non

190 271 300 305 posse.
342 261 446 301 Quod
467 262 622 300 tandem,
649 260 844 304 Torquate,
867 261 1039 303 regnum?
1061 256 1262 290 consulatus
1285 259 1385 290 credo
1408 259 1487 291 mei.

278 325 373 357 Iac-is
395 324 585 362 adulteria,
610 335 698 366 quae
719 336 817 355 nemo
840 335 908 355 non
930 323 1029 355 modo
1052 320 1200 358 nomine,
1222 327 1274 352 set
1296 333 1339 353 ne
1358 321 1553 364 suspicione
1574 322 1712 365 quidem
1728 322 1844 365 possit
1864 323 2089 367 adgnoscere)

190 378 269 410 Nec
286 376 475 409 Lambinus
499 375 572 407 uim
593 375 693 406 uerbi
716 377 852 408 nomine
877 375 1054 407 adsecutus
1081 379 1147 412 est,
1182 373 1242 415 qui
1264 373 1417 405 correxit
1440 375 1605 413 crimine,
1628 384 1691 404 nec
1716 374 1901 415 Graeuius,
1934 375 1993 418 qui
2022 387 2086 418 pro

189 430 335 462 crimine
357 428 486 459 dictum
506 435 615 472 putat.
660 429 815 460 Pertinet
836 435 951 460 autem
972 427 1012 459 ad
1037 426 1199 464 uerbum,
1224 436 1292 467 qno
1315 438 1394 458 usus
1418 433 1491 458 erat
1512 426 1724 465 Laterensis,
1759 427 1964 468 bimaritus3
1995 427 2088 459 unde

190 481 290 522 dicit,
324 488 364 514 ut
388 480 495 513 uerba
521 481 628 513 etiam
642 481 781 526 fingas.
826 482 981 515 Uerbum
1010 479 1116 522 igitur
1145 478 1331 511 bimaritus
1354 485 1428 510 tum
1450 490 1590 510 nouom.
1624 479 1852 511 ERNESTIUS.
1896 481 1974 512 Hoc
2005 480 2087 511 dicit

189 534 329 566 Cicero:
354 532 470 565 Obicis
494 532 663 566 adulteria
686 535 840 573 Plancio,
867 545 975 575 eoque
997 533 1148 575 appellas
1170 531 1328 571 nomine,
1359 531 1454 562 cuius
1476 530 1776 573 significationem,
1807 539 1845 564 ut
1866 534 1966 566 uerbi
1988 539 2086 565 antea

187 597 376 628 numquam
397 585 573 628 usurpati,
598 598 711 630 neque
736 594 853 619 tenere
877 586 1057 629 quisquam
1079 590 1210 628 potest,
1234 595 1346 626 neque
1370 583 1557 614 diuinando
1580 583 1730 625 adsequi.

272 647 503 690 Bimaritum)
547 648 733 681 Bimaritus
766 656 816 681 est
839 649 985 681 duarum
1012 647 1200 678 mulierum
1220 647 1293 688 uir,
1332 652 1371 678 ut
1393 645 1511 679 biuira
1535 645 1655 678 Catoni
1681 648 1773 691 apud
1794 650 1966 691 Nonium,
2000 660 2085 692 quae

187 701 272 733 duos
293 699 414 732 habuit
435 699 540 732 uiros.
561 701 654 733 Male
677 702 827 745 explicat
847 701 994 735 Nonius.
1040 700 1249 737 GRAEUiUS.

269 763 481 807 Inpunitum
508 764 545 795 in
575 765 760 797 maledicto
791 761 1024 806 mendacium)
1068 761 1224 804 Requiro
1260 761 1431 804 cognitam
1469 761 1567 794 nobis
1598 762 1711 795 Orelli
1745 765 1986 806 prudentiam,
2024 764 2083 808 qui

186 812 358 863 corrigere
381 826 483 857 quam
505 817 678 860 explicare
700 817 878 855 maluerit3
910 814 1077 846 nimirum
1100 813 1217 857 spuria
1239 820 1349 845 censet
1375 815 1411 845 in
1434 816 1637 855 maledieto,
1667 827 1779 858 neque
1801 817 1969 861 intellegit
1991 819 2084 850 hunc

185 879 323 901 sensum
347 879 418 899 esse
441 869 601 911 elegantis
623 869 823 909 locutionis,
845 874 883 899 ut
906 867 1013 906 dicat,
1036 872 1278 909 praeterquam
1301 866 1392 909 quod
1418 867 1639 898 maledictum
1662 867 1728 898 hoc
1751 875 1810 908 est,
1835 870 1936 902 etiam
1958 870 2084 902 falsum

186 926 247 952 est.
314 919 384 952 Cic.
411 932 475 964 pro
496 922 622 952 Scauro
645 922 696 961 II,
733 922 781 953 15.
803 932 839 964 p.
866 921 936 953 162.
960 919 1071 951 Beier.
1101 920 1266 963 inpunita
1296 919 1489 951 mentiendi
1515 919 1669 953 licentia.
1713 921 1857 954 Fictum
1885 935 1953 956 non
1981 923 2082 956 modo

186 973 335 1012 crimen,
357 978 409 1004 set
427 974 652 1006 maledictum
676 973 800 1005 dicitur
825 973 928 1005 etiam
950 983 1014 1015 pro
1039 971 1184 1003 Fonteio
1210 971 1291 1003 XII.
1317 972 1347 1013 ς.
1372 982 1443 1013 27..
1488 971 1642 1003 BAmt-s.

268 1037 427 1079 Raptam
450 1048 522 1069 esse
543 1038 746 1077 mimulam3
781 1036 874 1081 quod
895 1035 1026 1067 dicitur
1048 1035 1180 1068 Atinae
1192 1033 1339 1078 factum
1361 1047 1384 1066 α
1407 1034 1603 1078 iuuentute)
1647 1036 1842 1078 Legebatur
1869 1050 1933 1081 pro
1956 1039 2082 1072 iuuen-

183 1092 259 1120 tute
283 1093 362 1119 ante
383 1088 611 1120 Garatonium
633 1091 768 1121 iuuene.
813 1089 972 1128 „Eratne
995 1098 1099 1118 senex
1122 1093 1197 1118 tum
1219 1086 1376 1118 Plancius
1405 1085 1598 1128 designatus
1622 1088 1765 1122 aedilis?
1802 1091 1957 1122 minume
1978 1103 2080 1131 uer03

182 1151 226 1172 ne
256 1140 286 1172 si
313 1146 422 1171 aetate
452 1141 591 1183 quidem
624 1141 795 1173 consulari
819 1140 949 1173 suisset.
994 1140 1063 1172 Res
1086 1140 1159 1182 ipsa
1183 1140 1391 1182 postulabat,
1437 1138 1566 1170 nedum
1589 1140 1749 1172 Tulliana
1769 1143 1994 1184 consuetudo,
2039 1150 2078 1175 ut

185 1193 228 1226 ab
250 1193 469 1226 adulescente
492 1193 673 1226 diceretur.
717 1194 877 1236 Denique
905 1193 953 1225 sic
974 1192 1130 1224 Plancius
1160 1204 1231 1223 nou
1252 1198 1419 1235 purgatur
1441 1191 1540 1223 satisz
1579 1193 1711 1225 dicitur
1729 1193 1874 1236 factum
1899 1209 1922 1228 a
1943 1197 2080 1236 iuuene,

184 1245 245 1277 uel
272 1245 506 1288 adulescente,
538 1253 589 1278 set
610 1253 726 1279 uetere
753 1247 902 1291 quodam
932 1247 1030 1278 iure.-
1070 1244 1214 1284 deinde,
1251 1257 1329 1276 cum
1358 1244 1515 1283 licuerit,
1560 1250 1674 1277 tamen
1693 1244 1836 1289 falsum
1871 1249 2080 1292 reperiatur.

183 1297 368 1340 Egregiam
389 1297 504 1340 itaque
527 1299 733 1330 medicinam
744 1299 926 1330 Bauaricus
953 1299 1114 1340 [quocum
1140 1297 1307 1328 consentit
1320 1295 1543 1338 Ersurtensis]
1568 1296 1689 1336 adfert,
1716 1310 1793 1330 cum
1817 1301 1957 1333 exhibet
1978 1315 2001 1334 a
2023 1304 2079 1335 iu-

183 1356 338 1384 uentute.
380 1350 576 1383 AtInatium
598 1352 758 1383 iuuentus
780 1352 961 1383 mimulam
983 1350 1135 1393 rapuisse
1162 1349 1303 1387 dicitur,
1336 1348 1428 1390 quod
1452 1349 1489 1379 in
1511 1349 1552 1380 iis
1575 1349 1658 1381 locis
1680 1350 1810 1393 inpune
1831 1355 1962 1387 solebat
1982 1355 2077 1395 fieri3

182 1402 221 1434 in
242 1414 283 1434 eo
305 1414 450 1435 numero
464 1404 640 1436 Plancium
659 1404 773 1436 fuisse.
818 1405 877 1436 Set
897 1403 986 1435 nihil
1008 1403 1051 1434 ad
1072 1402 1261 1434 faciendam
1284 1401 1388 1432 fidem
1410 1400 1583 1440 adfermr3
1606 1414 1694 1434 uana
1711 1404 1817 1446 igitur
1838 1407 1984 1449 suspicio
2009 1414 2077 1447 est3

182 1467 255 1488 nou
278 1455 447 1487 interfuit.
490 1457 674 1488 quentute
698 1469 804 1500 porro
827 1456 1021 1488 continetur
1043 1454 1287 1493 adulescentia3
1327 1459 1378 1492 et,
1414 1454 1442 1485 si
1464 1465 1626 1486 maxume
1657 1468 1773 1489 omnes
1799 1457 1929 1491 fuerint
1957 1460 2078 1492 adule-

182 1513 329 1547 scentes,
352 1507 420 1538 diei
441 1509 629 1541 conlectiue
652 1511 817 1542 iuuentus
840 1509 974 1547 debuit3
997 1508 1152 1539 Plancius
1175 1513 1306 1545 autem,
1332 1505 1391 1548 qui
1414 1512 1504 1537 certe
1529 1506 1585 1538 uir
1607 1514 1695 1548 erat,
1719 1509 1829 1541 adhuc
1851 1511 1985 1544 iuuenis
2009 1513 2076 1545 dici

183 1566 338 1603 poteratg,
371 1560 448 1591 uiro
473 1567 507 1592 et
528 1561 601 1592 seni
627 1561 814 1604 opponitur
840 1562 1052 1600 adulescens,
1081 1572 1152 1592 nou
1174 1559 1307 1590 iuuenis
1334 1559 1454 1590 uir0.“
1487 1560 1751 1593 GARATONIL‘S.
1797 1563 1991 1597 Simjlluma
2021 1578 2076 1599 res

181 1618 342 1645 narratur
363 1624 383 1643 a
404 1613 508 1644 Liuio
528 1614 579 1652 II,
608 1613 658 1645 18.
702 1615 836 1647 Romae
861 1627 939 1647 cum
957 1626 1024 1658 per
1047 1614 1147 1646 ludos
1169 1612 1211 1645 ab
1234 1612 1444 1644 Sabinorum
1466 1613 1648 1645 iuuentute
1667 1626 1730 1657 per
1753 1615 1939 1649 lasciuiam
1961 1626 2076 1652 scorta

181 1669 400 1708 raperentur.
445 1666 606 1697 Ceterum
629 1665 787 1698 iuuentus
810 1667 874 1698 ista
896 1667 1076 1709 oppidana,
1101 1666 1195 1697 cuius
1218 1664 1428 1696 mentionem
1451 1665 1602 1697 seruauit
1615 1666 1797 1699 Bauaricus
1822 1668 1870 1710 [et
1890 1669 2077 1703 Erfurten-

179 1717 258 1759 sis],
280 1716 350 1747 iam
371 1717 496 1749 ueteris
522 1718 574 1749 rei
594 1718 750 1761 publicae
772 1725 930 1762 tempore
954 1731 1017 1761 per
1039 1718 1172 1760 singula
1194 1716 1379 1758 municipia
1403 1717 1554 1758 conlegia
1576 1717 1714 1750 uidetur
1736 1721 1966 1762 constituisse,
1992 1735 2076 1766 qnae

180 1781 259 1802 suos
281 1775 462 1812 patronos,
489 1776 679 1809 curatores,
707 1771 901 1812 magistros,
930 1777 1190 1813 quaestoresque
1214 1769 1399 1807 habebant,
1424 1780 1462 1799 ac
1485 1768 1602 1801 diebus
1625 1770 1718 1803 festis
1743 1784 1882 1815 operam
1906 1776 2076 1809 nauabant

180 1822 271 1854 ludis
295 1822 515 1854 celebrandis.
560 1823 700 1866 Saepius
722 1825 872 1855 quenes
895 1829 929 1854 et
950 1825 1122 1856 quentas
1144 1823 1209 1853 hoe
1232 1834 1332 1853 seusu
1355 1822 1388 1852 in
1413 1821 1582 1863 lapidibus
1606 1832 1860 1867 memorantur,
1888 1827 1996 1859 ueluti
2019 1840 2073 1872 ap.

182 1876 285 1907 Grut.
314 1875 393 1914 262,
425 1886 456 1906 2.
494 1876 644 1908 quenes
674 1875 857 1919 B‘epesini.
902 1876 980 1915 566,
1013 1877 1042 1908 6.
1079 1875 1236 1918 Collegia
1265 1876 1431 1907 iuuenum
1459 1875 1725 1910 Brixianorum.
1768 1878 1912 1911 Bianchi
1939 1882 2074 1914 May-mi

180 1927 375 1960 Cremonesz'
395 1938 430 1969 p.
460 1929 529 1961 155.
553 1929 739 1960 quentati
759 1929 978 1961 Artanorum
993 1929 1117 1971 posuit
1138 1928 1335 1971 collegium.
1378 1927 1538 1958 Morcelli
1560 1928 1601 1959 de
1625 1929 1702 1960 stilo
1724 1930 1896 1974 Inscriptt.
1920 1943 1949 1972 2,
1972 1945 2006 1976 p.
2020 1936 2072 1966 55.

179 1982 231 2014 Μ.
253 1980 342 2011 Silio
363 1980 606 2024 Epaphrodito
628 1982 785 2013 Patrono
808 1981 973 2012 Seuirum
999 1980 1095 2023 Aug.
1122 1981 1301 2022 ,Magistro
1325 1981 1491 2012 iuuenum
1521 1981 1660 2013 iterum.
1704 1983 1855 2016 quenes
1876 1985 2072 2029 Lucofero-

179 2044 298 2066 nenses
327 2037 475 2075 patrono
505 2033 544 2064 ob
572 2035 716 2074 merita,
750 2034 843 2078 quod
862 2033 1172 2076 Amplzitlzeatrzmz
1195 2032 1265 2064 Col.
1290 2031 1360 2064 Iul.
1387 2032 1510 2065 Felici.
1538 2033 1705 2077 Lueofer.
1733 2035 1769 2068 S.
1790 2036 1835 2069 Ρ.
1856 2037 1899 2069 F.
1929 2039 2070 2072 declica-

178 2088 299 2129 uitque
321 2085 368 2116 L.
390 2084 438 2116 D.
459 2085 507 2117 D.
527 2086 576 2118 D.
621 2088 722 2119 Grut.
752 2098 809 2128 19,
838 2086 868 2117 5.
906 2086 1085 2118 Patronus
1109 2086 1277 2117 iuuenum
1303 2084 1442 2116 Trebul.
1465 2086 1653 2118 Mutuesc..
1700 2087 1834 2119 Gudius
1857 2089 1916 2131 49,
1941 2102 1970 2133 9.
2001 2092 2070 2123 Cu-

178 2144 276 2172 rator
295 2138 393 2169 lusus
419 2137 596 2177 iuuenum,
622 2138 713 2181 quod
735 2150 859 2170 munus
883 2144 1095 2169 memoratur
1118 2138 1219 2168 etiam
1241 2148 1295 2179 ap.
1316 2137 1417 2168 Grut.
1438 2136 1511 2175 588,
1536 2138 1566 2169 5.
1594 2143 1623 2168 et
1644 2137 1718 2178 450,
1742 2151 1771 2179 7.
1795 2140 1923 2172 Murat.
1941 2143 2013 2181 620,
2041 2156 2068 2175 1.

177 2192 224 2223 ib.
248 2192 329 2230 652,
357 2201 387 2222 2.
412 2189 588 2232 Collegius
611 2190 683 2234 (sie)
708 2191 882 2223 quenum
904 2191 1108 2233 (Anagniae)
1132 2191 1289 2223 Patrono
1312 2189 1532 2231 dignissimo,
1558 2190 1596 2222 ob
1620 2197 1823 2224 renouatum
1845 2193 1887 2224 ab
1910 2206 1947 2225 eo
1970 2195 2068 2229 lusus

177 2245 362 2282 iuuenum,
388 2243 480 2286 quod
499 2248 673 2276 uetustate
696 2250 888 2287 temporum
899 2242 1029 2287 fuerat
1052 2242 1283 2275 obliteratum.
1327 2242 1416 2274 Gori
1437 2242 1512 2273 Etr.
1540 2254 1572 2282 1,
1596 2243 1668 2275 503.
1701 2244 1873 2285 Quaestor
1892 2246 2068 2280 quenum

177 2297 404 2329 Ostiensium.
448 2295 652 2328 ORELLIUS.

262 2359 293 2399 §.
316 2357 369 2389 51.
412 2359 575 2391 Emissus
597 2357 710 2400 aliqui
729 2369 747 2389 e
769 2357 918 2401 carcere)
961 2357 996 2390 A
1019 2357 1176 2397 Plancio,
1201 2368 1279 2388 cum
1300 2357 1458 2389 tribunus
1480 2357 1589 2400 plebis
1616 2364 1712 2390 esset.
1735 2359 1952 2393 MAXUTIUS.
1998 2363 2065 2394 Ce-

174 2418 288 2443 terum
309 2410 393 2442 haec
413 2412 519 2444 uerba
545 2422 563 2442 e
584 2409 778 2443 Laterensis
802 2411 956 2441 oratione
977 2411 1179 2443 Ciceronem
1200 2409 1330 2442 referre
1352 2409 1580 2442 tenendumst.

1581 2472 1586 2476 '
1603 2468 1639 2494 26
