2185 2720
106 191 141 216 ffl,
764 172 1330 204 COMMENTARIUS.

109 259 228 290 honorz
254 253 455 286 muiderunt
479 262 563 288 men,
589 255 703 281 tamen
725 262 786 283 uos
801 250 982 282 uniuersos
1006 250 1043 282 in.
1059 248 1195 281 consule
1218 245 1400 290 deligendo
1416 245 1624 289 plurumum
1648 248 1778 281 uidisse
1790 249 1991 294 fitteaniltr.

113 310 192 350 Quo
215 307 289 338 loco
312 305 341 337 si
363 316 396 335 11.
427 303 566 335 honoris
592 302 722 343 uolgari
753 302 998 345 significatione
1028 302 1146 333 Cicero
1176 305 1387 342 usurpasset,
1425 309 1494 329 non
1527 298 1747 342 inuiderunt,
1783 314 1860 333 cum
1891 301 1994 334 modo

114 360 266 391 iuiuisset
289 356 518 394 consulatum,
550 359 601 385 set
623 354 783 386 inuideat
809 355 960 386 dixisset.

200 410 337 444 Honori
362 409 516 440 uiderem
541 419 611 438 esse
624 405 819 450 fauitores)
867 408 948 439 Non
976 406 1048 438 sine
1071 416 1184 436 caussa
1209 403 1328 435 Cicero
1360 409 1394 434 et
1415 402 1470 434 hic
1489 402 1689 446 fauitorem
1712 406 1783 436 e‘sse
1805 406 1915 438 alicui
1944 406 1999 438 di-

116 465 168 497 xit
191 470 223 494 et
245 474 307 505 pro
332 462 456 492 Scauro
478 471 512 502 p.
539 459 589 491 24.
614 458 666 489 ed.
690 459 772 490 Mai.
795 470 875 490 sec-t
900 460 1041 491 deornm
1065 457 1306 489 inmortalium
1327 467 1453 488 numen
1476 454 1653 498 inplorare
1668 461 1804 499 potero,
1828 458 1888 501 qui
1909 471 1998 490 sem-

115 529 177 561 per
201 516 391 548 extiterunt
413 513 494 544 huic
513 512 636 555 generi
658 511 856 555 nominique
872 510 1048 555 fautores.

203 564 401 607 Fauitores)
425 564 451 594 Β
470 563 669 607 fimitwes,
704 562 864 604 idemque
887 574 968 594 mox
993 564 1075 595 huic
1097 575 1167 594 ace.
1192 558 1477 602 esse‘fauz'tores.
1521 558 1653 590 Tamen
1681 558 1716 590 in
1745 560 1865 593 eodem
1894 562 2000 594 uerbo

118 632 146 652 c.
172 620 222 651 23.
246 618 334 649 nihil
357 615 529 646 uarietatis
559 621 709 647 notatur.
753 615 830 646 Hoc
855 614 884 646 si
905 615 945 645 ab
970 615 1043 657 ipso
1071 613 1189 645 Tullio
1217 623 1286 643 non
1316 611 1383 643 fuit
1411 611 1536 654 (neque
1568 610 1659 641 enim
1689 610 1792 644 fuisse
1822 614 2004 658 contendo)

119 678 209 704 certe
231 671 272 701 ab
295 669 433 701 homine
455 668 664 709 antiquitatis
691 667 842 699 studioso
865 667 1053 699 subiectum
1077 665 1152 697 fuit.
1197 664 1287 696 Uide
1309 665 1461 696 Dousam
1490 661 1533 693 ad
1554 663 1727 695 Lucilium
1750 676 1784 707 p.
1808 666 1880 708 4¹7·
1895 689 1905 698 .
1949 668 2005 699 Ne

120 723 297 756 Sallustius
323 721 460 763 quidem
483 720 679 762 usurpauit,
703 725 786 761 aput
811 731 911 761 quem
925 718 1054 762 fautor
1077 719 1148 750 sine
1171 717 1334 748 uarietate
1356 716 1407 747 bis
1431 714 1574 756 legitur,
1601 715 1672 757 Iug.
1699 718 1792 757 CIII,
1818 730 1848 760 7.
1869 719 2004 762 Fragm-

120 777 186 815 III,
214 776 281 807 15..
306 775 566 805 GARATONIUS.
614 772 700 802 Cum
731 777 863 802 certum
891 772 952 811 sit,
994 783 1014 802 a
1036 771 1184 802 librariis
1209 768 1355 799 rariores
1384 767 1571 798 uerborum
1594 767 1719 800 formas
1743 776 1776 801 et
1797 771 2006 812 antiquiores

120 828 265 860 sublatas
290 825 402 868 potius
428 835 529 866 quam
554 824 674 855 inlatas
697 824 734 855 in
756 830 913 854 ueterum
936 824 1142 865 scriptorum
1168 826 1389 852 monumenta
1412 831 1498 860 esse,
1523 820 1595 851 sine
1619 820 1829 853 dubitatione
1852 824 2006 856 Bauarici

120 879 324 920 scripturam
346 875 576 920 recipiendam
599 876 698 916 duxi,
722 875 923 919 praesertim
946 887 1023 906 cum
1047 874 1170 906 codicis
1193 874 1286 905 illius
1307 884 1327 904 a
1351 872 1582 904 Grammatico
1605 873 1764 905 recensiti
1785 875 1919 906 nullum
1942 888 2006 907 ex-

120 938 170 962 tet
192 929 385 971 uestigium.

206 984 365 1015 Meorum
391 988 582 1025 temporum
606 982 806 1013 memoriam
828 980 1040 1025 siffragari)
1083 978 1257 1022 Populum
1278 978 1474 1010 Romanum
1495 989 1572 1010 mea
1593 983 1766 1020 tempora,
1798 978 1834 1010 id
1860 985 1910 1011 est
1933 979 2008 1011 exi-

122 1036 207 1067 lium
228 1034 464 1065 recordantem
487 1033 613 1065 fauere.

208 1088 319 1127 Quom
341 1093 458 1119 autem
479 1087 655 1124 audirem,
679 1097 770 1117 meos
786 1086 924 1129 partim
946 1085 1103 1117 inimicos
1123 1084 1257 1128 partim
1279 1084 1418 1117 inuidos
1440 1085 1521 1117 huic
1547 1095 1616 1115 aec.
1639 1095 1711 1115 esse
1723 1082 1824 1127 fau„
1847 1084 2008 1116 eandem-

123 1153 187 1185 que
214 1152 281 1171 rem
308 1140 387 1171 adn.
412 1152 483 1170 esse
506 1139 542 1169 in
566 1139 638 1169 ind.
663 1137 721 1169 Cn.
744 1138 901 1178 Plancio,
928 1149 1015 1181 quae
1038 1137 1073 1168 in
1094 1136 1404 1179 pet.f.adiutrix:
1419 1154 1462 1160 —
1484 1134 1627 1178 benefici
1651 1135 1873 1179 sempiterna)
1896 1138 2008 1181 Nemo

125 1194 211 1224 uidit
236 1193 482 1232 interpretum,
506 1190 638 1232 egregia
661 1196 732 1220 arte
757 1191 956 1222 Ciceronem
980 1189 1015 1219 in
1038 1188 1112 1230 ipso
1139 1190 1282 1220 exordio
1310 1189 1492 1220 beueuolos
1516 1188 1579 1219 sibi
1602 1187 1754 1219 iudicum
1776 1187 1907 1219 animos
1929 1187 2011 1219 red-

123 1246 203 1276 dere
226 1244 372 1276 studere.
419 1243 513 1284 Quos
538 1254 741 1284 quamquam
765 1243 827 1273 sibi
852 1241 1123 1280 inimicissumos,
1148 1247 1182 1271 et
1205 1241 1246 1272 ob
1270 1242 1304 1272 id
1328 1242 1441 1284 ipsum
1463 1240 1674 1272 aduersarios
1699 1252 1769 1272 esse
1782 1240 1898 1271 Planci
1913 1252 2011 1273 caus-

123 1310 197 1336 sae,
233 1296 323 1339 quod
350 1296 377 1326 is
412 1306 506 1325 snam
535 1296 677 1326 salutem
702 1294 955 1333 custodiuisset,
989 1299 1081 1324 certo
1105 1293 1249 1333 sciebat,
1291 1294 1326 1325 id
1350 1294 1441 1336 quod
1464 1306 1508 1326 ex
1533 1294 1614 1336 Cap.
1637 1295 1722 1326 XV.
1744 1293 1898 1335 intellegi
1919 1293 2010 1334 licet,

122 1358 237 1383 tamen
259 1349 306 1380 sic
329 1359 385 1378 eos
409 1347 624 1388 adloquitur,
649 1354 688 1378 ut
710 1347 801 1389 quod
824 1345 965 1385 sciebat,
989 1345 1144 1376 inimicos
1168 1347 1231 1377 sibi
1259 1359 1339 1387 esse,
1362 1346 1398 1377 id
1419 1346 1552 1377 audisse
1574 1357 1610 1377 se
1633 1352 1766 1377 tantum
1789 1357 1851 1376 nec
1872 1345 2012 1377 credere

126 1403 197 1434 ullo
221 1407 317 1444 pacto
345 1411 443 1443 posse
467 1399 622 1440 simulet,
646 1411 724 1430 cuni
747 1410 862 1430 omues
886 1398 1087 1429 beneuolam
1111 1399 1145 1429 in
1169 1411 1204 1431 se
1227 1400 1439 1431 uoluntatem
1462 1409 1501 1428 eo
1523 1397 1749 1436 ostenderint,
1774 1398 1865 1439 quod
1891 1398 1928 1429 in
1948 1410 2012 1442 pa-

126 1456 227 1486 triam
250 1466 284 1485 se
309 1452 539 1484 reuocandum
562 1453 645 1483 olim
669 1452 870 1483 censuerint.
916 1451 1033 1492 Itaque
1062 1457 1094 1482 et
1116 1451 1180 1482 sibi
1204 1464 1258 1483 eos
1287 1452 1409 1482 debere
1431 1450 1555 1481 amicos
1578 1461 1650 1481 esse
1672 1456 1705 1481 et
1728 1450 1866 1481 Plancio
1896 1457 2013 1482 osten-

127 1507 194 1545 dit,
220 1506 293 1548 qui,
317 1505 352 1536 id
376 1505 467 1546 quod
490 1505 693 1543 uoluissent,
723 1504 888 1541 effecerit,
920 1509 958 1534 ut
980 1503 1159 1535 incolumis
1186 1504 1221 1535 in
1247 1505 1389 1547 patriam
1417 1503 1530 1535 redire
1552 1502 1714 1545 potuerit.
1760 1503 1905 1545 Captare
1926 1515 2010 1535 uero

126 1558 399 1590 beneuolentiam
424 1568 542 1587 eorum
566 1568 604 1587 eo
628 1567 788 1588 maxume
810 1555 933 1595 studet,
961 1555 1052 1597 quod
1077 1556 1258 1588 inmortale
1280 1557 1429 1599 appellat
1452 1555 1662 1594 beneficium,
1690 1554 1782 1596 quod
1805 1555 1841 1587 in
1867 1556 2012 1588 comitiis

129 1611 170 1642 de
194 1610 407 1641 restitutione
429 1622 488 1641 sua
514 1610 635 1640 habitis
658 1609 815 1651 suffragia
838 1620 956 1639 eorum
979 1608 1116 1647 tulerit,
1155 1609 1294 1651 eiusque
1321 1609 1460 1640 benefici
1482 1608 1519 1639 in
1544 1619 1644 1639 omne
1666 1613 1800 1650 tempus
1824 1620 2014 1641 memorem

129 1675 163 1695 se
187 1662 261 1693 fore
283 1662 340 1692 ait·
368 1680 410 1685 —
455 1662 510 1693 Ex
534 1662 585 1692 his
609 1661 707 1692 facile
730 1666 887 1703 apparet,
934 1671 1035 1702 quam
1057 1667 1185 1692 temere
1208 1662 1384 1693 Ernestius
1412 1672 1476 1703 pro
1500 1661 1745 1692 aduersariam
1765 1672 1838 1693 esse
1859 1661 2012 1692 scriben-

130 1717 210 1747 dum
235 1716 479 1747 aduersariam
492 1714 577 1757 fore
599 1715 743 1756 putarit,
783 1713 963 1744 adnotans:
1008 1713 1129 1752 „Nam
1156 1714 1326 1755 quomodo
1353 1713 1467 1756 potuit
1492 1711 1620 1751 dicere,
1657 1724 1730 1744 esse
1756 1713 2011 1753 aduersariam,

130 1781 206 1800 cum
228 1768 393 1799 iudicium
418 1768 571 1798 noudum
595 1772 696 1804 esset,
740 1772 772 1797 et
793 1778 870 1796 cum
895 1765 966 1808 ipse
986 1771 1063 1808 post
1087 1765 1189 1804 dicat,
1231 1766 1357 1797 iudices
1382 1776 1452 1796 esse
1474 1765 1584 1796 omnis
1607 1765 1702 1804 talis,
1735 1776 1755 1795 a
1780 1765 1900 1807 quibus
1925 1765 2014 1797 nihil

129 1822 323 1853 timeat?“.
347 1820 523 1851 Nimirum
548 1830 617 1849 non
640 1818 727 1848 uidit
753 1818 947 1856 Ernestius‚
973 1819 1009 1850 in
1030 1819 1162 1850 iudicio
1186 1830 1256 1849 esse
1277 1818 1403 1849 dictum
1426 1829 1489 1860 pro
1510 1824 1596 1861 aput
1618 1818 1759 1858 iudices,
1784 1823 1822 1848 ut
1844 1817 1881 1849 in
1902 1830 2015 1850 mem-

130 1875 192 1905 bro
218 1872 374 1915 opposito
398 1874 435 1903 ia
453 1872 623 1916 petitione
647 1870 774 1900 dictum
797 1882 860 1912 pro
884 1877 971 1913 aput
991 1871 1160 1914 populum
1183 1872 1392 1903 Romanum.
1436 1870 1630 1902 Audiuerat
1653 1870 1793 1909 Cicero,
1818 1876 1857 1900 ut
1878 1870 1936 1910 ait,
1958 1871 2015 1903 iu-

131 1926 221 1957 dices
244 1936 262 1955 a
285 1926 469 1956 Laterense
493 1925 638 1955 delectos
663 1923 704 1953 ob
729 1934 801 1953 eam
825 1922 931 1964 ipsam
962 1934 1112 1953 caussam
1138 1922 1286 1954 infensos
1310 1923 1446 1955 Plancio
1477 1934 1565 1962 esse,
1607 1922 1649 1953 ob
1675 1933 1776 1965 quam
1800 1921 1882 1952 dicit
1902 1933 2016 1966 popu-

131 1980 205 2010 lum
230 1979 425 2009 Romanum
447 1977 489 2007 ad
513 1988 592 2007 eum
614 1975 820 2005 aedilitatem
845 1975 1014 2006 detulisse.
1060 1975 1177 2016 Itaque
1200 1976 1353 2007 minume
1376 1976 1427 2007 uti
1449 1981 1604 2017 tempore
1625 1974 1742 2005 futuro
1765 1975 1889 2017 potuit.
1933 1978 2016 2009 Non

132 2032 244 2063 miuus
268 2036 358 2060 recte
380 2029 481 2071 paulo
506 2034 582 2059 ante
607 2027 733 2057 dictum
757 2027 990 2060 accussationi
1011 2039 1083 2058 esse
1094 2027 1295 2070 fituitores3
1327 2028 1448 2070 quibus
1471 2027 1506 2057 in
1532 2027 1645 2058 uerbis
1672 2027 1729 2069 qui
1755 2039 1819 2070 pro
1834 2027 2016 2071 fauitoreg

134 2094 178 2114 ex
211 2082 505 2125 paucis-sumorum
536 2091 721 2121 eorumque
752 2091 990 2122 pessumorum
1022 2080 1177 2111 codicum
1209 2080 1411 2111 auctoritate
1428 2080 1601 2123 fauturos
1630 2080 1811 2123 legendum
1841 2087 2014 2123 putarunt,

136 2147 192 2167 eos
216 2135 376 2165 mirumst
401 2144 470 2162 non
493 2132 788 2171 animaduertisse,
828 2132 1043 2170 Ciceronem,
1084 2143 1161 2163 cum
1183 2133 1316 2163 habitae
1345 2133 1412 2163 iam
1436 2139 1545 2163 essent
1567 2139 1814 2165 accussatorum
1838 2134 2016 2175 orationes,

136 2199 203 2219 non
229 2188 274 2217 ita
297 2184 391 2226 loqui
415 2184 580 2226 potuisse,
612 2190 649 2213 ut
671 2183 825 2215 adiutum
849 2184 892 2215 iri
913 2184 953 2214 ab
976 2183 1122 2215 inimicis
1145 2185 1423 2223 accussationem,
1456 2191 1509 2216 set
1529 2185 1576 2215 ita
1599 2185 1770 2225 debuisse,
1803 2193 1842 2217 ut
1862 2182 2017 2218 adiuuari

139 2251 211 2270 eam
235 2239 274 2269 ab
298 2238 338 2268 iis
363 2237 498 2267 diceret.
544 2237 719 2267 Postremo
744 2243 875 2267 tantum
897 2236 1006 2274 abest,
1040 2242 1079 2267 ut
1101 2236 1260 2279 repetitio
1284 2237 1469 2268 uerborum
1491 2250 1562 2269 esse
1574 2236 1771 2281 fauitores,
1805 2248 1888 2280 quae
1909 2239 2016 2270 Lam—

138 2292 217 2321 biuo
242 2289 431 2331 displicuit,
464 2289 641 2330 quicquam
666 2289 786 2320 habeat
808 2289 1022 2327 offensionis,
1052 2294 1090 2319 ut
1112 2288 1261 2319 studiose
1285 2295 1317 2320 et
1339 2296 1416 2332 apte
1440 2291 1588 2332 quaesita
1610 2301 1629 2320 a
1651 2290 1766 2321 Tullio
1789 2289 2015 2332 intellegatur.

224 2343 392 2374 Dolebam
413 2359 456 2364 —-
478 2341 629 2381 texisset)
673 2341 800 2372 Adfert
821 2342 865 2373 A.
892 2341 1024 2372 Gellius
1048 2341 1092 2372 N.
1115 2341 1160 2372 Α.
1185 2341 1255 2379 ΙΧ,
1283 2352 1350 2372 12..

223 2394 403 2437 Infestior)
450 2395 556 2425 Sensu
588 2393 722 2436 passiuo
752 2394 807 2424 hic
837 2393 919 2434 dici,
959 2399 1167 2424 monuerunt
1198 2392 1331 2423 Gellius
1362 2393 1384 2424 1.
1408 2394 1431 2425 l.
1463 2400 1496 2425 et
1517 2394 1650 2426 Nonius
1680 2393 1860 2426 Marcellus
1883 2405 1917 2437 p.
1945 2406 2014 2439 129.

139 2447 190 2478 ed.
215 2447 290 2477 Par.
318 2446 430 2477 1614..
