2185 2720
904 122 929 152 c
949 123 978 151 A
998 125 1037 153 P.
1075 123 1202 153 XXIII.
1231 122 1257 163 ς.
1286 130 1331 155 55.
2007 135 2059 161 1:23

172 198 378 241 nestatisque
410 197 607 240 opinionem
637 208 674 228 ac
704 196 920 229 meritorum.
964 197 1055 231 Uide
1086 198 1161 230 Ind.
1194 198 1299 241 ipsius
1327 199 1410 230 Ern.
1441 211 1475 242 p.
1501 200 1593 242 470..
1638 202 1714 233 Hoc
1739 214 1900 237 maxume
1923 206 2058 237 Tullia-

171 263 254 283 num
280 258 347 290 est,
383 251 526 292 locoque
556 250 635 282 huic
663 261 824 281 maxume
852 257 987 293 aptum;
1022 252 1086 283 hoc
1116 252 1175 283 illa
1210 251 1471 294 praepositionis
1501 253 1664 285 eiectione
1694 256 1878 289 obtinetur.
1924 260 2056 290 Tamen

169 316 207 337 eo
221 303 374 347 facilius
396 303 438 336 ab
461 316 536 336 eam
558 315 732 341 caussam,
765 302 800 334 id
830 315 913 335 uero
944 305 1043 336 habet
1071 316 1149 336 meo
1180 304 1306 335 iudicio
1336 304 1596 337 redundantiam
1628 309 1796 349 quandam
1826 311 1916 342 ultra
1939 312 2055 354 copiae

166 357 346 388 Tullianae
368 356 520 388 modum.
566 355 652 386 Satis
674 354 827 398 profecto
850 364 936 397 erat,
971 364 1034 390 ant
1060 364 1097 390 eo
1111 358 1264 401 facilius
1287 359 1517 402 dignitatem,
1547 373 1649 403 quam
1673 362 1816 402 uolunt,
1845 376 2056 408 consequan—

166 415 237 443 tur.
278 410 395 452 Itaque
418 409 456 441 ob
479 421 553 441 eam
579 422 738 441 caussam
759 409 939 452 interpreti
961 411 1210 453 adscripserim;
1235 412 1288 442 cui
1312 411 1495 454 suspicioni
1519 412 1648 443 aditum
1672 414 1780 446 codex
1805 416 1864 447 ille
1886 416 2055 460 patefacit.

165 462 225 493 Set
253 462 295 494 ab
327 462 479 501 eiecisse,
518 461 562 492 sit
588 462 678 492 satis.
717 462 978 495 GARATONIUS.
1025 464 1111 496 Cum
1139 464 1235 495 nulla
1258 477 1397 507 prorsus
1421 464 1520 496 unius
1544 465 1665 496 Franci
1688 466 1767 498 libri
1790 469 1971 501 auctoritas
2000 469 2054 508 sit,

163 514 199 546 id
227 515 316 556 quod
339 515 375 545 in
398 514 530 556 Proleg.
556 515 597 545 L.
621 514 664 545 ΙΙ.
690 514 728 546 C.
750 515 776 545 Ι.
802 516 832 556 §.
859 516 908 547 16.
933 523 1151 554 ostensumst‚
1174 517 1394 560 minumeque
1416 517 1613 548 uei-osimile
1638 518 1699 557 sit,
1732 519 1908 562 librarios,
1940 522 1967 554 si
1992 528 2055 554 ant

162 580 200 600 eo
213 567 365 611 facilius
394 566 557 608 scriptum
588 566 834 609 repperissent,
871 579 909 599 ea
932 569 967 600 in
994 569 1165 600 locutione
1189 570 1377 602 offensuros
1401 577 1434 602 et
1457 570 1742 614 praepositionem
1766 574 1808 605 ab
1831 574 1934 607 fuisse
1958 575 2054 606 addi-

163 627 275 660 turos,
311 618 469 662 equidem
498 619 585 650 nihil
614 619 753 660 dubito,
792 620 875 662 quin
904 621 946 653 ab
976 635 1013 654 eo
1042 634 1085 654 ex
1108 622 1180 665 ipsa
1204 624 1248 655 sit
1270 624 1441 656 Ciceronis
1465 635 1568 654 manu
1596 623 1802 665 profectum.
1848 629 1969 670 Neque
1993 634 2052 666 est,

162 673 253 717 quod
277 673 422 705 uerbum
445 673 633 716 dignitatis
656 684 695 704 eo
720 685 786 716 quo
813 674 1017 707 Garatonius
1045 675 1120 705 uolt
1142 687 1242 706 sensu
1268 675 1394 707 dictum
1426 677 1647 720 accipiamus3
1688 689 1753 720 quo
1784 678 1873 710 facto
1903 692 1981 711 sane
2011 681 2052 712 (d)

160 740 198 761 eo
219 727 285 758 dici
307 738 377 758 non
400 726 522 768 potuit.
568 726 763 765 Ernestius,
803 727 861 769 qui
884 727 919 758 in
944 728 1038 759 Clau.
1065 727 1220 759 Ciceron.
1243 729 1371 759 multus
1395 736 1444 761 est
1470 730 1505 760 in
1529 729 1737 772 explicandis
1761 731 1861 764 huius
1885 733 1982 764 uerbi
2005 733 2052 764 si-

160 780 449 824 gnificationibus,
475 790 548 809 eam
570 779 679 821 ipsam
700 790 954 811 conmemorare
977 780 1108 819 omisit,
1143 792 1208 822 qua
1231 792 1307 811 cum
1330 781 1411 812 alibi
1434 788 1507 813 tum
1530 782 1586 813 hic
1608 790 1852 825 usurpatumst.
1899 787 2052 818 Conten-

161 834 212 865 dit
236 832 410 875 Manutius
439 831 481 862 ad
506 831 574 862 Cio.
599 832 687 874 Epp.
714 831 756 862 ad
778 832 859 863 Diu.
884 833 933 872 II,
969 844 1018 875 9.,
1075 833 1166 875 quod
1189 834 1247 865 alii
1282 834 1437 866 homines
1470 834 1559 865 docti
1589 844 1810 877 negauerant,
1854 841 1960 871 uerbo
1995 841 2050 872 di-

156 887 309 931 gnitatis
331 896 586 926 nonnumquam
610 885 660 915 nil
682 884 767 916 aliut
789 884 855 915 nisi
877 886 1056 925 honorem,
1088 885 1123 917 id
1148 892 1217 926 est,
1253 888 1503 930 magistratum
1525 887 1717 928 significari.
1764 891 1860 932 Quae
1883 893 2049 925 sententia

158 950 270 981 neque
292 950 373 969 uera
396 937 488 969 omui
512 948 554 967 ex
580 942 709 978 partest
734 949 844 979 neque
867 937 960 970 salsa.
1006 940 1073 970 Res
1098 940 1180 970 haec
1203 945 1261 970 est.
1288 941 1373 971 Cum
1398 941 1554 984 dignitas
1581 940 1653 982 ipso
1678 941 1859 976 definiente
1884 947 2048 978 Cicerone

160 992 202 1024 de
230 993 305 1023 Inu.
335 991 383 1030 II,
413 991 470 1028 55,
505 990 574 1021 166.
604 989 756 1021 alicuius
787 991 929 1024 honesta
962 997 995 1024 et
1025 993 1122 1024 culta
1146 993 1325 1024 ethonore
1348 999 1380 1024 et
1403 988 1612 1025 uerecundia
1635 995 1745 1038 digna
1768 1000 1962 1031 auctoritas
1991 999 2045 1038 sit,

159 1056 259 1076 nemo
282 1055 350 1074 non
373 1041 557 1083 intellegit,
580 1041 654 1072 fieri
678 1042 848 1082 debuisse,
879 1050 916 1075 ut
940 1044 1082 1087 dignitas
1107 1057 1182 1076 cum
1206 1045 1240 1075 in
1266 1057 1304 1076 eo
1329 1057 1399 1076 esse
1423 1046 1602 1085 diceretur,
1629 1048 1686 1089 qui
1708 1048 1954 1082 honestissuma
1977 1052 2048 1083 uita

157 1097 373 1129 maxumisue
396 1095 431 1125 in
452 1106 525 1125 rem
548 1093 719 1136 publicam
742 1095 873 1127 meritis
897 1096 1106 1139 istiusmodi,
1138 1109 1238 1140 quam
1264 1098 1381 1129 Cicero
1404 1105 1587 1137 memorat,
1618 1101 1851 1134 auctoritatem
1878 1105 1941 1136 sibi
1965 1117 2047 1136 con—

157 1156 325 1194 parasset,
356 1155 429 1180 tum
455 1159 538 1179 uero
564 1147 664 1178 etiam
689 1147 724 1177 in
749 1159 805 1187 eo,
836 1149 894 1190 qui
918 1161 1059 1181 munere
1085 1151 1138 1182 uel
1162 1151 1358 1192 magistratu
1382 1151 1547 1183 eiusmodi
1570 1151 1787 1196 fungeretur,
1818 1157 1875 1198 qni
1899 1157 2046 1188 admini-

156 1209 321 1237 strantem
347 1212 467 1243 magna
490 1200 633 1242 quadam
657 1206 690 1231 et
715 1201 807 1232 cultu
832 1208 864 1232 et
890 1202 1094 1233 uerecundia
1124 1202 1223 1245 digna
1246 1205 1446 1236 auctoritate
1481 1211 1626 1236 ornaret.
1671 1206 1725 1238 Ac
1752 1208 1876 1250 prioris
1908 1210 2045 1252 quidem

157 1255 410 1299 significationis
439 1255 595 1297 exempla
625 1254 736 1286 ubiuis
766 1260 845 1285 sunt
871 1255 987 1295 obuia,
1021 1256 1061 1286 ab
1085 1257 1243 1288 Ernestio
1269 1257 1369 1289 etiam
1398 1259 1420 1289 l.
1444 1259 1467 1289 l.
1492 1258 1656 1290 nonnulla
1682 1259 1809 1295 adlata;
1846 1263 2044 1304 posterioiis

158 1308 356 1351 exemplum
379 1313 472 1339 extat
494 1307 530 1338 in
553 1307 725 1339 Ciceronis
748 1308 836 1349 Epp.
866 1308 907 1338 ad
932 1309 1013 1340 Diu.
1039 1310 1088 1349 It,
1124 1322 1168 1352 9..
1208 1310 1241 1340 in
1273 1322 1337 1352 qna
1363 1311 1496 1349 Caelio,
1537 1310 1624 1352 quod
1657 1318 1742 1343 esset
1772 1313 1889 1345 aedilis
1919 1316 2045 1347 curulis

156 1362 281 1401 sactus,
310 1361 361 1392 his
384 1360 497 1392 uerbis
520 1361 728 1402 gratulatur:
759 1361 922 1393 Primam
946 1363 1029 1401 tibi,
1056 1369 1094 1395 ut
1121 1364 1236 1404 debeo,
1258 1365 1424 1407 gratulor
1447 1365 1623 1408 laetorque
1649 1378 1725 1397 cum
1741 1369 1938 1409 praesenti,
1970 1374 2043 1400 tum

155 1416 263 1449 etiam
289 1419 429 1457 sperata
462 1419 525 1445 tna
553 1414 739 1457 (lignitate.
785 1413 863 1455 Quo
892 1415 927 1445 in
951 1416 1024 1447 loco
1054 1418 1242 1459 dignitatis
1266 1418 1386 1448 maluit
1409 1417 1551 1448 uerbum
1575 1429 1703 1459 ponere
1727 1431 1827 1460 quam
1851 1421 2043 1463 magistra-

156 1474 232 1506 tus,
268 1466 345 1507 quia
375 1465 433 1507 qui
463 1466 669 1496 aedilitatem
693 1465 845 1497 curulem
868 1467 1009 1510 adeptus
1034 1477 1122 1507 erat,
1163 1471 1238 1511 plus
1265 1471 1478 1509 auctoritate,
1519 1482 1618 1512 qnam
1642 1471 1775 1501 muneri
1807 1471 1862 1503 isti
1885 1473 2040 1505 admotus

153 1519 438 1562 consequebatur,
483 1530 582 1560 quam
617 1518 776 1560 negoti1'8‚
816 1531 900 1561 quae
928 1521 1029 1552 aedili
1058 1523 1203 1563 gerenda
1235 1529 1345 1561 erant,
1391 1523 1519 1554 solebat
1557 1522 1714 1565 gaudere.
1761 1525 2041 1567 Consequebatur

153 1573 244 1605 enim
267 1571 384 1603 aedilis
408 1571 550 1611 curulis,
581 1577 666 1603 teste
690 1571 853 1603 Cicerone
876 1573 910 1604 in
934 1575 1035 1606 Uerr.
1060 1576 1109 1613 V,
1145 1576 1199 1614 rt,
1230 1576 1299 1614 56„
1331 1576 1558 1617 antiquiorem
1582 1576 1617 1606 in
1637 1582 1756 1607 senatu
1778 1578 1963 1609 sententiae
1988 1579 2041 1609 di-

153 1625 278 1658 cendae
300 1625 432 1662 locum,
463 1630 576 1666 togam
597 1630 827 1667 praetextam,
857 1624 974 1655 sellam
999 1628 1169 1666 curulem,
1202 1628 1253 1659 ius
1277 1629 1431 1670 imaginis
1453 1628 1494 1659 ad
1517 1629 1717 1660 memoriam
1741 1631 2043 1673 posteritatemque

152 1677 360 1722 prodendae.
404 1677 523 1718 Itaque
553 1677 699 1709 uerbum
722 1678 910 1721 ‹lig-nitatis
933 1689 1000 1709 non
1025 1680 1224 1723 simpliciter
1251 1692 1315 1723 pro
1339 1681 1536 1723 magistratu
1559 1692 1578 1711 a
1603 1681 1766 1713 Cicerone
1790 1695 1861 1715 esse
1892 1685 2040 1726 positum

149 1731 324 1765 Manutius
348 1729 491 1761 debebat
513 1730 736 1769 contendere,
775 1737 826 1762 set
848 1730 893 1761 ita
918 1731 999 1773 poni
1022 1743 1084 1774 pro
1109 1733 1323 1774 magistratu.
1366 1741 1402 1766 nt
1428 1735 1533 1775 magis
1556 1735 1783 1774 auctoritatis,
1827 1748 1909 1778 quae
1934 1744 1982 1769 est
2006 1739 2040 1769 in

150 1785 365 1827 magistratu,
391 1794 490 1824 quam
514 1793 712 1820 munerum,
737 1794 822 1824 quae
843 1783 978 1826 inponit
1002 1786 1231 1827 magistratus,
1255 1788 1340 1818 ratio
1364 1788 1537 1821 habetatum.
1563 1799 1765 1829 quamquam
1788 1789 1932 1822 seriores
1956 1791 2039 1822 seri-

150 1844 265 1881 ptores
301 1835 472 1877 dignitatis
502 1835 607 1866 uerbo
637 1835 778 1866 eandem
806 1835 1044 1868 adtribuerunt
1067 1839 1240 1870 notionem
1268 1847 1368 1882 atque
1398 1841 1623 1882 magistratus.
1671 1840 1725 1871 Sic
1755 1841 1886 1873 Plinius
1920 1844 1965 1874 H.
1994 1845 2036 1876 N.

150 1890 229 1923 Lib.
253 1888 298 1920 V.
330 1888 368 1919 C.
392 1888 418 1919 I.
448 1899 482 1931 p.
507 1888 579 1919 258.
608 1888 658 1918 ed.
682 1889 800 1919 Franz.
832 1889 925 1929 Quia
948 1891 1159 1934 dignitates,
1193 1892 1319 1934 inquit,
1356 1907 1433 1925 cum
1455 1894 1626 1936 indagare
1656 1905 1740 1925 uera
1757 1894 1902 1937 pigeat,
1938 1897 2039 1940 igno-

150 1943 288 1977 rantiae
311 1942 448 1984 pudore
472 1941 614 1972 mentiri
644 1954 711 1973 non
735 1942 848 1985 piget.
892 1943 947 1974 Ad
978 1945 1176 1975 l'lancianae
1208 1946 1367 1977 ‹ii-ationis
1391 1947 1502 1977 locum
1531 1952 1566 1977 ut
1588 1952 1812 1985 reuertamur,
1848 1946 1945 1978 facile
1969 1949 2035 1980 iam

147 1995 370 2036 intellegetur,
396 1999 574 2036 propterea
598 1993 794 2025 Ciceronem
818 1997 994 2028 conmunis
1017 1998 1094 2028 illos
1116 2010 1251 2029 reorum
1276 1999 1429 2030 inimicos
1452 1999 1575 2030 dixisse
1597 2011 1741 2041 sperare,
1766 1999 1849 2038 sore,
1874 2008 1909 2033 ut
1932 2014 1950 2032 a
1973 2014 2037 2045 po-

146 2049 230 2094 pulo
254 2047 296 2079 R.
321 2047 530 2090 dignitatemr
553 2059 657 2090 quam
678 2048 808 2079 uellent
830 2057 1130 2092 consequerentur,
1161 2063 1231 2082 non
1254 2058 1363 2083 autem
1388 2053 1656 2095 magistratum,
1687 2052 1775 2094 quod
1800 2052 1856 2094 qui
1880 2053 1925 2085 ita
1947 2067 2036 2086 sem-

147 2113 209 2146 per
231 2107 268 2132 ut
290 2099 341 2130 illi
364 2098 590 2130 testimonium
622 2100 661 2131 de
684 2101 811 2131 ambitu
836 2101 964 2143 dicunt,
1006 2116 1080 2135 eam
1104 2105 1145 2135 ob
1170 2116 1316 2135 caussam
1341 2105 1568 2136 aut-toritatem
1599 2104 1703 2146 inagis
1734 2111 1765 2135 et
1788 2107 1878 2137 cultu
1902 2107 2035 2148 dignam

148 2161 180 2187 et
204 2152 419 2190 uerecundia,
448 2164 531 2193 quae
554 2153 640 2184 inest
660 2153 694 2184 in
717 2153 978 2195 magistratibus,
1005 2169 1104 2199 quam
1130 2157 1238 2188 officia
1261 2157 1317 2188 uel
1339 2170 1495 2196 munera,
1522 2170 1605 2199 quae
1629 2158 1840 2200 inponuntur
1861 2159 2035 2201 magistra-

146 2208 251 2246 tibus,
290 2205 353 2236 sibi
384 2205 559 2237 tribuenda
590 2217 658 2236 esse
690 2218 708 2236 a
733 2207 861 2249 populo
888 2208 1063 2241 declarant.
1108 2211 1189 2241 Non
1220 2209 1309 2240 enim
1338 2215 1404 2240 tam
1428 2211 1565 2241 idoneos
1595 2222 1665 2241 sese
1689 2222 1726 2241 ea
1755 2223 1791 2242 re
1815 2211 1854 2242 ad
1880 2212 2030 2244 obeunda

146 2260 399 2302 magistratuum
422 2269 562 2289 munera
587 2259 777 2298 ostendunt,
805 2272 904 2301 quam
928 2262 1062 2304 dignos,
1088 2262 1209 2304 quibus
1233 2263 1408 2293 auctoritas
1431 2263 1489 2294 ista
1513 2263 1756 2305 magistratibus
1780 2276 1863 2306 quos
1885 2265 2033 2307 populus

147 2313 253 2344 defert
272 2312 446 2343 tribuatur.
470 2328 512 2335 —
557 2311 713 2343 Ceterum
737 2313 839 2343 uerba
869 2314 907 2345 ob
931 2327 1006 2347 eam
1029 2327 1204 2353 caussam,
1237 2326 1321 2356 quae
1346 2315 1530 2346 Garatonio
1553 2328 1622 2347 non
1646 2317 1757 2347 minus
1780 2323 1930 2359 suspecta
1957 2324 2028 2349 sunt

147 2366 238 2401 uisa,
275 2371 311 2395 ut
341 2364 449 2396 omitti
479 2363 626 2406 potuisse
655 2365 746 2396 salua
775 2367 936 2397 sententia
965 2368 1125 2403 concedo.
1160 2367 1202 2398 ita
1227 2375 1315 2399 recte
1338 2368 1410 2399 addi
1434 2368 1534 2399 etiam
1556 2381 1574 2399 a
1598 2369 1759 2401 Cicerone
1780 2370 1927 2413 potuisse
1950 2382 2031 2401 con-

145 2419 256 2452 tendo.
299 2418 509 2449 Simillumus
536 2417 629 2448 locus
658 2424 747 2449 extat
776 2418 810 2449 in
834 2428 914 2451 orat.
946 2421 1057 2453 Pison.
1091 2421 1129 2452 C.
1156 2421 1294 2453 XXIV.
1320 2422 1349 2463 ἓ.
1373 2422 1424 2463 57.
1455 2421 1566 2461 Quom
1589 2424 1741 2456 omnium
1764 2430 1904 2456 tuorum
1925 2424 2029 2456 scele-

1140 2478 1142 2481 ’
1576 2480 1611 2506 32
