2185 2720
818 144 843 174 c
863 143 892 173 A
911 145 953 174 P.
990 143 1152 173 xxxvi
1171 142 1199 183 §.
1219 148 1265 177 ss.
1284 147 1331 177 89.
1952 151 2007 179 225

141 221 233 266 quod
254 219 370 265 negari
391 220 524 264 nequit,
555 231 689 254 sumere
709 230 810 253 arma
831 225 865 252 et
886 230 1008 264 capere
1028 230 1128 252 arma
1149 218 1302 260 differre,
1332 218 1484 262 profecto
1507 219 1724 262 perspicitur,
1753 233 1886 257 sumere
1907 238 2008 261 arma

138 286 210 307 non
229 273 380 318 potuisse
402 273 513 306 forma
534 272 661 317 passiui
682 271 959 315 significationem
983 282 1078 304 suam
1100 282 1244 312 exuere,
1281 283 1389 313 neque
1417 277 1485 302 tam
1508 271 1601 303 rudis
1630 271 1733 305 fuisse
1755 275 1933 318 scriptores
1956 279 2008 312 la-

138 326 247 366 tinos,
276 331 314 358 ut
336 338 407 358 non
427 325 601 370 potuerint
623 325 811 357 orationem
830 325 878 357 ita
904 323 1130 366 conformare,
1152 330 1205 364 ut,
1228 323 1287 356 ubi
1310 323 1404 356 notio
1427 324 1606 356 locutionis
1629 338 1729 359 arma
1748 339 1869 373 capere
1890 332 2008 375 requi-

139 385 286 419 reretur,
308 379 420 411 actiuo
443 378 546 410 etiam
566 379 658 412 locus
681 384 777 411 esset.

224 431 281 464 Ad
309 432 402 464 hunc
431 437 512 464 orat.
545 431 744 463 Plancianae
770 431 884 463 locum
910 437 950 463 ut
980 435 1150 469 reuertar,
1186 428 1337 472 primum
1365 435 1399 461 et
1419 441 1580 461 maxume
1606 438 1787 474 propterea
1814 443 2008 479 sumpserat

140 484 305 517 tuendum
333 490 436 528 puto,
475 483 567 526 quod
596 483 632 515 in
654 483 796 526 repetita
818 484 969 516 eiusdem
996 482 1048 515 rei
1069 481 1283 524 expositione
1311 484 1497 515 necessario
1519 483 1608 515 idem
1630 484 1773 517 uerbum
1796 486 1846 518 bis
1867 488 1923 519 hic
1944 500 2011 532 po-

140 537 290 569 nendum
313 543 401 569 erat:
425 548 506 568 nam
526 536 649 568 dicitur
669 536 720 577 id,
744 535 833 579 quod
854 536 979 568 factum
1001 535 1055 575 sit,
1079 535 1153 566 iure
1176 540 1316 577 optumo
1338 534 1464 567 factum
1490 547 1571 568 esse.
1614 536 1749 568 Deinde
1771 538 2010 580 significantius

141 589 243 621 etiam
265 589 400 631 reique,
427 601 511 633 quae
532 594 703 629 narratur,
726 589 1010 620 accommodatius
1033 592 1228 632 sumpserat
1250 593 1316 627 est,
1349 588 1514 630 siquidem
1536 588 1573 619 P.
1597 588 1728 631 Scipio,
1759 601 1836 622 cum
1859 594 2010 635 priuatus

138 640 361 674 interficiebat
383 642 438 673 Ti.
464 642 674 681 Gracchum,
706 641 834 684 aliquid
855 640 949 681 fecit,
985 640 1076 683 quod
1099 651 1199 671 nemo
1223 646 1428 683 expectarat.
1471 641 1629 683 Denique
1657 641 1771 673 notior
1792 645 1944 686 profecto
1965 647 2012 679 li-

141 693 262 726 brariis
283 693 593 737 interpretibusque
615 694 740 726 locutio
764 706 865 727 arma
889 706 1009 738 capere
1034 704 1134 735 quam
1154 705 1254 724 arma
1274 706 1409 727 sumere
1432 694 1514 734 fuit,
1538 694 1585 725 ita
1606 700 1661 735 ut,
1686 694 1713 727 si
1735 703 1872 740 ceperat
1893 698 2012 732 fuisset

143 745 328 789 scriptum,
353 759 423 779 non
445 748 490 780 sit
510 747 703 791 probabile,
727 758 931 789 quemquam
952 757 1017 789 pro
1040 757 1080 777 eo
1105 752 1299 791 sumpserat
1319 747 1526 791 scripturum
1545 747 1659 779 fuisse.
1702 747 1877 782 Postremo
1899 752 2012 795 relege

142 809 228 841 quae
250 799 383 842 Proleg.
406 801 449 832 L.
472 801 516 832 II.
541 801 580 832 C.
602 801 629 832 Ι.
654 801 685 841 §.
708 811 738 842 9.
761 811 795 843 p.
817 799 947 831 XLIII.
972 798 1102 830 monui.

232 851 409 885 Uictoriae
439 858 578 885 nostrae
607 853 734 896 grauis
769 852 991 884 aduersarios
1021 856 1192 895 paratos,
1238 852 1402 885 interitus
1432 853 1547 887 nullos
1576 854 1705 888 ultores
1737 867 1808 888 esse
1839 856 2011 901 uidebant)

139 904 329 937 Lambinus
351 905 498 937 mutauit
520 905 673 938 ordinem
698 903 895 947 scripsitque
919 916 991 936 esse
1012 905 1162 943 ultores,
1193 909 1230 936 ut
1249 905 1440 938 hexametri
1470 907 1652 940 clausulam
1673 909 1825 947 tolleret3
1859 915 1910 940 set
1932 910 2013 941 uide

139 956 183 989 ad
205 957 232 988 I.
254 957 334 990 Act.
356 958 393 989 in
412 959 511 991 Uerr.
535 969 564 1000 7.
589 957 664 998 [ubi
682 957 790 988 aliena
808 957 1076 989 conmemorauit
1098 958 1331 1001 Garatonius].
1375 959 1458 991 Illut
1478 972 1532 992 me
1552 960 1663 1004 potius
1686 967 1812 999 mouet,
1837 962 1928 1004 quod
1950 975 2013 995 au·-

142 1009 279 1042 ctoritas
302 1010 453 1041 codicum
475 1010 620 1052 legenti,
644 1021 714 1042 esse
736 1010 866 1042 ultores
888 1009 1058 1049 uidebant,
1082 1021 1150 1041 non
1174 1010 1292 1043 defuit.
1334 1013 1407 1045 Mei
1431 1019 1540 1045 tamen
1563 1013 1643 1045 libri
1669 1013 1709 1044 ab
1733 1013 1852 1045 ordine
1875 1016 2012 1058 uolgato

140 1072 212 1093 non
234 1061 418 1095 discedunt.
441 1063 703 1095 GARATONlus.
745 1062 872 1093 Tribus
895 1061 934 1092 de
950 1063 1071 1094 caussis
1095 1063 1314 1095 omittendum
1337 1077 1408 1098 esse
1430 1066 1560 1109 putaui.
1604 1066 1716 1098 Prima
1739 1067 1820 1098 haec
1842 1075 1899 1109 est,
1924 1070 2013 1111 quod

141 1126 210 1157 quo
232 1114 308 1148 loco
331 1115 482 1158 positum
503 1115 539 1147 in
561 1115 730 1159 plurumis
754 1114 923 1146 codicibus
946 1115 1131 1158 reperitur,
1158 1127 1177 1147 a
1199 1118 1248 1149 M.
1272 1117 1389 1150 Tullio
1411 1118 1560 1161 positum
1581 1131 1651 1152 esse
1674 1120 1736 1151 uix
1759 1126 1883 1163 potest,
1909 1122 1956 1153 ita
1977 1129 2015 1154 ut

139 1167 181 1199 ab
204 1167 389 1211 interprete
411 1167 577 1199 adiectum
601 1179 671 1199 esse
693 1167 751 1198 uel
780 1167 866 1198 hanc
888 1167 930 1198 ob
954 1178 1102 1199 caussam
1124 1169 1301 1211 probabile
1323 1170 1384 1209 sit3
1423 1171 1544 1211 altera,
1581 1172 1671 1214 quod
1694 1172 1730 1203 in
1752 1172 1866 1204 codice
1889 1173 2014 1205 Erfur-

139 1220 250 1260 tensi,
273 1221 327 1252 cui
350 1219 493 1251 fortasse
516 1220 615 1252 etiam
637 1221 684 1260 B,
708 1220 750 1251 de
773 1231 840 1262 quo
861 1226 1004 1260 tacetur,
1027 1221 1171 1260 accedit,
1194 1222 1422 1265 Lambinique
1444 1225 1613 1257 codicibus
1635 1226 1763 1267 aliquot
1784 1233 1860 1257 ante
1884 1227 2013 1259 ultores

143 1273 358 1305 conlocatum
389 1272 560 1313 uidemus3
595 1285 638 1305 ex
668 1284 733 1315 qua
760 1284 798 1305 re
821 1273 931 1305 denuo
954 1273 1224 1316 interpolationis
1254 1275 1399 1318 suspicio
1423 1277 1550 1308 oriatur
1578 1285 1759 1318 necessest3
1798 1279 1898 1310 tertia
1920 1280 2012 1320 haec,

143 1325 237 1368 quod
259 1326 367 1357 multo
390 1325 542 1358 uiuidior
565 1338 604 1358 eo
629 1326 752 1358 omisso
777 1327 884 1358 oratio
909 1327 1034 1359 existit.
1078 1328 1167 1359 Nam
1181 1334 1351 1371 paratum
1375 1330 1526 1373 aliquem
1548 1332 1666 1364 uidere
1687 1332 1867 1363 manifesto
1887 1333 1927 1363 ab
1943 1345 2014 1377 pa-

142 1383 262 1410 ratum
282 1379 435 1422 aliquem
459 1391 530 1411 esse
549 1380 669 1412 uidere
690 1379 737 1411 ita
758 1379 891 1418 differt,
926 1386 963 1412 ut
984 1380 1048 1411 lioc
1068 1380 1300 1413 tantummodo
1324 1388 1435 1414 mente
1456 1383 1575 1415 uidere
1601 1384 1672 1416 siue
1696 1386 1914 1428 intellegere,
1946 1398 2014 1429 pa-

141 1436 260 1463 ratum
289 1431 442 1474 aliquem
471 1444 561 1471 esse,
597 1432 676 1463 illut
706 1443 789 1464 uero
819 1433 928 1465 oculis
954 1440 1123 1476 paratum
1146 1435 1297 1477 aliquem
1320 1436 1439 1467 uidere
1467 1441 1524 1467 aut
1544 1444 1654 1470 mente
1670 1444 1839 1482 paratum
1860 1438 2012 1482 aliquem

141 1483 264 1515 uidere
292 1482 466 1524 significet.
511 1484 583 1517 Cfr.
615 1485 717 1517 huius
746 1491 827 1517 orat.
860 1486 898 1517 C.
920 1486 1056 1518 XXIII.
1086 1488 1116 1528 §.
1140 1488 1192 1518 56.
1228 1499 1311 1531 quos
1333 1500 1396 1531 ego
1420 1490 1516 1521 testis
1545 1491 1644 1523 uideo
1661 1497 1818 1535 paratos,
1862 1491 2011 1533 Philipp.

140 1535 213 1575 IV,
243 1535 274 1567 5.
300 1534 440 1578 faciam
464 1538 598 1580 igitur,
629 1544 670 1570 ut
691 1539 904 1582 imperatores
929 1540 1102 1572 instructa
1125 1541 1199 1572 acie
1221 1542 1350 1580 solent,
1382 1553 1589 1585 quamquam
1604 1545 1860 1587 paratissumos
1883 1545 2011 1576 milites

141 1587 191 1620 ad
205 1589 456 1631 praeliandum
478 1592 642 1631 uideant,
670 1598 709 1624 ut
731 1605 786 1624 eos
810 1598 923 1624 tamen
944 1593 1183 1626 adhortentur.
1208 1593 1286 1625 ibid.
1310 1594 1415 1633 XIII,
1441 1606 1488 1626 11.
1521 1597 1687 1628 nimirum
1710 1603 1798 1629 recte
1820 1596 2012 1640 ueneficam

139 1641 316 1685 appellas,
345 1655 367 1674 α
389 1655 455 1686 quo
478 1643 542 1675 tibi
558 1651 777 1687 praesentem
790 1651 929 1689 pestem
950 1646 1047 1677 uides
1070 1652 1304 1690 comparatam.
1347 1647 1472 1678 Contra
1493 1659 1556 1690 pro
1579 1649 1624 1681 A.
1649 1650 1806 1681 Cluentio
1832 1650 1870 1681 C.
1896 1650 2010 1682 LVII.

142 1694 174 1736 ς.
200 1695 269 1737 157.
309 1696 387 1739 quis
415 1696 458 1728 de
480 1696 581 1740 plebe
601 1698 762 1731 Romana
791 1698 1024 1732 testimonium
1046 1699 1138 1731 dixit
1161 1711 1341 1743 umquam,
1376 1701 1433 1732 cui
1454 1713 1522 1734 non
1544 1702 1606 1734 hoc
1621 1703 1820 1746 periculum
1846 1704 1887 1736 T.
1909 1703 2010 1735 Attio

140 1753 282 1780 auctore
298 1754 468 1792 paratum
487 1761 557 1781 esse
579 1750 756 1783 uideatis?

225 1802 256 1842 §.
281 1800 333 1843 89.
377 1801 420 1841 Q.
442 1802 599 1844 Metello)
645 1803 857 1846 Saepissume
879 1816 914 1836 se
938 1804 1054 1837 Cicero
1079 1816 1156 1836 cum
1180 1806 1223 1847 Q.
1247 1806 1388 1838 Metello
1412 1808 1594 1841 Numidico
1624 1815 1794 1852 conparat.
1837 1808 1927 1842 Uide
1948 1820 2011 1852 pro

140 1853 250 1885 Sestio
284 1854 322 1885 C.
345 1854 446 1887 XVI.
477 1855 507 1896 §.
530 1854 583 1896 57.
614 1856 652 1887 C.
674 1856 825 1890 XLVII.
858 1858 888 1899 ἓ.
920 1869 991 1890 101.
1021 1858 1057 1890 iu
1087 1858 1200 1890 Pison.
1231 1859 1268 1890 C.
1293 1860 1357 1893 IX.
1384 1862 1413 1901 §.
1439 1872 1489 1893 20.
1518 1873 1582 1904 pro
1609 1863 1716 1894 Balbo
1749 1864 1787 1894 C.
1817 1864 1864 1896 V.
1899 1864 1929 1905 ς.
1961 1874 2010 1895 11.

139 1906 181 1939 ad
201 1906 285 1939 Diu.
308 1907 340 1948 I,
365 1919 414 1950 9..

223 1960 354 2001 Quem,
387 1966 427 1993 ut
442 1966 544 2005 potes
569 1974 610 1994 ex
631 1962 752 1995 multis
774 1964 918 2004 audire,
959 1965 1019 2008 qui
1041 1969 1115 1997 tum
1136 1964 1346 2009 adficerunt‚
1379 1972 1512 1999 constat
1537 1969 1768 2002 inuitissumis
1800 1970 1891 2002 uiris
1915 1969 2009 2002 bonis

139 2013 290 2056 cessisse)
336 2014 391 2046 Sic
413 2015 544 2056 optumi
566 2015 662 2055 libri,
705 2017 830 2060 quippe
858 2016 1130 2060 prudentissume
1161 2018 1370 2061 interpolati.
1413 2021 1504 2052 Nam
1533 2033 1575 2053 ex
1598 2022 1875 2065 interpretatione
1896 2029 2010 2054 tamen

139 2077 211 2097 esse
232 2065 312 2098 illut
334 2073 468 2099 constat
492 2078 569 2099 cum
592 2079 635 2099 ex
661 2068 789 2100 incerta
812 2070 882 2101 eius
905 2070 998 2102 uocis
1020 2070 1096 2102 sede
1118 2071 1280 2113 suspicari
1302 2071 1393 2111 licet,
1425 2073 1590 2116 (plerique
1613 2074 1703 2105 enim
1728 2075 1890 2107 exhibent
1916 2076 2010 2108 inui-

137 2119 285 2152 tissimis
306 2121 395 2152 uiris
418 2126 550 2152 constat
572 2120 680 2162 bonis)
712 2127 785 2153 tum
816 2134 833 2153 e
855 2124 1030 2154 sententia.
1074 2123 1151 2155 Nisi
1183 2124 1273 2155 enim
1301 2125 1519 2157 uehementer
1545 2126 1663 2166 fallor,
1701 2140 1864 2171 perquam
1893 2129 2008 2171 inepte

136 2172 175 2205 in
198 2172 313 2204 eadem
334 2184 372 2204 re
394 2173 581 2215 iunguntur
604 2187 644 2206 ex
657 2175 779 2206 multis
801 2176 924 2207 audire
944 2182 1040 2220 potes
1064 2183 1097 2207 et
1117 2182 1262 2208 constat.
1305 2177 1444 2209 Sublato
1467 2179 1531 2210 hoc
1554 2181 1721 2222 exquisita
1745 2181 1854 2212 oritur
1877 2187 1910 2212 et
1927 2192 2008 2212 uere

139 2225 361 2258 Ciceroniana
383 2231 568 2258 structura:
592 2240 711 2271 quem,
733 2234 773 2259 ut
789 2234 890 2272 potes
912 2241 952 2260 ex
974 2231 1095 2263 niziltis
1117 2231 1262 2269 audire,
1286 2231 1347 2273 qui
1369 2236 1443 2262 tum
1464 2231 1674 2274 adsuerunt,
1697 2235 1929 2266 inuitissumis
1952 2235 2008 2267 ui..

138 2280 188 2312 ris
209 2279 305 2312 bonis
328 2279 477 2313 cessisse.
521 2279 660 2322 Saepius
685 2280 776 2312 enim
799 2282 999 2313 constructio
1023 2295 1041 2313 e
1064 2283 1205 2314 relatiuo
1228 2294 1390 2324 suspensa
1413 2295 1480 2314 non
1504 2285 1705 2323 absoluitur,
1737 2293 1785 2317 set
1809 2287 1848 2317 ad
1874 2298 2007 2329 proxu—

137 2344 234 2364 mum
254 2345 289 2364 se
311 2331 551 2364 accommodat.
594 2332 686 2364 Infra
710 2334 748 2365 C.
768 2333 992 2366 XXXVHL:
1017 2336 1118 2368 Stare
1141 2336 1231 2367 enim
1256 2347 1370 2366 omnes
1391 2336 1558 2377 debemus,
1582 2343 1758 2382 tamquam
1778 2340 1814 2371 in
1838 2340 1916 2371 orbe
1937 2340 2006 2371 ali-

138 2399 203 2431 quo
227 2386 278 2417 rei
293 2386 477 2429 publicae,
508 2385 569 2428 qui
591 2387 753 2429 quoniam
775 2392 955 2425 uersatur,
986 2400 1062 2420 eam
1084 2389 1235 2431 deligere
1252 2394 1391 2432 partem
1414 2395 1491 2427 etc.‚
1525 2389 1582 2420 ubi
1607 2390 1690 2420 bene
1713 2391 1798 2421 hanc
1821 2391 2003 2424 formulam

137 2437 285 2470 defendit
308 2438 522 2470 Garatonius.
568 2438 638 2470 Cic.
664 2440 706 2471 de
732 2440 830 2473 Offic.
854 2441 887 2480 I,
913 2451 942 2482 7,
966 2441 1016 2473 5.:
1041 2442 1099 2473 Set
1123 2443 1284 2485 quoniam
1306 2454 1373 2475 non
1396 2441 1490 2473 nobis
1513 2443 1624 2474 solum
1646 2444 1722 2475 nati
1743 2457 1861 2478 sumus
1882 2463 1925 2469 —
1949 2450 2006 2478 at-

1551 2500 1587 2526 41
