<?xml version="1.0" encoding="UTF-8"?>
<!DOCTYPE html PUBLIC "-//W3C//DTD XHTML 1.0 Transitional//EN"
    "http://www.w3.org/TR/xhtml1/DTD/xhtml1-transitional.dtd">
<html xmlns="http://www.w3.org/1999/xhtml" xml:lang="en" lang="en">
 <head>
  <title>
</title>
<meta http-equiv="Content-Type" content="text/html;charset=utf-8" />
  <meta name='ocr-system' content='tesseract 3.04.00' />
  <meta name='ocr-capabilities' content='ocr_page ocr_carea ocr_par ocr_line ocrx_word'/>
</head>
<body>
  <div class='ocr_page' id='page_1' title='image "./oratioprocnplanc00ciceuoft/oratioprocnplanc00ciceuoft_0272.png"; bbox 0 0 2185 2720; ppageno 0'>
   <div class='ocr_carea' id='block_1_1' title="bbox 138 146 1370 189">
    <p class='ocr_par' dir='ltr' id='par_1_1' title="bbox 138 146 1370 189">
     <span class='ocr_line' id='line_1_1' title="bbox 138 146 1370 189; baseline -0.004 -6"><span class='ocrx_word' id='word_1_1' title='bbox 138 162 191 189; x_wconf 65' lang='lat'><strong><em>154</em></strong></span> <span class='ocrx_word' id='word_1_2' title='bbox 792 146 1370 178; x_wconf 84' lang='lat' dir='ltr'>COMMENTARIUS.</span> 
     </span>
    </p>
   </div>
   <div class='ocr_carea' id='block_1_2' title="bbox 137 220 2024 690">
    <p class='ocr_par' dir='ltr' id='par_1_2' title="bbox 137 220 2024 690">
     <span class='ocr_line' id='line_1_2' title="bbox 139 220 2019 270; baseline -0.004 -8"><span class='ocrx_word' id='word_1_3' title='bbox 139 242 214 263; x_wconf 89' lang='lat' dir='ltr'><strong><em>rum</em></strong></span> <span class='ocrx_word' id='word_1_4' title='bbox 238 229 321 260; x_wconf 77' lang='lat' dir='ltr'><strong><em>haec</em></strong></span> <span class='ocrx_word' id='word_1_5' title='bbox 341 225 456 270; x_wconf 73' lang='lat' dir='ltr'><strong><em>pactio</em></strong></span> <span class='ocrx_word' id='word_1_6' title='bbox 479 223 651 262; x_wconf 75' lang='lat' dir='ltr'><strong><em>extiterit,</em></strong></span> <span class='ocrx_word' id='word_1_7' title='bbox 674 229 732 263; x_wconf 79' lang='lat' dir='ltr'><strong><em>ut,</em></strong></span> <span class='ocrx_word' id='word_1_8' title='bbox 760 224 791 256; x_wconf 87' lang='lat' dir='ltr'><strong><em>si</em></strong></span> <span class='ocrx_word' id='word_1_9' title='bbox 815 230 852 255; x_wconf 82' lang='lat' dir='ltr'><strong><em>tu</em></strong></span> <span class='ocrx_word' id='word_1_10' title='bbox 876 229 984 255; x_wconf 91' lang='lat' dir='ltr'><strong><em>totam</em></strong></span> <span class='ocrx_word' id='word_1_11' title='bbox 1008 236 1080 256; x_wconf 87' lang='lat' dir='ltr'><strong><em>rem</em></strong></span> <span class='ocrx_word' id='word_1_12' title='bbox 1098 222 1276 266; x_wconf 73' lang='lat' dir='ltr'><em>publicam</em></span> <span class='ocrx_word' id='word_1_13' title='bbox 1297 220 1446 265; x_wconf 82' lang='lat' dir='ltr'><em>nefariis</em></span> <span class='ocrx_word' id='word_1_14' title='bbox 1469 221 1661 253; x_wconf 77' lang='lat' dir='ltr'><em>latronibus</em></span> <span class='ocrx_word' id='word_1_15' title='bbox 1685 222 1906 262; x_wconf 78' lang='lat' dir='ltr'><strong><em>tradidisses,</em></strong></span> <span class='ocrx_word' id='word_1_16' title='bbox 1936 222 2019 255; x_wconf 90' lang='lat' dir='ltr'><strong><em>Ma-</em></strong></span> 
     </span>
     <span class='ocr_line' id='line_1_3' title="bbox 138 274 2020 321; baseline -0.006 -5"><span class='ocrx_word' id='word_1_17' title='bbox 138 282 279 316; x_wconf 81' lang='lat' dir='ltr'><strong><em>cedonia</em></strong></span> <span class='ocrx_word' id='word_1_18' title='bbox 306 279 370 311; x_wconf 74' lang='lat' dir='ltr'><strong><em>tibi</em></strong></span> <span class='ocrx_word' id='word_1_19' title='bbox 404 278 449 309; x_wconf 85' lang='lat' dir='ltr'><strong><em>ob</em></strong></span> <span class='ocrx_word' id='word_1_20' title='bbox 480 290 567 309; x_wconf 86' lang='lat' dir='ltr'><strong><em>eam</em></strong></span> <span class='ocrx_word' id='word_1_21' title='bbox 597 289 679 309; x_wconf 80' lang='lat' dir='ltr'><strong><em>rem</em></strong></span> <span class='ocrx_word' id='word_1_22' title='bbox 711 277 834 321; x_wconf 83' lang='lat' dir='ltr'><strong><em>quibus</em></strong></span> <span class='ocrx_word' id='word_1_23' title='bbox 864 282 902 309; x_wconf 84' lang='lat' dir='ltr'><strong><em>tu</em></strong></span> <span class='ocrx_word' id='word_1_24' title='bbox 924 276 1062 319; x_wconf 80' lang='lat' dir='ltr'><strong><em>finibus</em></strong></span> <span class='ocrx_word' id='word_1_25' title='bbox 1094 276 1200 308; x_wconf 79' lang='lat' dir='ltr'><strong><em>uelles</em></strong></span> <span class='ocrx_word' id='word_1_26' title='bbox 1231 274 1443 307; x_wconf 76' lang='lat' dir='ltr'><strong><em>redderetur.</em></strong></span> <span class='ocrx_word' id='word_1_27' title='bbox 1487 275 1564 306; x_wconf 89' lang='lat' dir='ltr'><strong><em>Hoc</em></strong></span> <span class='ocrx_word' id='word_1_28' title='bbox 1593 285 1726 315; x_wconf 88' lang='lat' dir='ltr'><strong><em>quoque</em></strong></span> <span class='ocrx_word' id='word_1_29' title='bbox 1749 274 1822 305; x_wconf 93' lang='lat' dir='ltr'><strong><em>loco</em></strong></span> <span class='ocrx_word' id='word_1_30' title='bbox 1846 286 1885 305; x_wconf 90' lang='lat' dir='ltr'><strong><em>eo</em></strong></span> <span class='ocrx_word' id='word_1_31' title='bbox 1909 274 2020 305; x_wconf 80' lang='lat' dir='ltr'><strong><em>minus</em></strong></span> 
     </span>
     <span class='ocr_line' id='line_1_4' title="bbox 137 325 2022 370; baseline -0.005 -3"><span class='ocrx_word' id='word_1_32' title='bbox 137 332 319 367; x_wconf 77' lang='lat' dir='ltr'><strong><em>necessaria</em></strong></span> <span class='ocrx_word' id='word_1_33' title='bbox 341 329 478 361; x_wconf 81' lang='lat' dir='ltr'><strong><em>adiectio</em></strong></span> <span class='ocrx_word' id='word_1_34' title='bbox 502 331 685 362; x_wconf 85' lang='lat' dir='ltr'><strong><em>uerborum</em></strong></span> <span class='ocrx_word' id='word_1_35' title='bbox 709 331 748 362; x_wconf 85' lang='lat' dir='ltr'><strong><em>ob</em></strong></span> <span class='ocrx_word' id='word_1_36' title='bbox 772 343 847 363; x_wconf 83' lang='lat' dir='ltr'><strong><em>eam</em></strong></span> <span class='ocrx_word' id='word_1_37' title='bbox 870 342 939 362; x_wconf 85' lang='lat' dir='ltr'><strong><em>rem</em></strong></span> <span class='ocrx_word' id='word_1_38' title='bbox 963 329 1047 367; x_wconf 76' lang='lat' dir='ltr'><strong><em>fuit,</em></strong></span> <span class='ocrx_word' id='word_1_39' title='bbox 1073 340 1139 370; x_wconf 90' lang='lat' dir='ltr'><strong><em>quo</em></strong></span> <span class='ocrx_word' id='word_1_40' title='bbox 1163 327 1267 369; x_wconf 83' lang='lat' dir='ltr'><strong><em>magis</em></strong></span> <span class='ocrx_word' id='word_1_41' title='bbox 1290 326 1326 358; x_wconf 86' lang='lat' dir='ltr'><strong><em>in</em></strong></span> <span class='ocrx_word' id='word_1_42' title='bbox 1351 328 1455 358; x_wconf 85' lang='lat' dir='ltr'><strong><em>uerbo</em></strong></span> <span class='ocrx_word' id='word_1_43' title='bbox 1477 327 1679 359; x_wconf 75' lang='lat' dir='ltr'><strong><em>redderetur</em></strong></span> <span class='ocrx_word' id='word_1_44' title='bbox 1701 325 1768 357; x_wconf 86' lang='lat' dir='ltr'><strong><em>iam</em></strong></span> <span class='ocrx_word' id='word_1_45' title='bbox 1791 338 1829 357; x_wconf 82' lang='lat' dir='ltr'><strong><em>ea</em></strong></span> <span class='ocrx_word' id='word_1_46' title='bbox 1850 327 1942 359; x_wconf 85' lang='lat' dir='ltr'><strong><em>notio</em></strong></span> <span class='ocrx_word' id='word_1_47' title='bbox 1965 327 2022 358; x_wconf 88' lang='lat' dir='ltr'><strong><em>in-</em></strong></span> 
     </span>
     <span class='ocr_line' id='line_1_5' title="bbox 139 378 2022 428; baseline -0.005 -9"><span class='ocrx_word' id='word_1_48' title='bbox 139 394 195 425; x_wconf 86' lang='lat' dir='ltr'><strong><em>est,</em></strong></span> <span class='ocrx_word' id='word_1_49' title='bbox 221 396 320 428; x_wconf 83' lang='lat' dir='ltr'><strong><em>quam</em></strong></span> <span class='ocrx_word' id='word_1_50' title='bbox 343 383 445 414; x_wconf 81' lang='lat' dir='ltr'><strong><em>uerba</em></strong></span> <span class='ocrx_word' id='word_1_51' title='bbox 468 383 527 414; x_wconf 82' lang='lat' dir='ltr'><strong><em>illa</em></strong></span> <span class='ocrx_word' id='word_1_52' title='bbox 550 384 730 415; x_wconf 77' lang='lat' dir='ltr'><strong><em>continent.</em></strong></span> <span class='ocrx_word' id='word_1_53' title='bbox 774 384 865 415; x_wconf 78' lang='lat' dir='ltr'><strong><em>Nam</em></strong></span> <span class='ocrx_word' id='word_1_54' title='bbox 888 383 1029 415; x_wconf 78' lang='lat' dir='ltr'><strong><em>reddere</em></strong></span> <span class='ocrx_word' id='word_1_55' title='bbox 1053 382 1108 413; x_wconf 86' lang='lat' dir='ltr'><strong><em>hic</em></strong></span> <span class='ocrx_word' id='word_1_56' title='bbox 1125 392 1187 424; x_wconf 87' lang='lat' dir='ltr'><strong><em>pro</em></strong></span> <span class='ocrx_word' id='word_1_57' title='bbox 1209 380 1322 422; x_wconf 89' lang='lat' dir='ltr'><strong><em>aliqua</em></strong></span> <span class='ocrx_word' id='word_1_58' title='bbox 1343 391 1381 411; x_wconf 86' lang='lat' dir='ltr'><strong><em>re</em></strong></span> <span class='ocrx_word' id='word_1_59' title='bbox 1405 380 1489 411; x_wconf 80' lang='lat' dir='ltr'><strong><em>aliut</em></strong></span> <span class='ocrx_word' id='word_1_60' title='bbox 1511 379 1589 422; x_wconf 86' lang='lat' dir='ltr'><strong><em>quid</em></strong></span> <span class='ocrx_word' id='word_1_61' title='bbox 1612 379 1689 409; x_wconf 74' lang='lat' dir='ltr'><strong><em>dare</em></strong></span> <span class='ocrx_word' id='word_1_62' title='bbox 1710 378 1882 420; x_wconf 82' lang='lat' dir='ltr'><strong><em>siguificat.</em></strong></span> <span class='ocrx_word' id='word_1_63' title='bbox 1925 379 2022 412; x_wconf 87' lang='lat' dir='ltr'><strong><em>Adde</em></strong></span> 
     </span>
     <span class='ocr_line' id='line_1_6' title="bbox 140 431 2023 479; baseline -0.004 -8"><span class='ocrx_word' id='word_1_64' title='bbox 140 439 210 471; x_wconf 83' lang='lat' dir='ltr'><strong><em>Cic.</em></strong></span> <span class='ocrx_word' id='word_1_65' title='bbox 232 437 270 468; x_wconf 80' lang='lat' dir='ltr'><strong><em>ad</em></strong></span> <span class='ocrx_word' id='word_1_66' title='bbox 293 436 374 468; x_wconf 87' lang='lat' dir='ltr'><strong><em>Diu.</em></strong></span> <span class='ocrx_word' id='word_1_67' title='bbox 400 436 505 476; x_wconf 84' lang='lat' dir='ltr'>XIII,</span> <span class='ocrx_word' id='word_1_68' title='bbox 527 437 578 479; x_wconf 77' lang='lat'><strong><em>47.</em></strong></span> <span class='ocrx_word' id='word_1_69' title='bbox 605 437 664 468; x_wconf 86' lang='lat' dir='ltr'><strong><em>Set</em></strong></span> <span class='ocrx_word' id='word_1_70' title='bbox 688 442 800 468; x_wconf 81' lang='lat' dir='ltr'><strong><em>tamen</em></strong></span> <span class='ocrx_word' id='word_1_71' title='bbox 825 441 864 468; x_wconf 88' lang='lat' dir='ltr'><strong><em>ut</em></strong></span> <span class='ocrx_word' id='word_1_72' title='bbox 886 436 1009 473; x_wconf 84' lang='lat' dir='ltr'><strong><em>scires,</em></strong></span> <span class='ocrx_word' id='word_1_73' title='bbox 1036 447 1112 466; x_wconf 86' lang='lat' dir='ltr'><strong><em>eum</em></strong></span> <span class='ocrx_word' id='word_1_74' title='bbox 1134 446 1157 465; x_wconf 87' lang='lat' dir='ltr'><strong><em>a</em></strong></span> <span class='ocrx_word' id='word_1_75' title='bbox 1177 445 1231 465; x_wconf 90' lang='lat' dir='ltr'><strong><em>me</em></strong></span> <span class='ocrx_word' id='word_1_76' title='bbox 1252 445 1320 465; x_wconf 86' lang='lat' dir='ltr'><strong><em>non</em></strong></span> <span class='ocrx_word' id='word_1_77' title='bbox 1343 434 1449 476; x_wconf 83' lang='lat' dir='ltr'><em>diligi</em></span> <span class='ocrx_word' id='word_1_78' title='bbox 1473 434 1601 470; x_wconf 80' lang='lat' dir='ltr'><strong><em>solum,</em></strong></span> <span class='ocrx_word' id='word_1_79' title='bbox 1628 444 1749 463; x_wconf 79' lang='lat' dir='ltr'><strong><em>uerum</em></strong></span> <span class='ocrx_word' id='word_1_80' title='bbox 1772 431 1877 463; x_wconf 89' lang='lat' dir='ltr'><strong><em>etiam</em></strong></span> <span class='ocrx_word' id='word_1_81' title='bbox 1897 433 2023 471; x_wconf 84' lang='lat' dir='ltr'><strong><em>amari,</em></strong></span> 
     </span>
     <span class='ocr_line' id='line_1_7' title="bbox 140 481 2024 529; baseline -0.003 -7"><span class='ocrx_word' id='word_1_82' title='bbox 140 492 188 524; x_wconf 89' lang='lat' dir='ltr'><strong><em>ob</em></strong></span> <span class='ocrx_word' id='word_1_83' title='bbox 215 502 305 522; x_wconf 88' lang='lat' dir='ltr'><strong><em>eam</em></strong></span> <span class='ocrx_word' id='word_1_84' title='bbox 328 501 414 521; x_wconf 90' lang='lat' dir='ltr'><strong><em>rem</em></strong></span> <span class='ocrx_word' id='word_1_85' title='bbox 441 489 504 521; x_wconf 84' lang='lat' dir='ltr'><strong><em>tibi</em></strong></span> <span class='ocrx_word' id='word_1_86' title='bbox 526 491 608 522; x_wconf 78' lang='lat' dir='ltr'><strong><em>haec</em></strong></span> <span class='ocrx_word' id='word_1_87' title='bbox 630 489 750 521; x_wconf 78' lang='lat' dir='ltr'><strong><em>scribo.</em></strong></span> <span class='ocrx_word' id='word_1_88' title='bbox 774 494 804 520; x_wconf 85' lang='lat' dir='ltr'><strong><em>et</em></strong></span> <span class='ocrx_word' id='word_1_89' title='bbox 827 499 870 519; x_wconf 78' lang='lat' dir='ltr'><strong><em>ex</em></strong></span> <span class='ocrx_word' id='word_1_90' title='bbox 894 488 1031 519; x_wconf 80' lang='lat' dir='ltr'><strong><em>Graecis</em></strong></span> <span class='ocrx_word' id='word_1_91' title='bbox 1053 486 1215 529; x_wconf 82' lang='lat' dir='ltr'><strong><em>Xenoph.</em></strong></span> <span class='ocrx_word' id='word_1_92' title='bbox 1237 486 1383 518; x_wconf 88' lang='lat' dir='ltr'><strong><em>Memor.</em></strong></span> <span class='ocrx_word' id='word_1_93' title='bbox 1410 487 1443 526; x_wconf 87' lang='grc' dir='ltr'><strong><em>Ι,</em></strong></span> <span class='ocrx_word' id='word_1_94' title='bbox 1473 486 1511 525; x_wconf 83' lang='grc'><strong><em>5,</em></strong></span> <span class='ocrx_word' id='word_1_95' title='bbox 1542 497 1571 527; x_wconf 82' lang='grc'><strong><em>7.</em></strong></span> <span class='ocrx_word' id='word_1_96' title='bbox 1612 483 1671 517; x_wconf 77' lang='grc' dir='ltr'><strong><em>τὸν</em></strong></span> <span class='ocrx_word' id='word_1_97' title='bbox 1692 481 1851 517; x_wconf 75' lang='grc' dir='ltr'><strong><em>Ὀδυσσέα</em></strong></span> <span class='ocrx_word' id='word_1_98' title='bbox 1872 500 1914 508; x_wconf 88' lang='lat'><strong><em>·-</em></strong></span> <span class='ocrx_word' id='word_1_99' title='bbox 1934 483 2024 517; x_wconf 82' lang='grc' dir='ltr'><strong>α’πο-</strong></span> 
     </span>
     <span class='ocr_line' id='line_1_8' title="bbox 142 534 2023 587; baseline -0.004 -11"><span class='ocrx_word' id='word_1_100' title='bbox 142 540 310 587; x_wconf 79' lang='grc' dir='ltr'>σχόμενον</span> <span class='ocrx_word' id='word_1_101' title='bbox 332 542 393 573; x_wconf 66' lang='grc' dir='ltr'><strong><em>τοῦ</em></strong></span> <span class='ocrx_word' id='word_1_102' title='bbox 413 540 499 583; x_wconf 67' lang='grc' dir='ltr'><em>’ὑπὲρ</em></span> <span class='ocrx_word' id='word_1_103' title='bbox 522 540 582 574; x_wconf 66' lang='grc' dir='ltr'><strong><em>’τὸν</em></strong></span> <span class='ocrx_word' id='word_1_104' title='bbox 604 541 719 583; x_wconf 77' lang='grc' dir='ltr'><strong><em>καιρὸν</em></strong></span> <span class='ocrx_word' id='word_1_105' title='bbox 743 542 810 573; x_wconf 76' lang='grc' dir='ltr'><strong><em>τῶν</em></strong></span> <span class='ocrx_word' id='word_1_106' title='bbox 832 538 995 573; x_wconf 78' lang='grc' dir='ltr'><em>τοιούτων</em></span> <span class='ocrx_word' id='word_1_107' title='bbox 1019 538 1209 579; x_wconf 75' lang='grc' dir='ltr'><strong><em>ἅπτεσθαι,</em></strong></span> <span class='ocrx_word' id='word_1_108' title='bbox 1237 538 1304 573; x_wconf 72' lang='grc' dir='ltr'><strong><em>ὃιιὶ</em></strong></span> <span class='ocrx_word' id='word_1_109' title='bbox 1327 539 1460 572; x_wconf 78' lang='grc' dir='ltr'>ταῦτα</span> <span class='ocrx_word' id='word_1_110' title='bbox 1491 536 1532 571; x_wconf 79' lang='grc' dir='ltr'><strong><em>οὐ</em></strong></span> <span class='ocrx_word' id='word_1_111' title='bbox 1552 538 1712 581; x_wconf 69' lang='grc' dir='ltr'><strong><em>γενέσθαι</em></strong></span> <span class='ocrx_word' id='word_1_112' title='bbox 1734 534 1787 570; x_wconf 76' lang='grc' dir='ltr'><strong><em>ὗν.</em></strong></span> <span class='ocrx_word' id='word_1_113' title='bbox 1819 542 1851 567; x_wconf 80' lang='lat' dir='ltr'><strong><em>et</em></strong></span> <span class='ocrx_word' id='word_1_114' title='bbox 1877 536 2023 568; x_wconf 83' lang='lat' dir='ltr'><strong><em>eiusdem</em></strong></span> 
     </span>
     <span class='ocr_line' id='line_1_9' title="bbox 141 587 2022 636; baseline -0.002 -9"><span class='ocrx_word' id='word_1_115' title='bbox 141 595 252 629; x_wconf 82' lang='lat' dir='ltr'><strong><em>Anab.</em></strong></span> <span class='ocrx_word' id='word_1_116' title='bbox 277 595 301 633; x_wconf 91' lang='grc' dir='ltr'><strong><em>Ι,</em></strong></span> <span class='ocrx_word' id='word_1_117' title='bbox 329 605 356 634; x_wconf 87' lang='lat'><strong><em>7,</em></strong></span> <span class='ocrx_word' id='word_1_118' title='bbox 381 594 411 626; x_wconf 78' lang='lat'><strong><em>3.</em></strong></span> <span class='ocrx_word' id='word_1_119' title='bbox 446 592 470 626; x_wconf 79' lang='grc' dir='ltr'><em>ὦ</em></span> <span class='ocrx_word' id='word_1_120' title='bbox 493 592 611 636; x_wconf 69' lang='grc' dir='ltr'><em>ἄνδρες</em></span> <span class='ocrx_word' id='word_1_121' title='bbox 627 593 805 636; x_wconf 67' lang='grc' dir='ltr'><strong><em>“Έλληιές,</em></strong></span> <span class='ocrx_word' id='word_1_122' title='bbox 829 592 889 626; x_wconf 76' lang='grc' dir='ltr'><strong><em>οὐκ</em></strong></span> <span class='ocrx_word' id='word_1_123' title='bbox 912 589 1108 634; x_wconf 67' lang='grc' dir='ltr'><strong><em>ἀνθρώπων</em></strong></span> <span class='ocrx_word' id='word_1_124' title='bbox 1130 590 1269 634; x_wconf 69' lang='grc' dir='ltr'><em>ἀπορῶν</em></span> <span class='ocrx_word' id='word_1_125' title='bbox 1290 589 1475 636; x_wconf 71' lang='grc' dir='ltr'><strong><em>βαρβάρων</em></strong></span> <span class='ocrx_word' id='word_1_126' title='bbox 1497 589 1697 635; x_wconf 67' lang='grc' dir='ltr'><em>συμμάχους</em></span> <span class='ocrx_word' id='word_1_127' title='bbox 1718 589 1809 633; x_wconf 75' lang='grc' dir='ltr'><em>’ὑμᾶς</em></span> <span class='ocrx_word' id='word_1_128' title='bbox 1831 587 1913 633; x_wconf 68' lang='grc' dir='ltr'><strong><em>ἄγω,</em></strong></span> <span class='ocrx_word' id='word_1_129' title='bbox 1938 587 2022 623; x_wconf 76' lang='grc' dir='ltr'><strong><em>α’λλοὶ</em></strong></span> 
     </span>
     <span class='ocr_line' id='line_1_10' title="bbox 141 642 1868 690; baseline -0.002 -11"><span class='ocrx_word' id='word_1_130' title='bbox 141 647 290 690; x_wconf 68' lang='grc' dir='ltr'><em>νομίζων</em></span> <span class='ocrx_word' id='word_1_131' title='bbox 312 643 498 688; x_wconf 68' lang='grc' dir='ltr'><em>ἀμείνονας</em></span> <span class='ocrx_word' id='word_1_132' title='bbox 528 647 582 679; x_wconf 79' lang='grc' dir='ltr'><strong><em>καὶ</em></strong></span> <span class='ocrx_word' id='word_1_133' title='bbox 606 647 775 689; x_wconf 80' lang='grc' dir='ltr'><strong><em>κρείττους</em></strong></span> <span class='ocrx_word' id='word_1_134' title='bbox 797 647 931 680; x_wconf 71' lang='grc' dir='ltr'><strong><em>πολλῶν</em></strong></span> <span class='ocrx_word' id='word_1_135' title='bbox 952 642 1137 689; x_wconf 72' lang='grc' dir='ltr'><strong><em>βαρβάρων</em></strong></span> <span class='ocrx_word' id='word_1_136' title='bbox 1158 643 1251 688; x_wconf 68' lang='grc' dir='ltr'><strong><em>’ὑμᾶς</em></strong></span> <span class='ocrx_word' id='word_1_137' title='bbox 1271 645 1380 685; x_wconf 74' lang='grc' dir='ltr'><strong><em>εἶναι,</em></strong></span> <span class='ocrx_word' id='word_1_138' title='bbox 1404 644 1474 678; x_wconf 68' lang='grc' dir='ltr'><strong><em>διά</em></strong></span> <span class='ocrx_word' id='word_1_139' title='bbox 1497 646 1624 677; x_wconf 82' lang='grc' dir='ltr'><strong>τοῦτο</strong></span> <span class='ocrx_word' id='word_1_140' title='bbox 1648 644 1868 686; x_wconf 78' lang='grc' dir='ltr'><strong><em>προςέλαβον.</em></strong></span> 
     </span>
    </p>
   </div>
   <div class='ocr_carea' id='block_1_3' title="bbox 143 711 2028 1073">
    <p class='ocr_par' dir='ltr' id='par_1_3' title="bbox 143 711 2028 1073">
     <span class='ocr_line' id='line_1_11' title="bbox 229 711 2026 758; baseline -0.002 -12"><span class='ocrx_word' id='word_1_141' title='bbox 229 717 259 758; x_wconf 81' lang='lat'><strong><em>§.</em></strong></span> <span class='ocrx_word' id='word_1_142' title='bbox 284 716 334 747; x_wconf 75' lang='lat'><strong><em>56.</em></strong></span> <span class='ocrx_word' id='word_1_143' title='bbox 381 714 594 754; x_wconf 76' lang='lat' dir='ltr'><em>Quibuscum</em></span> <span class='ocrx_word' id='word_1_144' title='bbox 622 727 692 754; x_wconf 88' lang='lat' dir='ltr'><strong><em>me,</em></strong></span> <span class='ocrx_word' id='word_1_145' title='bbox 727 716 878 754; x_wconf 76' lang='lat' dir='ltr'><strong><em>iudices,</em></strong></span> <span class='ocrx_word' id='word_1_146' title='bbox 911 719 1128 758; x_wconf 77' lang='lat' dir='ltr'><em>pugnantem</em></span> <span class='ocrx_word' id='word_1_147' title='bbox 1154 725 1248 745; x_wconf 89' lang='lat' dir='ltr'><strong><em>more</em></strong></span> <span class='ocrx_word' id='word_1_148' title='bbox 1274 725 1348 746; x_wconf 85' lang='lat' dir='ltr'><strong><em>meo</em></strong></span> <span class='ocrx_word' id='word_1_149' title='bbox 1366 714 1520 757; x_wconf 81' lang='lat' dir='ltr'><strong><em>pristino</em></strong></span> <span class='ocrx_word' id='word_1_150' title='bbox 1550 724 1618 744; x_wconf 85' lang='lat' dir='ltr'><strong><em>non</em></strong></span> <span class='ocrx_word' id='word_1_151' title='bbox 1646 711 1830 751; x_wconf 82' lang='lat' dir='ltr'><strong><em>uidebitis3</em></strong></span> <span class='ocrx_word' id='word_1_152' title='bbox 1863 724 1930 744; x_wconf 80' lang='lat' dir='ltr'><strong><em>non</em></strong></span> <span class='ocrx_word' id='word_1_153' title='bbox 1959 724 2026 756; x_wconf 69' lang='lat' dir='ltr'><strong><em>qao</em></strong></span> 
     </span>
     <span class='ocr_line' id='line_1_12' title="bbox 143 763 2024 811; baseline -0.004 -9"><span class='ocrx_word' id='word_1_154' title='bbox 143 770 230 802; x_wconf 77' lang='lat' dir='ltr'><strong><em>mihi</em></strong></span> <span class='ocrx_word' id='word_1_155' title='bbox 246 768 311 811; x_wconf 86' lang='lat' dir='ltr'><strong><em>fas</em></strong></span> <span class='ocrx_word' id='word_1_156' title='bbox 334 768 380 798; x_wconf 84' lang='lat' dir='ltr'><strong><em>sit</em></strong></span> <span class='ocrx_word' id='word_1_157' title='bbox 404 768 588 811; x_wconf 78' lang='lat' dir='ltr'><strong><em>quicquam</em></strong></span> <span class='ocrx_word' id='word_1_158' title='bbox 610 767 793 811; x_wconf 74' lang='lat' dir='ltr'><strong><em>defugere,</em></strong></span> <span class='ocrx_word' id='word_1_159' title='bbox 827 768 919 811; x_wconf 80' lang='lat' dir='ltr'><strong><em>quod</em></strong></span> <span class='ocrx_word' id='word_1_160' title='bbox 939 766 1035 798; x_wconf 86' lang='lat' dir='ltr'><em>salus</em></span> <span class='ocrx_word' id='word_1_161' title='bbox 1058 765 1200 798; x_wconf 83' lang='lat' dir='ltr'><strong><em>Plancii</em></strong></span> <span class='ocrx_word' id='word_1_162' title='bbox 1221 766 1390 811; x_wconf 78' lang='lat' dir='ltr'><strong><em>postulet)</em></strong></span> <span class='ocrx_word' id='word_1_163' title='bbox 1434 766 1659 808; x_wconf 86' lang='lat' dir='ltr'><strong><em>Figmento</em></strong></span> <span class='ocrx_word' id='word_1_164' title='bbox 1690 763 1868 806; x_wconf 85' lang='lat' dir='ltr'><strong><em>quodam</em></strong></span> <span class='ocrx_word' id='word_1_165' title='bbox 1896 776 2024 797; x_wconf 89' lang='lat' dir='ltr'><strong><em>uere-</em></strong></span> 
     </span>
     <span class='ocr_line' id='line_1_13' title="bbox 143 816 2024 862; baseline -0.001 -11"><span class='ocrx_word' id='word_1_166' title='bbox 143 819 322 852; x_wconf 88' lang='lat' dir='ltr'><strong><em>cundiae</em></strong></span> <span class='ocrx_word' id='word_1_167' title='bbox 345 819 538 851; x_wconf 81' lang='lat' dir='ltr'><strong><em>declinat</em></strong></span> <span class='ocrx_word' id='word_1_168' title='bbox 563 831 651 851; x_wconf 84' lang='lat' dir='ltr'><strong><em>eam</em></strong></span> <span class='ocrx_word' id='word_1_169' title='bbox 674 826 851 862; x_wconf 79' lang='lat' dir='ltr'><strong><em>partem,</em></strong></span> <span class='ocrx_word' id='word_1_170' title='bbox 891 829 994 861; x_wconf 86' lang='lat' dir='ltr'><strong><em>quae</em></strong></span> <span class='ocrx_word' id='word_1_171' title='bbox 1016 817 1306 851; x_wconf 84' lang='lat' dir='ltr'>difficultatis</span> <span class='ocrx_word' id='word_1_172' title='bbox 1329 818 1493 861; x_wconf 86' lang='lat' dir='ltr'><strong><em>aliquid</em></strong></span> <span class='ocrx_word' id='word_1_173' title='bbox 1518 817 1676 850; x_wconf 83' lang='lat' dir='ltr'><strong><em>habere</em></strong></span> <span class='ocrx_word' id='word_1_174' title='bbox 1698 816 1918 859; x_wconf 84' lang='lat' dir='ltr'><strong><em>uideatur,</em></strong></span> <span class='ocrx_word' id='word_1_175' title='bbox 1950 817 2024 849; x_wconf 85' lang='lat' dir='ltr'><strong><em>atl-</em></strong></span> 
     </span>
     <span class='ocr_line' id='line_1_14' title="bbox 143 870 2024 914; baseline -0.002 -9"><span class='ocrx_word' id='word_1_176' title='bbox 143 885 294 905; x_wconf 84' lang='lat' dir='ltr'><strong><em>uersus</em></strong></span> <span class='ocrx_word' id='word_1_177' title='bbox 327 873 587 914; x_wconf 82' lang='lat' dir='ltr'><strong><em>quorundam</em></strong></span> <span class='ocrx_word' id='word_1_178' title='bbox 621 872 866 904; x_wconf 80' lang='lat' dir='ltr'><strong><em>testimonia</em></strong></span> <span class='ocrx_word' id='word_1_179' title='bbox 897 870 1093 903; x_wconf 84' lang='lat' dir='ltr'><strong><em>contendi</em></strong></span> <span class='ocrx_word' id='word_1_180' title='bbox 1111 872 1152 912; x_wconf 82' lang='lat'><strong><em>¹);</em></strong></span> <span class='ocrx_word' id='word_1_181' title='bbox 1191 877 1232 903; x_wconf 83' lang='lat' dir='ltr'><strong><em>et</em></strong></span> <span class='ocrx_word' id='word_1_182' title='bbox 1252 884 1335 903; x_wconf 87' lang='lat' dir='ltr'><strong><em>non</em></strong></span> <span class='ocrx_word' id='word_1_183' title='bbox 1358 873 1449 904; x_wconf 86' lang='lat' dir='ltr'><strong><em>sine</em></strong></span> <span class='ocrx_word' id='word_1_184' title='bbox 1471 890 1512 896; x_wconf 90' lang='lat'>—</span> <span class='ocrx_word' id='word_1_185' title='bbox 1529 870 1635 912; x_wconf 79' lang='lat'><em>-2)‚</em></span> <span class='ocrx_word' id='word_1_186' title='bbox 1669 881 1772 912; x_wconf 85' lang='lat' dir='ltr'><strong><em>quae</em></strong></span> <span class='ocrx_word' id='word_1_187' title='bbox 1795 882 1835 902; x_wconf 90' lang='lat' dir='ltr'><strong><em>se</em></strong></span> <span class='ocrx_word' id='word_1_188' title='bbox 1858 882 2024 902; x_wconf 87' lang='lat' dir='ltr'><strong><em>omnem</em></strong></span> 
     </span>
     <span class='ocr_line' id='line_1_15' title="bbox 144 923 2026 967; baseline -0.003 -9"><span class='ocrx_word' id='word_1_189' title='bbox 144 926 322 959; x_wconf 86' lang='lat' dir='ltr'>Plancio</span> <span class='ocrx_word' id='word_1_190' title='bbox 346 925 697 956; x_wconf 84' lang='lat' dir='ltr'><strong><em>sollicitudinem</em></strong></span> <span class='ocrx_word' id='word_1_191' title='bbox 721 925 872 956; x_wconf 85' lang='lat' dir='ltr'><strong><em>debere</em></strong></span> <span class='ocrx_word' id='word_1_192' title='bbox 893 930 1084 955; x_wconf 79' lang='lat' dir='ltr'><strong><em>testatur.</em></strong></span> <span class='ocrx_word' id='word_1_193' title='bbox 1131 924 1199 955; x_wconf 86' lang='lat' dir='ltr'><strong><em>Sic</em></strong></span> <span class='ocrx_word' id='word_1_194' title='bbox 1221 931 1261 956; x_wconf 89' lang='lat' dir='ltr'><strong><em>et</em></strong></span> <span class='ocrx_word' id='word_1_195' title='bbox 1281 925 1513 967; x_wconf 82' lang='lat' dir='ltr'><strong><em>religioni,</em></strong></span> <span class='ocrx_word' id='word_1_196' title='bbox 1550 934 1670 966; x_wconf 86' lang='lat' dir='ltr'><strong><em>quam</em></strong></span> <span class='ocrx_word' id='word_1_197' title='bbox 1703 923 1864 964; x_wconf 83' lang='lat' dir='ltr'><strong><em>magnis</em></strong></span> <span class='ocrx_word' id='word_1_198' title='bbox 1895 923 2026 954; x_wconf 86' lang='lat' dir='ltr'><strong><em>bene-</em></strong></span> 
     </span>
     <span class='ocr_line' id='line_1_16' title="bbox 146 975 2027 1019; baseline -0.004 -7"><span class='ocrx_word' id='word_1_199' title='bbox 146 980 271 1013; x_wconf 81' lang='lat' dir='ltr'><strong><em>ficiis</em></strong></span> <span class='ocrx_word' id='word_1_200' title='bbox 295 990 385 1009; x_wconf 84' lang='lat' dir='ltr'><strong><em>elus</em></strong></span> <span class='ocrx_word' id='word_1_201' title='bbox 409 977 549 1017; x_wconf 84' lang='lat' dir='ltr'><strong><em>debet,</em></strong></span> <span class='ocrx_word' id='word_1_202' title='bbox 580 977 689 1008; x_wconf 82' lang='lat' dir='ltr'><strong><em>satis</em></strong></span> <span class='ocrx_word' id='word_1_203' title='bbox 710 977 829 1016; x_wconf 84' lang='lat' dir='ltr'><strong><em>facit,</em></strong></span> <span class='ocrx_word' id='word_1_204' title='bbox 867 983 906 1008; x_wconf 86' lang='lat' dir='ltr'><strong><em>et</em></strong></span> <span class='ocrx_word' id='word_1_205' title='bbox 934 976 1082 1019; x_wconf 86' lang='lat' dir='ltr'><strong><em>pedem</em></strong></span> <span class='ocrx_word' id='word_1_206' title='bbox 1110 976 1244 1008; x_wconf 83' lang='lat' dir='ltr'><strong><em>refert</em></strong></span> <span class='ocrx_word' id='word_1_207' title='bbox 1266 977 1315 1008; x_wconf 89' lang='lat' dir='ltr'><strong><em>ab</em></strong></span> <span class='ocrx_word' id='word_1_208' title='bbox 1338 977 1623 1009; x_wconf 80' lang='lat' dir='ltr'><strong><em>insectatione</em></strong></span> <span class='ocrx_word' id='word_1_209' title='bbox 1644 975 1838 1013; x_wconf 88' lang='lat' dir='ltr'><strong><em>testium,</em></strong></span> <span class='ocrx_word' id='word_1_210' title='bbox 1873 975 2027 1018; x_wconf 84' lang='lat' dir='ltr'><strong><em>quibus</em></strong></span> 
     </span>
     <span class='ocr_line' id='line_1_17' title="bbox 145 1027 2028 1073; baseline -0.002 -11"><span class='ocrx_word' id='word_1_211' title='bbox 145 1032 254 1063; x_wconf 86' lang='lat' dir='ltr'><strong><em>dicit</em></strong></span> <span class='ocrx_word' id='word_1_212' title='bbox 281 1042 371 1061; x_wconf 80' lang='lat' dir='ltr'><strong><em>esse</em></strong></span> <span class='ocrx_word' id='word_1_213' title='bbox 400 1030 666 1073; x_wconf 80' lang='lat' dir='ltr'><strong><em>parcendum.</em></strong></span> <span class='ocrx_word' id='word_1_214' title='bbox 707 1031 868 1061; x_wconf 73' lang='lat' dir='ltr'>SCHOLIA</span> <span class='ocrx_word' id='word_1_215' title='bbox 891 1031 1101 1063; x_wconf 73' lang='lat' dir='ltr'>UATICANA.</span> <span class='ocrx_word' id='word_1_216' title='bbox 1145 1029 1257 1061; x_wconf 89' lang='lat' dir='ltr'><strong><em>Habet</em></strong></span> <span class='ocrx_word' id='word_1_217' title='bbox 1278 1031 1354 1063; x_wconf 86' lang='lat' dir='ltr'><strong><em>Uat.</em></strong></span> <span class='ocrx_word' id='word_1_218' title='bbox 1378 1031 1479 1062; x_wconf 81' lang='lat' dir='ltr'><strong><em>uerba</em></strong></span> <span class='ocrx_word' id='word_1_219' title='bbox 1500 1029 1596 1061; x_wconf 89' lang='lat' dir='ltr'>Tulli</span> <span class='ocrx_word' id='word_1_220' title='bbox 1618 1028 1665 1060; x_wconf 86' lang='lat' dir='ltr'><strong><em>sic</em></strong></span> <span class='ocrx_word' id='word_1_221' title='bbox 1686 1034 1722 1059; x_wconf 87' lang='lat' dir='ltr'><strong><em>ut</em></strong></span> <span class='ocrx_word' id='word_1_222' title='bbox 1744 1028 1924 1071; x_wconf 85' lang='lat' dir='ltr'><strong><em>praeposui</em></strong></span> <span class='ocrx_word' id='word_1_223' title='bbox 1945 1027 2028 1059; x_wconf 86' lang='lat' dir='ltr'><strong><em>scri-</em></strong></span> 
     </span>
    </p>
   </div>
   <div class='ocr_carea' id='block_1_4' title="bbox 146 1079 2028 1179">
    <p class='ocr_par' dir='ltr' id='par_1_4' title="bbox 146 1079 2028 1179">
     <span class='ocr_line' id='line_1_18' title="bbox 146 1079 2028 1128; baseline -0.003 -12"><span class='ocrx_word' id='word_1_224' title='bbox 146 1092 218 1128; x_wconf 80' lang='lat' dir='ltr'><strong><em>pta3</em></strong></span> <span class='ocrx_word' id='word_1_225' title='bbox 257 1095 300 1115; x_wconf 83' lang='lat' dir='ltr'><strong><em>ex</em></strong></span> <span class='ocrx_word' id='word_1_226' title='bbox 322 1094 388 1124; x_wconf 90' lang='lat' dir='ltr'><strong><em>quo</em></strong></span> <span class='ocrx_word' id='word_1_227' title='bbox 412 1089 565 1125; x_wconf 75' lang='lat' dir='ltr'><strong><em>apparet,</em></strong></span> <span class='ocrx_word' id='word_1_228' title='bbox 594 1090 681 1114; x_wconf 85' lang='lat' dir='ltr'><strong><em>recte</em></strong></span> <span class='ocrx_word' id='word_1_229' title='bbox 705 1089 736 1114; x_wconf 83' lang='lat' dir='ltr'><strong><em>et</em></strong></span> <span class='ocrx_word' id='word_1_230' title='bbox 759 1081 926 1125; x_wconf 75' lang='lat' dir='ltr'><strong><em>defugere</em></strong></span> <span class='ocrx_word' id='word_1_231' title='bbox 947 1082 1135 1114; x_wconf 69' lang='lat' dir='ltr'><strong><em>restitutum</em></strong></span> <span class='ocrx_word' id='word_1_232' title='bbox 1158 1088 1190 1114; x_wconf 87' lang='lat' dir='ltr'><strong><em>et</em></strong></span> <span class='ocrx_word' id='word_1_233' title='bbox 1211 1096 1305 1116; x_wconf 89' lang='lat' dir='ltr'><strong><em>more</em></strong></span> <span class='ocrx_word' id='word_1_234' title='bbox 1326 1096 1399 1115; x_wconf 86' lang='lat' dir='ltr'><strong><em>meo</em></strong></span> <span class='ocrx_word' id='word_1_235' title='bbox 1416 1083 1570 1127; x_wconf 82' lang='lat' dir='ltr'><strong><em>pristino</em></strong></span> <span class='ocrx_word' id='word_1_236' title='bbox 1595 1080 1748 1113; x_wconf 76' lang='lat' dir='ltr'><strong><em>Baum-ici</em></strong></span> <span class='ocrx_word' id='word_1_237' title='bbox 1771 1086 1802 1112; x_wconf 89' lang='lat' dir='ltr'><strong><em>et</em></strong></span> <span class='ocrx_word' id='word_1_238' title='bbox 1822 1079 2028 1112; x_wconf 77' lang='lat' dir='ltr'><strong><em>Erfurtensis</em></strong></span> 
     </span>
     <span class='ocr_line' id='line_1_19' title="bbox 148 1136 815 1179; baseline -0.004 -10"><span class='ocrx_word' id='word_1_239' title='bbox 148 1138 314 1169; x_wconf 79' lang='lat' dir='ltr'><strong><em>librorum</em></strong></span> <span class='ocrx_word' id='word_1_240' title='bbox 335 1136 528 1166; x_wconf 77' lang='lat' dir='ltr'><strong><em>auctoritate</em></strong></span> <span class='ocrx_word' id='word_1_241' title='bbox 551 1136 711 1179; x_wconf 81' lang='lat' dir='ltr'><strong><em>scriptum</em></strong></span> <span class='ocrx_word' id='word_1_242' title='bbox 734 1147 815 1167; x_wconf 78' lang='lat' dir='ltr'><strong><em>esse.</em></strong></span> 
     </span>
    </p>
   </div>
   <div class='ocr_carea' id='block_1_5' title="bbox 148 1201 2032 1405">
    <p class='ocr_par' dir='ltr' id='par_1_5' title="bbox 148 1201 2032 1405">
     <span class='ocr_line' id='line_1_20' title="bbox 233 1201 2031 1248; baseline -0.004 -12"><span class='ocrx_word' id='word_1_243' title='bbox 233 1205 336 1244; x_wconf 74' lang='lat' dir='ltr'><strong><em>Quod</em></strong></span> <span class='ocrx_word' id='word_1_244' title='bbox 357 1205 408 1236; x_wconf 88' lang='lat' dir='ltr'><strong><em>ita</em></strong></span> <span class='ocrx_word' id='word_1_245' title='bbox 431 1205 472 1236; x_wconf 89' lang='lat' dir='ltr'><strong><em>de</em></strong></span> <span class='ocrx_word' id='word_1_246' title='bbox 492 1217 546 1236; x_wconf 83' lang='lat' dir='ltr'><strong><em>me</em></strong></span> <span class='ocrx_word' id='word_1_247' title='bbox 569 1205 686 1236; x_wconf 81' lang='lat' dir='ltr'><strong><em>meriti</em></strong></span> <span class='ocrx_word' id='word_1_248' title='bbox 707 1209 788 1236; x_wconf 85' lang='lat' dir='ltr'><strong><em>sunt</em></strong></span> <span class='ocrx_word' id='word_1_249' title='bbox 811 1203 867 1235; x_wconf 85' lang='lat' dir='ltr'><strong><em>illi</em></strong></span> <span class='ocrx_word' id='word_1_250' title='bbox 892 1203 978 1247; x_wconf 83' lang='lat' dir='ltr'><strong><em>ipsi,</em></strong></span> <span class='ocrx_word' id='word_1_251' title='bbox 1012 1216 1095 1248; x_wconf 82' lang='lat' dir='ltr'><strong><em>quos</em></strong></span> <span class='ocrx_word' id='word_1_252' title='bbox 1118 1216 1181 1248; x_wconf 81' lang='lat' dir='ltr'><strong><em>ego</em></strong></span> <span class='ocrx_word' id='word_1_253' title='bbox 1205 1205 1302 1237; x_wconf 83' lang='lat' dir='ltr'><strong><em>testis</em></strong></span> <span class='ocrx_word' id='word_1_254' title='bbox 1322 1205 1422 1237; x_wconf 84' lang='lat' dir='ltr'><strong><em>uideo</em></strong></span> <span class='ocrx_word' id='word_1_255' title='bbox 1441 1202 1600 1248; x_wconf 86' lang='lat' dir='ltr'><strong><em>paratos)</em></strong></span> <span class='ocrx_word' id='word_1_256' title='bbox 1644 1201 1893 1236; x_wconf 79' lang='lat' dir='ltr'><strong><em>Animaduerte</em></strong></span> <span class='ocrx_word' id='word_1_257' title='bbox 1915 1205 2031 1231; x_wconf 87' lang='lat' dir='ltr'><strong><em>orato—</em></strong></span> 
     </span>
     <span class='ocr_line' id='line_1_21' title="bbox 148 1254 2031 1301; baseline -0.003 -12"><span class='ocrx_word' id='word_1_258' title='bbox 148 1257 193 1289; x_wconf 83' lang='lat' dir='ltr'><strong><em>ris</em></strong></span> <span class='ocrx_word' id='word_1_259' title='bbox 217 1256 452 1296; x_wconf 75' lang='lat' dir='ltr'><strong><em>calliditatem,</em></strong></span> <span class='ocrx_word' id='word_1_260' title='bbox 485 1257 543 1299; x_wconf 88' lang='lat' dir='ltr'><strong><em>qui</em></strong></span> <span class='ocrx_word' id='word_1_261' title='bbox 567 1257 703 1289; x_wconf 82' lang='lat' dir='ltr'><strong><em>testium</em></strong></span> <span class='ocrx_word' id='word_1_262' title='bbox 727 1257 844 1296; x_wconf 86' lang='lat' dir='ltr'><strong><em>etiam,</em></strong></span> <span class='ocrx_word' id='word_1_263' title='bbox 869 1268 951 1298; x_wconf 86' lang='lat' dir='ltr'><strong><em>quos</em></strong></span> <span class='ocrx_word' id='word_1_264' title='bbox 974 1257 1213 1299; x_wconf 81' lang='lat' dir='ltr'><strong><em>reprehendit,</em></strong></span> <span class='ocrx_word' id='word_1_265' title='bbox 1237 1257 1510 1289; x_wconf 77' lang='lat' dir='ltr'><strong><em>beneuolentiam</em></strong></span> <span class='ocrx_word' id='word_1_266' title='bbox 1533 1263 1667 1301; x_wconf 79' lang='lat' dir='ltr'><strong><em>captare</em></strong></span> <span class='ocrx_word' id='word_1_267' title='bbox 1689 1254 1838 1293; x_wconf 85' lang='lat' dir='ltr'><strong><em>studeat,</em></strong></span> <span class='ocrx_word' id='word_1_268' title='bbox 1872 1264 1950 1284; x_wconf 86' lang='lat' dir='ltr'><strong><em>cum</em></strong></span> <span class='ocrx_word' id='word_1_269' title='bbox 1972 1263 2031 1284; x_wconf 91' lang='lat' dir='ltr'><strong><em>eo-</em></strong></span> 
     </span>
     <span class='ocr_line' id='line_1_22' title="bbox 148 1304 2032 1353; baseline -0.002 -11"><span class='ocrx_word' id='word_1_270' title='bbox 148 1309 293 1342; x_wconf 85' lang='lat' dir='ltr'><strong><em>rundem</em></strong></span> <span class='ocrx_word' id='word_1_271' title='bbox 317 1309 428 1341; x_wconf 84' lang='lat' dir='ltr'><strong><em>studio</em></strong></span> <span class='ocrx_word' id='word_1_272' title='bbox 453 1310 610 1341; x_wconf 73' lang='lat' dir='ltr'><strong><em>effectum</em></strong></span> <span class='ocrx_word' id='word_1_273' title='bbox 634 1309 715 1340; x_wconf 79' lang='lat' dir='ltr'><strong><em>dicit</em></strong></span> <span class='ocrx_word' id='word_1_274' title='bbox 738 1320 825 1349; x_wconf 86' lang='lat' dir='ltr'><strong><em>esse,</em></strong></span> <span class='ocrx_word' id='word_1_275' title='bbox 848 1315 886 1340; x_wconf 80' lang='lat' dir='ltr'><strong><em>ut</em></strong></span> <span class='ocrx_word' id='word_1_276' title='bbox 908 1309 943 1340; x_wconf 89' lang='lat' dir='ltr'><strong><em>in</em></strong></span> <span class='ocrx_word' id='word_1_277' title='bbox 965 1310 1111 1353; x_wconf 84' lang='lat' dir='ltr'><strong><em>patriam</em></strong></span> <span class='ocrx_word' id='word_1_278' title='bbox 1132 1316 1366 1350; x_wconf 84' lang='lat' dir='ltr'><strong><em>reuocaretur,</em></strong></span> <span class='ocrx_word' id='word_1_279' title='bbox 1392 1310 1434 1341; x_wconf 90' lang='lat' dir='ltr'><strong><em>ob</em></strong></span> <span class='ocrx_word' id='word_1_280' title='bbox 1457 1321 1598 1351; x_wconf 85' lang='lat' dir='ltr'><strong><em>eamque</em></strong></span> <span class='ocrx_word' id='word_1_281' title='bbox 1618 1320 1692 1340; x_wconf 89' lang='lat' dir='ltr'><strong><em>rem</em></strong></span> <span class='ocrx_word' id='word_1_282' title='bbox 1714 1307 1912 1339; x_wconf 81' lang='lat' dir='ltr'><strong><em>obstrictum</em></strong></span> <span class='ocrx_word' id='word_1_283' title='bbox 1934 1316 1970 1337; x_wconf 87' lang='lat' dir='ltr'><strong><em>se</em></strong></span> <span class='ocrx_word' id='word_1_284' title='bbox 1990 1304 2032 1337; x_wconf 84' lang='lat' dir='ltr'><strong><em>iis</em></strong></span> 
     </span>
     <span class='ocr_line' id='line_1_23' title="bbox 148 1357 2031 1405; baseline -0.002 -12"><span class='ocrx_word' id='word_1_285' title='bbox 148 1374 219 1393; x_wconf 86' lang='lat' dir='ltr'><strong><em>esse</em></strong></span> <span class='ocrx_word' id='word_1_286' title='bbox 242 1361 399 1393; x_wconf 64' lang='lat' dir='ltr'><strong><em>declarat,</em></strong></span> <span class='ocrx_word' id='word_1_287' title='bbox 445 1362 698 1395; x_wconf 78' lang='lat' dir='ltr'><strong><em>Manifestumst</em></strong></span> <span class='ocrx_word' id='word_1_288' title='bbox 719 1362 829 1402; x_wconf 82' lang='lat' dir='ltr'><strong><em>enim,</em></strong></span> <span class='ocrx_word' id='word_1_289' title='bbox 865 1363 960 1394; x_wconf 89' lang='lat' dir='ltr'><strong><em>nullo</em></strong></span> <span class='ocrx_word' id='word_1_290' title='bbox 984 1362 1026 1393; x_wconf 85' lang='lat' dir='ltr'><strong><em>de</em></strong></span> <span class='ocrx_word' id='word_1_291' title='bbox 1048 1363 1114 1394; x_wconf 87' lang='lat' dir='ltr'><strong><em>alio</em></strong></span> <span class='ocrx_word' id='word_1_292' title='bbox 1137 1363 1260 1395; x_wconf 87' lang='lat' dir='ltr'><strong><em>merito</em></strong></span> <span class='ocrx_word' id='word_1_293' title='bbox 1285 1361 1424 1405; x_wconf 81' lang='lat' dir='ltr'><strong><em>cogitari</em></strong></span> <span class='ocrx_word' id='word_1_294' title='bbox 1447 1362 1502 1393; x_wconf 82' lang='lat' dir='ltr'><strong><em>hic</em></strong></span> <span class='ocrx_word' id='word_1_295' title='bbox 1523 1373 1633 1405; x_wconf 80' lang='lat' dir='ltr'><strong><em>posse.</em></strong></span> <span class='ocrx_word' id='word_1_296' title='bbox 1679 1360 1750 1393; x_wconf 81' lang='lat' dir='ltr'><strong><em>Cfr.</em></strong></span> <span class='ocrx_word' id='word_1_297' title='bbox 1775 1370 1860 1403; x_wconf 87' lang='lat' dir='ltr'><strong><em>quae</em></strong></span> <span class='ocrx_word' id='word_1_298' title='bbox 1882 1357 2031 1391; x_wconf 75' lang='lat' dir='ltr'><strong><em>diximus</em></strong></span> 
     </span>
    </p>
   </div>
   <div class='ocr_carea' id='block_1_6' title="bbox 148 1414 565 1457">
    <p class='ocr_par' dir='ltr' id='par_1_6' title="bbox 148 1414 565 1457">
     <span class='ocr_line' id='line_1_24' title="bbox 148 1414 565 1457; baseline 0 -10"><span class='ocrx_word' id='word_1_299' title='bbox 148 1416 192 1447; x_wconf 85' lang='lat' dir='ltr'><strong><em>ad</em></strong></span> <span class='ocrx_word' id='word_1_300' title='bbox 216 1415 253 1446; x_wconf 92' lang='lat' dir='ltr'><strong><em>C.</em></strong></span> <span class='ocrx_word' id='word_1_301' title='bbox 279 1414 304 1444; x_wconf 85' lang='grc' dir='ltr'><strong><em>Ι.</em></strong></span> <span class='ocrx_word' id='word_1_302' title='bbox 330 1414 360 1456; x_wconf 84' lang='lat'><strong><em>§.</em></strong></span> <span class='ocrx_word' id='word_1_303' title='bbox 386 1426 412 1446; x_wconf 86' lang='lat'><strong><em>1.</em></strong></span> <span class='ocrx_word' id='word_1_304' title='bbox 434 1426 469 1457; x_wconf 90' lang='lat' dir='ltr'><strong><em>p.</em></strong></span> <span class='ocrx_word' id='word_1_305' title='bbox 494 1416 565 1447; x_wconf 88' lang='lat'><strong>60..</strong></span> 
     </span>
    </p>
   </div>
   <div class='ocr_carea' id='block_1_7' title="bbox 148 1480 2032 1579">
    <p class='ocr_par' dir='ltr' id='par_1_7' title="bbox 148 1480 2032 1579">
     <span class='ocr_line' id='line_1_25' title="bbox 242 1480 2032 1528; baseline -0.001 -15"><span class='ocrx_word' id='word_1_306' title='bbox 242 1481 289 1514; x_wconf 86' lang='lat' dir='ltr'><strong><em>Ut</em></strong></span> <span class='ocrx_word' id='word_1_307' title='bbox 311 1495 429 1514; x_wconf 81' lang='lat' dir='ltr'><strong><em>eorum</em></strong></span> <span class='ocrx_word' id='word_1_308' title='bbox 452 1484 747 1527; x_wconf 70' lang='lat' dir='ltr'><strong><em>reprehensionem</em></strong></span> <span class='ocrx_word' id='word_1_309' title='bbox 769 1495 830 1514; x_wconf 83' lang='lat' dir='ltr'><strong><em>uos</em></strong></span> <span class='ocrx_word' id='word_1_310' title='bbox 852 1489 991 1516; x_wconf 89' lang='lat' dir='ltr'><strong><em>uostrae</em></strong></span> <span class='ocrx_word' id='word_1_311' title='bbox 1007 1484 1218 1528; x_wconf 78' lang='lat' dir='ltr'><strong><em>prudentiae</em></strong></span> <span class='ocrx_word' id='word_1_312' title='bbox 1239 1484 1434 1525; x_wconf 79' lang='lat' dir='ltr'><strong><em>adsumere,</em></strong></span> <span class='ocrx_word' id='word_1_313' title='bbox 1456 1496 1551 1516; x_wconf 89' lang='lat' dir='ltr'><strong><em>meae</em></strong></span> <span class='ocrx_word' id='word_1_314' title='bbox 1573 1481 1759 1516; x_wconf 84' lang='lat' dir='ltr'><strong><em>modestiae</em></strong></span> <span class='ocrx_word' id='word_1_315' title='bbox 1780 1480 1954 1513; x_wconf 86' lang='lat' dir='ltr'><strong><em>remittere</em></strong></span> <span class='ocrx_word' id='word_1_316' title='bbox 1972 1480 2032 1512; x_wconf 82' lang='lat' dir='ltr'><strong><em>de·-</em></strong></span> 
     </span>
     <span class='ocr_line' id='line_1_26' title="bbox 148 1534 2032 1579; baseline -0.004 -9"><span class='ocrx_word' id='word_1_317' title='bbox 148 1534 279 1577; x_wconf 84' lang='lat' dir='ltr'><strong><em>beatis)</em></strong></span> <span class='ocrx_word' id='word_1_318' title='bbox 331 1535 533 1567; x_wconf 77' lang='lat' dir='ltr'><strong><em>insolentius</em></strong></span> <span class='ocrx_word' id='word_1_319' title='bbox 570 1537 651 1567; x_wconf 86' lang='lat' dir='ltr'><strong><em>haec</em></strong></span> <span class='ocrx_word' id='word_1_320' title='bbox 687 1535 784 1566; x_wconf 75' lang='lat' dir='ltr'><strong><em>dicta.</em></strong></span> <span class='ocrx_word' id='word_1_321' title='bbox 832 1535 934 1567; x_wconf 72' lang='lat' dir='ltr'><strong><em>Errat</em></strong></span> <span class='ocrx_word' id='word_1_322' title='bbox 963 1537 1159 1576; x_wconf 84' lang='lat' dir='ltr'><strong><em>Schutzius‚</em></strong></span> <span class='ocrx_word' id='word_1_323' title='bbox 1206 1538 1265 1579; x_wconf 90' lang='lat' dir='ltr'><strong><em>qui</em></strong></span> <span class='ocrx_word' id='word_1_324' title='bbox 1302 1538 1483 1569; x_wconf 80' lang='lat' dir='ltr'><strong><em>adsumere</em></strong></span> <span class='ocrx_word' id='word_1_325' title='bbox 1517 1537 1553 1568; x_wconf 91' lang='lat' dir='ltr'><strong><em>in</em></strong></span> <span class='ocrx_word' id='word_1_326' title='bbox 1582 1536 1651 1567; x_wconf 78' lang='lat' dir='ltr'><strong><em>lex.</em></strong></span> <span class='ocrx_word' id='word_1_327' title='bbox 1682 1535 1752 1567; x_wconf 84' lang='lat' dir='ltr'><strong><em>Cic.</em></strong></span> <span class='ocrx_word' id='word_1_328' title='bbox 1788 1544 1879 1565; x_wconf 88' lang='lat' dir='ltr'><strong><em>nunc</em></strong></span> <span class='ocrx_word' id='word_1_329' title='bbox 1914 1538 2032 1564; x_wconf 88' lang='lat' dir='ltr'><strong><em>nostro</em></strong></span> 
     </span>
    </p>
   </div>
   <div class='ocr_carea' id='block_1_8' title="bbox 151 1585 2036 1895">
    <p class='ocr_par' dir='ltr' id='par_1_8' title="bbox 151 1585 2036 1895">
     <span class='ocr_line' id='line_1_27' title="bbox 151 1585 2032 1631; baseline -0.003 -9"><span class='ocrx_word' id='word_1_330' title='bbox 151 1589 257 1622; x_wconf 85' lang='lat' dir='ltr'><strong><em>uerbo</em></strong></span> <span class='ocrx_word' id='word_1_331' title='bbox 289 1588 362 1619; x_wconf 66' lang='lat' dir='ltr'><strong><em>sic-li</em></strong></span> <span class='ocrx_word' id='word_1_332' title='bbox 394 1588 611 1620; x_wconf 66' lang='lat' dir='ltr'><strong><em>vorbeltalten</em></strong></span> <span class='ocrx_word' id='word_1_333' title='bbox 646 1587 852 1630; x_wconf 83' lang='lat' dir='ltr'><strong><em>respondere</em></strong></span> <span class='ocrx_word' id='word_1_334' title='bbox 879 1595 1005 1620; x_wconf 87' lang='lat' dir='ltr'><strong><em>monet.</em></strong></span> <span class='ocrx_word' id='word_1_335' title='bbox 1051 1590 1151 1622; x_wconf 88' lang='lat' dir='ltr'><strong><em>Ualet</em></strong></span> <span class='ocrx_word' id='word_1_336' title='bbox 1178 1589 1233 1620; x_wconf 88' lang='lat' dir='ltr'><strong><em>hic</em></strong></span> <span class='ocrx_word' id='word_1_337' title='bbox 1259 1591 1456 1628; x_wconf 79' lang='lat' dir='ltr'><strong><em>adsumere,</em></strong></span> <span class='ocrx_word' id='word_1_338' title='bbox 1494 1589 1586 1631; x_wconf 91' lang='lat' dir='ltr'><strong><em>quod</em></strong></span> <span class='ocrx_word' id='word_1_339' title='bbox 1614 1588 1695 1620; x_wconf 86' lang='lat' dir='ltr'><strong><em>alibi</em></strong></span> <span class='ocrx_word' id='word_1_340' title='bbox 1727 1587 1828 1618; x_wconf 81' lang='lat' dir='ltr'><strong><em>etiam</em></strong></span> <span class='ocrx_word' id='word_1_341' title='bbox 1856 1585 2032 1628; x_wconf 78' lang='lat' dir='ltr'><strong><em>significat,</em></strong></span> 
     </span>
     <span class='ocr_line' id='line_1_28' title="bbox 152 1638 2034 1685; baseline -0.003 -11"><span class='ocrx_word' id='word_1_342' title='bbox 152 1642 216 1674; x_wconf 77' lang='lat' dir='ltr'><strong><em>sibi</em></strong></span> <span class='ocrx_word' id='word_1_343' title='bbox 237 1639 368 1681; x_wconf 79' lang='lat' dir='ltr'><strong><em>aliquid</em></strong></span> <span class='ocrx_word' id='word_1_344' title='bbox 390 1640 587 1680; x_wconf 71' lang='lat' dir='ltr'><strong><em>uendicare,</em></strong></span> <span class='ocrx_word' id='word_1_345' title='bbox 625 1641 753 1680; x_wconf 78' lang='lat' dir='ltr'><strong><em>facere,</em></strong></span> <span class='ocrx_word' id='word_1_346' title='bbox 793 1640 884 1682; x_wconf 90' lang='lat' dir='ltr'><strong><em>quod</em></strong></span> <span class='ocrx_word' id='word_1_347' title='bbox 906 1641 946 1672; x_wconf 84' lang='lat' dir='ltr'><strong><em>ab</em></strong></span> <span class='ocrx_word' id='word_1_348' title='bbox 972 1642 1039 1673; x_wconf 83' lang='lat' dir='ltr'><strong><em>alio</em></strong></span> <span class='ocrx_word' id='word_1_349' title='bbox 1064 1642 1176 1685; x_wconf 83' lang='lat' dir='ltr'><strong><em>polius</em></strong></span> <span class='ocrx_word' id='word_1_350' title='bbox 1207 1642 1307 1673; x_wconf 87' lang='lat' dir='ltr'><strong><em>debet</em></strong></span> <span class='ocrx_word' id='word_1_351' title='bbox 1329 1642 1413 1674; x_wconf 82' lang='lat' dir='ltr'><strong><em>fieri.</em></strong></span> <span class='ocrx_word' id='word_1_352' title='bbox 1466 1642 1612 1674; x_wconf 82' lang='lat' dir='ltr'><strong><em>Uostrae</em></strong></span> <span class='ocrx_word' id='word_1_353' title='bbox 1634 1640 1846 1684; x_wconf 77' lang='lat' dir='ltr'><strong><em>prudentiae</em></strong></span> <span class='ocrx_word' id='word_1_354' title='bbox 1875 1638 2034 1670; x_wconf 81' lang='lat' dir='ltr'><strong><em>dictumst</em></strong></span> 
     </span>
     <span class='ocr_line' id='line_1_29' title="bbox 151 1692 2035 1739; baseline -0.002 -14"><span class='ocrx_word' id='word_1_355' title='bbox 151 1706 215 1739; x_wconf 78' lang='lat' dir='ltr'><strong><em>pro</em></strong></span> <span class='ocrx_word' id='word_1_356' title='bbox 239 1692 335 1723; x_wconf 86' lang='lat' dir='ltr'><strong><em>uobis</em></strong></span> <span class='ocrx_word' id='word_1_357' title='bbox 357 1703 420 1734; x_wconf 81' lang='lat' dir='ltr'><strong><em>pro</em></strong></span> <span class='ocrx_word' id='word_1_358' title='bbox 444 1699 559 1723; x_wconf 82' lang='lat' dir='ltr'><strong><em>uostra</em></strong></span> <span class='ocrx_word' id='word_1_359' title='bbox 580 1693 780 1736; x_wconf 77' lang='lat' dir='ltr'><strong><em>prudentia,</em></strong></span> <span class='ocrx_word' id='word_1_360' title='bbox 802 1699 841 1724; x_wconf 81' lang='lat' dir='ltr'><strong><em>ut</em></strong></span> <span class='ocrx_word' id='word_1_361' title='bbox 862 1706 955 1726; x_wconf 85' lang='lat' dir='ltr'><strong><em>meae</em></strong></span> <span class='ocrx_word' id='word_1_362' title='bbox 976 1696 1162 1728; x_wconf 87' lang='lat' dir='ltr'><strong><em>modestiae</em></strong></span> <span class='ocrx_word' id='word_1_363' title='bbox 1182 1707 1246 1738; x_wconf 88' lang='lat' dir='ltr'><strong><em>pro</em></strong></span> <span class='ocrx_word' id='word_1_364' title='bbox 1268 1695 1354 1726; x_wconf 83' lang='lat' dir='ltr'><strong><em>mihi</em></strong></span> <span class='ocrx_word' id='word_1_365' title='bbox 1376 1706 1439 1736; x_wconf 82' lang='lat' dir='ltr'><strong><em>pro</em></strong></span> <span class='ocrx_word' id='word_1_366' title='bbox 1463 1706 1538 1725; x_wconf 85' lang='lat' dir='ltr'><strong><em>mea</em></strong></span> <span class='ocrx_word' id='word_1_367' title='bbox 1559 1693 1736 1725; x_wconf 82' lang='lat' dir='ltr'><strong><em>modestia.</em></strong></span> <span class='ocrx_word' id='word_1_368' title='bbox 1779 1693 1897 1733; x_wconf 81' lang='lat' dir='ltr'><strong><em>ltaque</em></strong></span> <span class='ocrx_word' id='word_1_369' title='bbox 1918 1701 2035 1722; x_wconf 88' lang='lat' dir='ltr'><strong><em>sensus</em></strong></span> 
     </span>
     <span class='ocr_line' id='line_1_30' title="bbox 153 1744 2036 1790; baseline -0.002 -12"><span class='ocrx_word' id='word_1_370' title='bbox 153 1753 219 1778; x_wconf 85' lang='lat' dir='ltr'><strong><em>est:</em></strong></span> <span class='ocrx_word' id='word_1_371' title='bbox 246 1746 317 1777; x_wconf 90' lang='lat' dir='ltr'><strong><em>Uos</em></strong></span> <span class='ocrx_word' id='word_1_372' title='bbox 337 1755 399 1786; x_wconf 84' lang='lat' dir='ltr'><strong><em>pro</em></strong></span> <span class='ocrx_word' id='word_1_373' title='bbox 423 1752 538 1776; x_wconf 83' lang='lat' dir='ltr'><strong><em>nostra</em></strong></span> <span class='ocrx_word' id='word_1_374' title='bbox 556 1746 747 1788; x_wconf 81' lang='lat' dir='ltr'><strong><em>prudentia,</em></strong></span> <span class='ocrx_word' id='word_1_375' title='bbox 774 1758 840 1788; x_wconf 87' lang='lat' dir='ltr'><strong><em>qua</em></strong></span> <span class='ocrx_word' id='word_1_376' title='bbox 860 1747 1055 1790; x_wconf 82' lang='lat' dir='ltr'><strong><em>intellegitis</em></strong></span> <span class='ocrx_word' id='word_1_377' title='bbox 1077 1759 1146 1779; x_wconf 86' lang='lat' dir='ltr'><strong><em>non</em></strong></span> <span class='ocrx_word' id='word_1_378' title='bbox 1166 1754 1256 1779; x_wconf 86' lang='lat' dir='ltr'><strong><em>recte</em></strong></span> <span class='ocrx_word' id='word_1_379' title='bbox 1278 1759 1297 1778; x_wconf 88' lang='lat' dir='ltr'>a</span> <span class='ocrx_word' id='word_1_380' title='bbox 1311 1759 1366 1778; x_wconf 89' lang='lat' dir='ltr'><strong><em>me</em></strong></span> <span class='ocrx_word' id='word_1_381' title='bbox 1386 1746 1591 1789; x_wconf 85' lang='lat' dir='ltr'><strong><em>reprehendi</em></strong></span> <span class='ocrx_word' id='word_1_382' title='bbox 1615 1758 1670 1777; x_wconf 87' lang='lat' dir='ltr'><strong><em>eos</em></strong></span> <span class='ocrx_word' id='word_1_383' title='bbox 1693 1755 1791 1787; x_wconf 84' lang='lat' dir='ltr'><strong><em>posse</em></strong></span> <span class='ocrx_word' id='word_1_384' title='bbox 1814 1744 1873 1786; x_wconf 85' lang='lat' dir='ltr'><strong><em>qui</em></strong></span> <span class='ocrx_word' id='word_1_385' title='bbox 1895 1749 2036 1786; x_wconf 85' lang='lat' dir='ltr'><strong><em>optume</em></strong></span> 
     </span>
     <span class='ocr_line' id='line_1_31' title="bbox 155 1796 2034 1842; baseline -0.002 -11"><span class='ocrx_word' id='word_1_386' title='bbox 155 1800 197 1831; x_wconf 86' lang='lat' dir='ltr'><strong><em>de</em></strong></span> <span class='ocrx_word' id='word_1_387' title='bbox 223 1810 276 1829; x_wconf 88' lang='lat' dir='ltr'><strong><em>me</em></strong></span> <span class='ocrx_word' id='word_1_388' title='bbox 299 1798 413 1828; x_wconf 78' lang='lat' dir='ltr'><strong><em>meriti</em></strong></span> <span class='ocrx_word' id='word_1_389' title='bbox 437 1798 522 1838; x_wconf 81' lang='lat' dir='ltr'><strong><em>sint,</em></strong></span> <span class='ocrx_word' id='word_1_390' title='bbox 546 1797 655 1829; x_wconf 83' lang='lat' dir='ltr'><strong><em>facere</em></strong></span> <span class='ocrx_word' id='word_1_391' title='bbox 678 1810 767 1830; x_wconf 87' lang='grc'>1111110</span> <span class='ocrx_word' id='word_1_392' title='bbox 790 1799 935 1839; x_wconf 87' lang='lat' dir='ltr'><strong><em>debetis,</em></strong></span> <span class='ocrx_word' id='word_1_393' title='bbox 968 1800 1060 1842; x_wconf 87' lang='lat' dir='ltr'><strong><em>quod</em></strong></span> <span class='ocrx_word' id='word_1_394' title='bbox 1082 1812 1137 1832; x_wconf 87' lang='lat' dir='ltr'><strong><em>me</em></strong></span> <span class='ocrx_word' id='word_1_395' title='bbox 1159 1800 1268 1832; x_wconf 82' lang='lat' dir='ltr'><strong><em>facere</em></strong></span> <span class='ocrx_word' id='word_1_396' title='bbox 1291 1799 1529 1838; x_wconf 81' lang='lat' dir='ltr'><strong><em>conueniebat,</em></strong></span> <span class='ocrx_word' id='word_1_397' title='bbox 1561 1805 1663 1841; x_wconf 83' lang='lat' dir='ltr'><strong><em>atque</em></strong></span> <span class='ocrx_word' id='word_1_398' title='bbox 1686 1797 1752 1841; x_wconf 87' lang='lat' dir='ltr'><strong><em>ipsi</em></strong></span> <span class='ocrx_word' id='word_1_399' title='bbox 1773 1796 1956 1839; x_wconf 82' lang='lat' dir='ltr'><strong><em>inprobare</em></strong></span> <span class='ocrx_word' id='word_1_400' title='bbox 1978 1807 2034 1827; x_wconf 88' lang='lat' dir='ltr'><strong><em>eos</em></strong></span> 
     </span>
     <span class='ocr_line' id='line_1_32' title="bbox 154 1851 1814 1895; baseline -0.002 -11"><span class='ocrx_word' id='word_1_401' title='bbox 154 1851 264 1890; x_wconf 81' lang='lat' dir='ltr'><strong><em>testis,</em></strong></span> <span class='ocrx_word' id='word_1_402' title='bbox 289 1861 372 1891; x_wconf 86' lang='lat' dir='ltr'><strong><em>quos</em></strong></span> <span class='ocrx_word' id='word_1_403' title='bbox 398 1861 458 1892; x_wconf 81' lang='lat' dir='ltr'><strong><em>ego</em></strong></span> <span class='ocrx_word' id='word_1_404' title='bbox 482 1851 710 1893; x_wconf 81' lang='lat' dir='ltr'><strong><em>inprobandos</em></strong></span> <span class='ocrx_word' id='word_1_405' title='bbox 734 1863 803 1883; x_wconf 90' lang='lat' dir='ltr'><strong><em>esse</em></strong></span> <span class='ocrx_word' id='word_1_406' title='bbox 826 1853 891 1884; x_wconf 89' lang='lat' dir='ltr'><strong><em>nisi</em></strong></span> <span class='ocrx_word' id='word_1_407' title='bbox 914 1853 1048 1884; x_wconf 87' lang='lat' dir='ltr'><strong><em>uiolatis</em></strong></span> <span class='ocrx_word' id='word_1_408' title='bbox 1070 1853 1254 1885; x_wconf 88' lang='lat' dir='ltr'><strong><em>modestiae</em></strong></span> <span class='ocrx_word' id='word_1_409' title='bbox 1276 1853 1406 1895; x_wconf 86' lang='lat' dir='ltr'><strong><em>legibus</em></strong></span> <span class='ocrx_word' id='word_1_410' title='bbox 1430 1852 1551 1883; x_wconf 85' lang='lat' dir='ltr'><strong><em>docere</em></strong></span> <span class='ocrx_word' id='word_1_411' title='bbox 1571 1863 1641 1883; x_wconf 86' lang='lat' dir='ltr'><strong><em>non</em></strong></span> <span class='ocrx_word' id='word_1_412' title='bbox 1663 1861 1814 1894; x_wconf 85' lang='lat' dir='ltr'><strong><em>possum.</em></strong></span> 
     </span>
    </p>
   </div>
   <div class='ocr_carea' id='block_1_9' title="bbox 154 1914 2037 2226">
    <p class='ocr_par' dir='ltr' id='par_1_9' title="bbox 154 1914 2037 2226">
     <span class='ocr_line' id='line_1_33' title="bbox 240 1914 2036 1964; baseline -0.002 -15"><span class='ocrx_word' id='word_1_413' title='bbox 240 1921 270 1960; x_wconf 54' lang='grc' dir='ltr'><strong><em>ᾗ.</em></strong></span> <span class='ocrx_word' id='word_1_414' title='bbox 295 1919 346 1960; x_wconf 77' lang='lat'><strong><em>57.</em></strong></span> <span class='ocrx_word' id='word_1_415' title='bbox 393 1918 569 1951; x_wconf 60' lang='lat' dir='ltr'><strong><em>ZVonnulli</em></strong></span> <span class='ocrx_word' id='word_1_416' title='bbox 592 1921 696 1952; x_wconf 83' lang='lat' dir='ltr'><strong><em>etiam</em></strong></span> <span class='ocrx_word' id='word_1_417' title='bbox 716 1923 829 1953; x_wconf 78' lang='lat' dir='ltr'><strong><em>nostri</em></strong></span> <span class='ocrx_word' id='word_1_418' title='bbox 850 1922 977 1964; x_wconf 76' lang='lat' dir='ltr'><strong><em>iniqui)</em></strong></span> <span class='ocrx_word' id='word_1_419' title='bbox 1021 1922 1100 1953; x_wconf 92' lang='lat' dir='ltr'><strong><em>Duo</em></strong></span> <span class='ocrx_word' id='word_1_420' title='bbox 1127 1927 1206 1953; x_wconf 83' lang='lat' dir='ltr'><strong><em>sunt</em></strong></span> <span class='ocrx_word' id='word_1_421' title='bbox 1225 1921 1291 1952; x_wconf 87' lang='lat' dir='ltr'><strong><em>loci</em></strong></span> <span class='ocrx_word' id='word_1_422' title='bbox 1314 1920 1481 1958; x_wconf 77' lang='lat' dir='ltr'><strong><em>Tulliani,</em></strong></span> <span class='ocrx_word' id='word_1_423' title='bbox 1518 1920 1638 1962; x_wconf 88' lang='lat' dir='ltr'><strong><em>quibus</em></strong></span> <span class='ocrx_word' id='word_1_424' title='bbox 1661 1919 1746 1951; x_wconf 85' lang='lat' dir='ltr'><strong><em>hanc</em></strong></span> <span class='ocrx_word' id='word_1_425' title='bbox 1769 1928 1829 1959; x_wconf 85' lang='lat' dir='ltr'><strong><em>ego</em></strong></span> <span class='ocrx_word' id='word_1_426' title='bbox 1852 1914 2036 1947; x_wconf 85' lang='lat' dir='ltr'><strong><em>formulam</em></strong></span> 
     </span>
     <span class='ocr_line' id='line_1_34' title="bbox 157 1968 2036 2016; baseline -0.003 -12"><span class='ocrx_word' id='word_1_427' title='bbox 157 1971 311 2004; x_wconf 78' lang='lat' dir='ltr'><strong><em>exhiberi</em></strong></span> <span class='ocrx_word' id='word_1_428' title='bbox 336 1970 408 2001; x_wconf 85' lang='lat' dir='ltr'><strong><em>sine</em></strong></span> <span class='ocrx_word' id='word_1_429' title='bbox 433 1971 595 2002; x_wconf 78' lang='lat' dir='ltr'><strong><em>uarietate</em></strong></span> <span class='ocrx_word' id='word_1_430' title='bbox 618 1974 803 2016; x_wconf 78' lang='lat' dir='ltr'><strong><em>cognorim.</em></strong></span> <span class='ocrx_word' id='word_1_431' title='bbox 848 1975 949 2006; x_wconf 83' lang='lat' dir='ltr'><strong><em>Alter</em></strong></span> <span class='ocrx_word' id='word_1_432' title='bbox 969 1974 1025 2005; x_wconf 78' lang='lat' dir='ltr'><strong><em>hic</em></strong></span> <span class='ocrx_word' id='word_1_433' title='bbox 1054 1979 1117 2013; x_wconf 85' lang='lat' dir='ltr'><strong><em>est,</em></strong></span> <span class='ocrx_word' id='word_1_434' title='bbox 1141 1974 1176 2004; x_wconf 84' lang='lat' dir='ltr'><strong><em>in</em></strong></span> <span class='ocrx_word' id='word_1_435' title='bbox 1193 1985 1258 2016; x_wconf 88' lang='lat' dir='ltr'><strong><em>quo</em></strong></span> <span class='ocrx_word' id='word_1_436' title='bbox 1282 1985 1369 2004; x_wconf 85' lang='lat' dir='ltr'><strong><em>unus</em></strong></span> <span class='ocrx_word' id='word_1_437' title='bbox 1394 1973 1435 2003; x_wconf 82' lang='lat' dir='ltr'><strong><em>de</em></strong></span> <span class='ocrx_word' id='word_1_438' title='bbox 1458 1973 1649 2004; x_wconf 82' lang='lat' dir='ltr'><strong><em>coniectura</em></strong></span> <span class='ocrx_word' id='word_1_439' title='bbox 1673 1970 1860 2003; x_wconf 84' lang='lat' dir='ltr'><strong><em>Lambinus</em></strong></span> <span class='ocrx_word' id='word_1_440' title='bbox 1884 1968 2036 2006; x_wconf 82' lang='lat' dir='ltr'><strong><em>inimici3</em></strong></span> 
     </span>
     <span class='ocr_line' id='line_1_35' title="bbox 157 2021 2037 2070; baseline -0.002 -14"><span class='ocrx_word' id='word_1_441' title='bbox 157 2026 243 2057; x_wconf 81' lang='lat' dir='ltr'><strong><em>alter</em></strong></span> <span class='ocrx_word' id='word_1_442' title='bbox 266 2025 312 2056; x_wconf 87' lang='lat' dir='ltr'><strong><em>V.</em></strong></span> <span class='ocrx_word' id='word_1_443' title='bbox 338 2024 373 2054; x_wconf 86' lang='lat' dir='ltr'><strong><em>in</em></strong></span> <span class='ocrx_word' id='word_1_444' title='bbox 396 2024 497 2055; x_wconf 79' lang='lat' dir='ltr'><strong><em>Uerr.</em></strong></span> <span class='ocrx_word' id='word_1_445' title='bbox 521 2025 591 2066; x_wconf 82' lang='lat'><strong>69.:</strong></span> <span class='ocrx_word' id='word_1_446' title='bbox 628 2027 708 2069; x_wconf 80' lang='lat' dir='ltr'><strong><em>Ego</em></strong></span> <span class='ocrx_word' id='word_1_447' title='bbox 737 2028 805 2059; x_wconf 88' lang='lat' dir='ltr'><strong><em>mei</em></strong></span> <span class='ocrx_word' id='word_1_448' title='bbox 828 2029 901 2059; x_wconf 84' lang='lat' dir='ltr'><strong><em>iam</em></strong></span> <span class='ocrx_word' id='word_1_449' title='bbox 929 2027 1097 2059; x_wconf 75' lang='lat' dir='ltr'><strong><em>rationem</em></strong></span> <span class='ocrx_word' id='word_1_450' title='bbox 1126 2027 1217 2070; x_wconf 86' lang='lat' dir='ltr'><strong><em>offici</em></strong></span> <span class='ocrx_word' id='word_1_451' title='bbox 1242 2025 1377 2069; x_wconf 79' lang='lat' dir='ltr'><strong><em>confido</em></strong></span> <span class='ocrx_word' id='word_1_452' title='bbox 1407 2038 1477 2057; x_wconf 89' lang='lat' dir='ltr'><strong><em>esse</em></strong></span> <span class='ocrx_word' id='word_1_453' title='bbox 1503 2026 1657 2058; x_wconf 79' lang='lat' dir='ltr'><strong><em>omnibus</em></strong></span> <span class='ocrx_word' id='word_1_454' title='bbox 1685 2022 1925 2067; x_wconf 77' lang='lat' dir='ltr'><strong><em>iniquissmnis</em></strong></span> <span class='ocrx_word' id='word_1_455' title='bbox 1952 2021 2037 2053; x_wconf 79' lang='lat' dir='ltr'><strong><em>meis</em></strong></span> 
     </span>
     <span class='ocr_line' id='line_1_36' title="bbox 154 2073 2037 2122; baseline -0.004 -12"><span class='ocrx_word' id='word_1_456' title='bbox 154 2078 379 2122; x_wconf 76' lang='lat' dir='ltr'><strong><em>persolutam.</em></strong></span> <span class='ocrx_word' id='word_1_457' title='bbox 423 2078 512 2108; x_wconf 84' lang='lat' dir='ltr'><strong><em>Nam</em></strong></span> <span class='ocrx_word' id='word_1_458' title='bbox 542 2089 644 2120; x_wconf 83' lang='lat' dir='ltr'><strong><em>supra</em></strong></span> <span class='ocrx_word' id='word_1_459' title='bbox 667 2079 705 2110; x_wconf 90' lang='lat' dir='ltr'><strong><em>C.</em></strong></span> <span class='ocrx_word' id='word_1_460' title='bbox 728 2079 828 2111; x_wconf 78' lang='lat' dir='ltr'><strong>XVI.</strong></span> <span class='ocrx_word' id='word_1_461' title='bbox 861 2079 890 2120; x_wconf 59' lang='grc' dir='ltr'><strong><em>ς.</em></strong></span> <span class='ocrx_word' id='word_1_462' title='bbox 914 2078 965 2110; x_wconf 81' lang='lat'><strong><em>40.</em></strong></span> <span class='ocrx_word' id='word_1_463' title='bbox 999 2079 1129 2111; x_wconf 84' lang='lat' dir='ltr'><strong><em>codices</em></strong></span> <span class='ocrx_word' id='word_1_464' title='bbox 1157 2079 1290 2110; x_wconf 81' lang='lat' dir='ltr'><strong><em>uariare</em></strong></span> <span class='ocrx_word' id='word_1_465' title='bbox 1318 2079 1385 2110; x_wconf 85' lang='lat' dir='ltr'><strong><em>iam</em></strong></span> <span class='ocrx_word' id='word_1_466' title='bbox 1408 2078 1556 2110; x_wconf 88' lang='lat' dir='ltr'><strong><em>uidimus</em></strong></span> <span class='ocrx_word' id='word_1_467' title='bbox 1587 2079 1635 2120; x_wconf 88' lang='lat' dir='ltr'><strong><em>[at</em></strong></span> <span class='ocrx_word' id='word_1_468' title='bbox 1658 2076 1790 2120; x_wconf 85' lang='lat' dir='ltr'><strong><em>optumi</em></strong></span> <span class='ocrx_word' id='word_1_469' title='bbox 1819 2073 2037 2118; x_wconf 84' lang='lat' dir='ltr'><strong><em>plurumique</em></strong></span> 
     </span>
     <span class='ocr_line' id='line_1_37' title="bbox 160 2126 2036 2175; baseline -0.003 -14"><span class='ocrx_word' id='word_1_470' title='bbox 160 2130 207 2162; x_wconf 86' lang='lat' dir='ltr'><strong><em>ibi</em></strong></span> <span class='ocrx_word' id='word_1_471' title='bbox 230 2130 368 2172; x_wconf 81' lang='lat' dir='ltr'><strong><em>iniquos</em></strong></span> <span class='ocrx_word' id='word_1_472' title='bbox 391 2130 563 2170; x_wconf 74' lang='lat' dir='ltr'><strong><em>tuentur];</em></strong></span> <span class='ocrx_word' id='word_1_473' title='bbox 600 2131 682 2162; x_wconf 88' lang='lat' dir='ltr'><strong><em>item</em></strong></span> <span class='ocrx_word' id='word_1_474' title='bbox 709 2132 772 2163; x_wconf 90' lang='lat' dir='ltr'><strong><em>XI.</em></strong></span> <span class='ocrx_word' id='word_1_475' title='bbox 804 2131 846 2162; x_wconf 88' lang='lat' dir='ltr'><strong><em>ad</em></strong></span> <span class='ocrx_word' id='word_1_476' title='bbox 869 2130 949 2162; x_wconf 87' lang='lat' dir='ltr'><strong><em>Diu.</em></strong></span> <span class='ocrx_word' id='word_1_477' title='bbox 977 2142 1027 2173; x_wconf 81' lang='lat'><strong><em>27.</em></strong></span> <span class='ocrx_word' id='word_1_478' title='bbox 1057 2137 1128 2163; x_wconf 89' lang='lat' dir='ltr'><strong><em>tam</em></strong></span> <span class='ocrx_word' id='word_1_479' title='bbox 1158 2131 1322 2175; x_wconf 78' lang='lat' dir='ltr'><strong><em>defendo,</em></strong></span> <span class='ocrx_word' id='word_1_480' title='bbox 1359 2144 1462 2175; x_wconf 86' lang='lat' dir='ltr'><strong><em>quam</em></strong></span> <span class='ocrx_word' id='word_1_481' title='bbox 1491 2143 1544 2163; x_wconf 87' lang='lat' dir='ltr'><strong><em>me</em></strong></span> <span class='ocrx_word' id='word_1_482' title='bbox 1566 2131 1635 2162; x_wconf 83' lang='lat' dir='ltr'><strong><em>scio</em></strong></span> <span class='ocrx_word' id='word_1_483' title='bbox 1657 2143 1678 2162; x_wconf 90' lang='lat' dir='ltr'><strong><em>a</em></strong></span> <span class='ocrx_word' id='word_1_484' title='bbox 1702 2135 1735 2161; x_wconf 83' lang='lat' dir='ltr'><strong><em>te</em></strong></span> <span class='ocrx_word' id='word_1_485' title='bbox 1757 2134 1878 2161; x_wconf 78' lang='lat' dir='ltr'><strong><em>contra</em></strong></span> <span class='ocrx_word' id='word_1_486' title='bbox 1901 2126 2036 2169; x_wconf 81' lang='lat' dir='ltr'><strong><em>iniquos</em></strong></span> 
     </span>
     <span class='ocr_line' id='line_1_38' title="bbox 161 2176 2035 2226; baseline -0.003 -12"><span class='ocrx_word' id='word_1_487' title='bbox 161 2183 268 2214; x_wconf 83' lang='lat' dir='ltr'><strong><em>solere</em></strong></span> <span class='ocrx_word' id='word_1_488' title='bbox 297 2180 456 2224; x_wconf 78' lang='lat' dir='ltr'><strong><em>desendi3</em></strong></span> <span class='ocrx_word' id='word_1_489' title='bbox 493 2188 543 2213; x_wconf 86' lang='lat' dir='ltr'><strong><em>set</em></strong></span> <span class='ocrx_word' id='word_1_490' title='bbox 571 2183 652 2215; x_wconf 87' lang='lat' dir='ltr'><em>Mss.</em></span> <span class='ocrx_word' id='word_1_491' title='bbox 676 2184 831 2216; x_wconf 85' lang='lat' dir='ltr'><strong><em>nonnulli</em></strong></span> <span class='ocrx_word' id='word_1_492' title='bbox 860 2185 1038 2223; x_wconf 72' lang='lat' dir='ltr'><strong><em>inimicos5</em></strong></span> <span class='ocrx_word' id='word_1_493' title='bbox 1071 2185 1129 2215; x_wconf 91' lang='lat' dir='ltr'><strong><em>ubi</em></strong></span> <span class='ocrx_word' id='word_1_494' title='bbox 1155 2185 1289 2216; x_wconf 84' lang='lat' dir='ltr'><strong><em>Ernest.</em></strong></span> <span class='ocrx_word' id='word_1_495' title='bbox 1312 2183 1508 2226; x_wconf 84' lang='lat' dir='ltr'><strong><em>inprobauit</em></strong></span> <span class='ocrx_word' id='word_1_496' title='bbox 1530 2195 1638 2222; x_wconf 76' lang='lat' dir='ltr'><strong><em>meos,</em></strong></span> <span class='ocrx_word' id='word_1_497' title='bbox 1670 2193 1747 2213; x_wconf 86' lang='lat' dir='ltr'><strong><em>cum</em></strong></span> <span class='ocrx_word' id='word_1_498' title='bbox 1769 2187 1882 2212; x_wconf 88' lang='lat' dir='ltr'><strong><em>tamen</em></strong></span> <span class='ocrx_word' id='word_1_499' title='bbox 1905 2178 1977 2221; x_wconf 87' lang='lat' dir='ltr'><strong><em>ipse</em></strong></span> <span class='ocrx_word' id='word_1_500' title='bbox 1999 2176 2035 2207; x_wconf 84' lang='lat' dir='ltr'><strong><em>in</em></strong></span> 
     </span>
    </p>
   </div>
   <div class='ocr_carea' id='block_1_10' title="bbox 165 2332 2037 2413">
    <p class='ocr_par' dir='ltr' id='par_1_10' title="bbox 165 2332 2037 2413">
     <span class='ocr_line' id='line_1_39' title="bbox 241 2332 2037 2378; baseline -0.002 -15"><span class='ocrx_word' id='word_1_501' title='bbox 241 2336 265 2373; x_wconf 86' lang='lat'><strong><em>1)</em></strong></span> <span class='ocrx_word' id='word_1_502' title='bbox 305 2335 376 2363; x_wconf 73' lang='lat' dir='ltr'><strong><em>Nou</em></strong></span> <span class='ocrx_word' id='word_1_503' title='bbox 397 2337 504 2373; x_wconf 71' lang='lat' dir='ltr'><strong><em>uideo,</em></strong></span> <span class='ocrx_word' id='word_1_504' title='bbox 535 2339 588 2376; x_wconf 82' lang='lat' dir='ltr'><strong><em>qui</em></strong></span> <span class='ocrx_word' id='word_1_505' title='bbox 608 2345 692 2368; x_wconf 81' lang='lat' dir='ltr'><strong><em>reete</em></strong></span> <span class='ocrx_word' id='word_1_506' title='bbox 712 2350 743 2368; x_wconf 82' lang='lat' dir='ltr'><strong><em>se</em></strong></span> <span class='ocrx_word' id='word_1_507' title='bbox 763 2340 906 2368; x_wconf 71' lang='lat' dir='ltr'><strong><em>contendi</em></strong></span> <span class='ocrx_word' id='word_1_508' title='bbox 936 2339 1049 2368; x_wconf 73' lang='lat' dir='ltr'><strong><em>habere</em></strong></span> <span class='ocrx_word' id='word_1_509' title='bbox 1070 2338 1184 2377; x_wconf 83' lang='lat' dir='ltr'><strong><em>possit,</em></strong></span> <span class='ocrx_word' id='word_1_510' title='bbox 1212 2338 1249 2367; x_wconf 87' lang='lat' dir='ltr'><strong><em>de</em></strong></span> <span class='ocrx_word' id='word_1_511' title='bbox 1270 2349 1329 2378; x_wconf 90' lang='lat' dir='ltr'><strong><em>quo</em></strong></span> <span class='ocrx_word' id='word_1_512' title='bbox 1351 2337 1431 2367; x_wconf 81' lang='lat' dir='ltr'><strong><em>nihil</em></strong></span> <span class='ocrx_word' id='word_1_513' title='bbox 1453 2336 1613 2366; x_wconf 80' lang='lat' dir='ltr'><strong><em>admonuit</em></strong></span> <span class='ocrx_word' id='word_1_514' title='bbox 1631 2338 1668 2366; x_wconf 78' lang='lat' dir='ltr'><strong><em>A.</em></strong></span> <span class='ocrx_word' id='word_1_515' title='bbox 1690 2335 1801 2365; x_wconf 80' lang='lat' dir='ltr'><strong><em>Maius.</em></strong></span> <span class='ocrx_word' id='word_1_516' title='bbox 1840 2332 2037 2371; x_wconf 82' lang='lat' dir='ltr'><strong><em>scriptumne</em></strong></span> 
     </span>
     <span class='ocr_line' id='line_1_40' title="bbox 165 2384 474 2413; baseline 0 -1"><span class='ocrx_word' id='word_1_517' title='bbox 165 2385 224 2413; x_wconf 81' lang='lat' dir='ltr'><strong><em>fuit</em></strong></span> <span class='ocrx_word' id='word_1_518' title='bbox 243 2384 474 2412; x_wconf 77' lang='lat' dir='ltr'><strong><em>contendendi?</em></strong></span> 
     </span>
    </p>
   </div>
   <div class='ocr_carea' id='block_1_11' title="bbox 237 2440 856 2479">
    <p class='ocr_par' dir='ltr' id='par_1_11' title="bbox 237 2440 856 2479">
     <span class='ocr_line' id='line_1_41' title="bbox 237 2440 856 2479; baseline 0.01 -13"><span class='ocrx_word' id='word_1_519' title='bbox 237 2440 266 2478; x_wconf 85' lang='lat'><strong><em>2)</em></strong></span> <span class='ocrx_word' id='word_1_520' title='bbox 305 2440 420 2479; x_wconf 83' lang='lat' dir='ltr'><strong><em>Supple</em></strong></span> <span class='ocrx_word' id='word_1_521' title='bbox 443 2443 638 2471; x_wconf 84' lang='lat' dir='ltr'><strong><em>uersiculum.</em></strong></span> <span class='ocrx_word' id='word_1_522' title='bbox 680 2443 718 2472; x_wconf 83' lang='lat' dir='ltr'><strong><em>A.</em></strong></span> <span class='ocrx_word' id='word_1_523' title='bbox 738 2444 856 2472; x_wconf 54' lang='lat' dir='ltr'><strong><em>Mnt‘s.</em></strong></span> 
     </span>
    </p>
   </div>
  </div>
 </body>
</html>
