<?xml version="1.0" encoding="UTF-8"?>
<!DOCTYPE html PUBLIC "-//W3C//DTD XHTML 1.0 Transitional//EN"
    "http://www.w3.org/TR/xhtml1/DTD/xhtml1-transitional.dtd">
<html xmlns="http://www.w3.org/1999/xhtml" xml:lang="en" lang="en">
 <head>
  <title>
</title>
<meta http-equiv="Content-Type" content="text/html;charset=utf-8" />
  <meta name='ocr-system' content='tesseract 3.04.00' />
  <meta name='ocr-capabilities' content='ocr_page ocr_carea ocr_par ocr_line ocrx_word'/>
</head>
<body>
  <div class='ocr_page' id='page_1' title='image "./oratioprocnplanc00ciceuoft_0314.png"; bbox 0 0 2185 2720; ppageno 0'>
   <div class='ocr_carea' id='block_1_1' title="bbox 107 148 1334 193">
    <p class='ocr_par' dir='ltr' id='par_1_1' title="bbox 107 148 1334 193">
     <span class='ocr_line' id='line_1_1' title="bbox 107 148 1334 193; baseline -0.005 -9"><span class='ocrx_word' id='word_1_1' title='bbox 107 166 160 193; x_wconf 59' lang='lat'><strong>195</strong></span> <span class='ocrx_word' id='word_1_2' title='bbox 753 148 1334 182; x_wconf 77' lang='lat' dir='ltr'><strong>COMMENTARIUS.</strong></span> 
     </span>
    </p>
   </div>
   <div class='ocr_carea' id='block_1_2' title="bbox 105 221 2017 2491">
    <p class='ocr_par' dir='ltr' id='par_1_2' title="bbox 105 221 2017 2491">
     <span class='ocr_line' id='line_1_2' title="bbox 105 221 1987 280; baseline -0.005 -14"><span class='ocrx_word' id='word_1_3' title='bbox 105 234 247 280; x_wconf 81' lang='lat' dir='ltr'>proprie</span> <span class='ocrx_word' id='word_1_4' title='bbox 276 233 529 277; x_wconf 74' lang='lat' dir='ltr'><strong>magistratus,</strong></span> <span class='ocrx_word' id='word_1_5' title='bbox 561 234 612 260; x_wconf 85' lang='lat' dir='ltr'><strong>set</strong></span> <span class='ocrx_word' id='word_1_6' title='bbox 634 239 702 272; x_wconf 79' lang='lat' dir='ltr'><strong>pro</strong></span> <span class='ocrx_word' id='word_1_7' title='bbox 733 226 1022 271; x_wconf 79' lang='lat' dir='ltr'><strong>magistratibus,</strong></span> <span class='ocrx_word' id='word_1_8' title='bbox 1061 231 1100 257; x_wconf 86' lang='lat' dir='ltr'><strong>ut</strong></span> <span class='ocrx_word' id='word_1_9' title='bbox 1127 223 1284 256; x_wconf 85' lang='lat' dir='ltr'>Plancius</span> <span class='ocrx_word' id='word_1_10' title='bbox 1314 229 1387 255; x_wconf 87' lang='lat' dir='ltr'><strong>erat</strong></span> <span class='ocrx_word' id='word_1_11' title='bbox 1413 222 1451 254; x_wconf 89' lang='lat' dir='ltr'><strong>in</strong></span> <span class='ocrx_word' id='word_1_12' title='bbox 1471 221 1673 255; x_wconf 85' lang='lat' dir='ltr'><strong>Macedonia</strong></span> <span class='ocrx_word' id='word_1_13' title='bbox 1697 235 1762 268; x_wconf 82' lang='lat' dir='ltr'><strong>pro</strong></span> <span class='ocrx_word' id='word_1_14' title='bbox 1783 225 1987 269; x_wconf 76' lang='lat' dir='ltr'><strong><em>quaestore?</em></strong></span> 
     </span>
     <span class='ocr_line' id='line_1_3' title="bbox 106 275 1987 328; baseline -0.005 -9"><span class='ocrx_word' id='word_1_15' title='bbox 106 288 206 320; x_wconf 86' lang='lat' dir='ltr'><strong>Hanc</strong></span> <span class='ocrx_word' id='word_1_16' title='bbox 227 286 263 318; x_wconf 89' lang='lat' dir='ltr'><strong>in</strong></span> <span class='ocrx_word' id='word_1_17' title='bbox 286 286 415 328; x_wconf 88' lang='lat' dir='ltr'><strong>legibus</strong></span> <span class='ocrx_word' id='word_1_18' title='bbox 438 282 649 325; x_wconf 72' lang='lat' dir='ltr'>diligentiam</span> <span class='ocrx_word' id='word_1_19' title='bbox 671 280 850 313; x_wconf 79' lang='lat' dir='ltr'>nominum</span> <span class='ocrx_word' id='word_1_20' title='bbox 872 279 1027 311; x_wconf 82' lang='lat' dir='ltr'>adhiberi</span> <span class='ocrx_word' id='word_1_21' title='bbox 1051 277 1267 310; x_wconf 88' lang='lat' dir='ltr'><strong>consueuisse</strong></span> <span class='ocrx_word' id='word_1_22' title='bbox 1287 276 1437 309; x_wconf 85' lang='lat' dir='ltr'><strong>formula</strong></span> <span class='ocrx_word' id='word_1_23' title='bbox 1457 275 1517 307; x_wconf 85' lang='lat' dir='ltr'><strong>illa</strong></span> <span class='ocrx_word' id='word_1_24' title='bbox 1539 281 1700 314; x_wconf 85' lang='lat' dir='ltr'><strong>testatur,</strong></span> <span class='ocrx_word' id='word_1_25' title='bbox 1722 286 1987 309; x_wconf 78' lang='lat' dir='ltr'>MAGISTRATUS</span> 
     </span>
     <span class='ocr_line' id='line_1_4' title="bbox 107 328 1988 378; baseline -0.005 -5"><span class='ocrx_word' id='word_1_26' title='bbox 107 350 232 373; x_wconf 68' lang='lat' dir='ltr'><strong>raom-1</strong></span> <span class='ocrx_word' id='word_1_27' title='bbox 255 345 514 375; x_wconf 59' lang='grc'><strong>115015111516,</strong></span> <span class='ocrx_word' id='word_1_28' title='bbox 537 346 638 378; x_wconf 85' lang='lat' dir='ltr'><strong>quam</strong></span> <span class='ocrx_word' id='word_1_29' title='bbox 660 334 697 366; x_wconf 86' lang='lat' dir='ltr'><strong>in</strong></span> <span class='ocrx_word' id='word_1_30' title='bbox 720 344 838 365; x_wconf 88' lang='lat' dir='ltr'><strong>earum</strong></span> <span class='ocrx_word' id='word_1_31' title='bbox 859 331 968 364; x_wconf 85' lang='lat' dir='ltr'><strong>tribus</strong></span> <span class='ocrx_word' id='word_1_32' title='bbox 990 330 1240 364; x_wconf 85' lang='lat' dir='ltr'><strong>uetustissumis</strong></span> <span class='ocrx_word' id='word_1_33' title='bbox 1271 336 1355 375; x_wconf 85' lang='lat' dir='ltr'><strong>aput</strong></span> <span class='ocrx_word' id='word_1_34' title='bbox 1376 329 1526 362; x_wconf 88' lang='lat' dir='ltr'><strong>Brisson.</strong></span> <span class='ocrx_word' id='word_1_35' title='bbox 1543 329 1587 360; x_wconf 92' lang='lat' dir='ltr'><strong>II.</strong></span> <span class='ocrx_word' id='word_1_36' title='bbox 1612 328 1654 360; x_wconf 91' lang='lat' dir='ltr'><strong>de</strong></span> <span class='ocrx_word' id='word_1_37' title='bbox 1667 328 1784 361; x_wconf 88' lang='lat' dir='ltr'><strong>Form.</strong></span> <span class='ocrx_word' id='word_1_38' title='bbox 1801 341 1851 362; x_wconf 81' lang='lat'><strong>22.</strong></span> <span class='ocrx_word' id='word_1_39' title='bbox 1868 331 1919 362; x_wconf 83' lang='lat'><strong>25.</strong></span> <span class='ocrx_word' id='word_1_40' title='bbox 1935 331 1988 363; x_wconf 87' lang='lat'><strong>50.</strong></span> 
     </span>
     <span class='ocr_line' id='line_1_5' title="bbox 109 381 1991 427; baseline -0.006 -1"><span class='ocrx_word' id='word_1_41' title='bbox 109 393 275 427; x_wconf 86' lang='lat' dir='ltr'><strong>inuenies.</strong></span> <span class='ocrx_word' id='word_1_42' title='bbox 320 391 370 423; x_wconf 85' lang='lat' dir='ltr'><strong>At</strong></span> <span class='ocrx_word' id='word_1_43' title='bbox 397 390 434 421; x_wconf 87' lang='lat' dir='ltr'><strong>in</strong></span> <span class='ocrx_word' id='word_1_44' title='bbox 457 387 619 421; x_wconf 88' lang='lat' dir='ltr'><strong>conmuni</strong></span> <span class='ocrx_word' id='word_1_45' title='bbox 649 397 805 419; x_wconf 82' lang='lat' dir='ltr'>sermone</span> <span class='ocrx_word' id='word_1_46' title='bbox 833 384 926 417; x_wconf 88' lang='lat' dir='ltr'><strong>idem</strong></span> <span class='ocrx_word' id='word_1_47' title='bbox 954 384 1022 425; x_wconf 88' lang='lat' dir='ltr'><strong>illi,</strong></span> <span class='ocrx_word' id='word_1_48' title='bbox 1059 383 1118 426; x_wconf 90' lang='lat' dir='ltr'><strong>qui</strong></span> <span class='ocrx_word' id='word_1_49' title='bbox 1143 389 1240 415; x_wconf 88' lang='lat' dir='ltr'><strong>erant</strong></span> <span class='ocrx_word' id='word_1_50' title='bbox 1261 394 1326 426; x_wconf 89' lang='lat' dir='ltr'><strong>pro</strong></span> <span class='ocrx_word' id='word_1_51' title='bbox 1350 381 1601 425; x_wconf 74' lang='lat' dir='ltr'><strong>magistratibus</strong></span> <span class='ocrx_word' id='word_1_52' title='bbox 1631 387 1666 413; x_wconf 86' lang='lat' dir='ltr'><strong>et</strong></span> <span class='ocrx_word' id='word_1_53' title='bbox 1686 382 1918 425; x_wconf 83' lang='lat' dir='ltr'><strong>magistratus,</strong></span> <span class='ocrx_word' id='word_1_54' title='bbox 1956 388 1991 415; x_wconf 88' lang='lat' dir='ltr'><strong>et</strong></span> 
     </span>
     <span class='ocr_line' id='line_1_6' title="bbox 111 433 1990 488; baseline -0.006 -9"><span class='ocrx_word' id='word_1_55' title='bbox 111 447 274 480; x_wconf 80' lang='lat' dir='ltr'><strong>consules.</strong></span> <span class='ocrx_word' id='word_1_56' title='bbox 298 449 483 488; x_wconf 87' lang='lat' dir='ltr'><strong>praetores,</strong></span> <span class='ocrx_word' id='word_1_57' title='bbox 508 447 701 484; x_wconf 86' lang='lat' dir='ltr'>quaestores</span> <span class='ocrx_word' id='word_1_58' title='bbox 724 437 994 482; x_wconf 84' lang='lat' dir='ltr'><strong>appellabantur.</strong></span> <span class='ocrx_word' id='word_1_59' title='bbox 1038 438 1089 468; x_wconf 82' lang='lat' dir='ltr'><strong>Ita</strong></span> <span class='ocrx_word' id='word_1_60' title='bbox 1110 447 1210 479; x_wconf 87' lang='lat' dir='ltr'><strong>saepe</strong></span> <span class='ocrx_word' id='word_1_61' title='bbox 1231 435 1305 479; x_wconf 84' lang='lat' dir='ltr'><strong>ipse</strong></span> <span class='ocrx_word' id='word_1_62' title='bbox 1319 436 1457 474; x_wconf 82' lang='lat' dir='ltr'><strong>Cicero3</strong></span> <span class='ocrx_word' id='word_1_63' title='bbox 1479 434 1560 466; x_wconf 88' lang='lat' dir='ltr'><strong>uide</strong></span> <span class='ocrx_word' id='word_1_64' title='bbox 1582 433 1624 465; x_wconf 87' lang='lat' dir='ltr'><strong>ad</strong></span> <span class='ocrx_word' id='word_1_65' title='bbox 1647 445 1675 465; x_wconf 94' lang='grc'><strong>6.</strong></span> <span class='ocrx_word' id='word_1_66' title='bbox 1696 434 1747 466; x_wconf 82' lang='lat'><strong>25.</strong></span> <span class='ocrx_word' id='word_1_67' title='bbox 1770 435 1806 466; x_wconf 93' lang='lat' dir='ltr'><strong>in</strong></span> <span class='ocrx_word' id='word_1_68' title='bbox 1820 435 1990 468; x_wconf 82' lang='lat' dir='ltr'><strong>Pisonem.</strong></span> 
     </span>
     <span class='ocr_line' id='line_1_7' title="bbox 111 488 1994 541; baseline -0.006 -11"><span class='ocrx_word' id='word_1_69' title='bbox 111 501 230 541; x_wconf 86' lang='lat' dir='ltr'><strong>Atque</strong></span> <span class='ocrx_word' id='word_1_70' title='bbox 252 497 335 529; x_wconf 89' lang='lat' dir='ltr'><strong>adeo</strong></span> <span class='ocrx_word' id='word_1_71' title='bbox 358 496 395 528; x_wconf 90' lang='lat' dir='ltr'><strong>in</strong></span> <span class='ocrx_word' id='word_1_72' title='bbox 418 495 569 527; x_wconf 89' lang='lat' dir='ltr'><strong>eiusdem</strong></span> <span class='ocrx_word' id='word_1_73' title='bbox 593 493 674 525; x_wconf 86' lang='lat' dir='ltr'><strong>SCti</strong></span> <span class='ocrx_word' id='word_1_74' title='bbox 703 491 877 524; x_wconf 84' lang='lat' dir='ltr'><strong>mentione</strong></span> <span class='ocrx_word' id='word_1_75' title='bbox 897 502 962 534; x_wconf 87' lang='lat' dir='ltr'><strong>pro</strong></span> <span class='ocrx_word' id='word_1_76' title='bbox 986 490 1080 522; x_wconf 79' lang='lat' dir='ltr'><strong>Sext.</strong></span> <span class='ocrx_word' id='word_1_77' title='bbox 1105 490 1156 522; x_wconf 87' lang='grc'><strong>60.</strong></span> <span class='ocrx_word' id='word_1_78' title='bbox 1186 495 1253 528; x_wconf 85' lang='lat' dir='ltr'><strong>est,</strong></span> <span class='ocrx_word' id='word_1_79' title='bbox 1287 489 1350 533; x_wconf 73' lang='lat' dir='ltr'><strong>qui</strong></span> <span class='ocrx_word' id='word_1_80' title='bbox 1380 493 1578 533; x_wconf 78' lang='lat' dir='ltr'><strong>quaestores</strong></span> <span class='ocrx_word' id='word_1_81' title='bbox 1599 488 1777 532; x_wconf 82' lang='lat' dir='ltr'><strong>legatique</strong></span> <span class='ocrx_word' id='word_1_82' title='bbox 1799 493 1927 528; x_wconf 78' lang='lat' dir='ltr'><strong>essent,</strong></span> <span class='ocrx_word' id='word_1_83' title='bbox 1958 494 1994 520; x_wconf 88' lang='lat' dir='ltr'><strong>et</strong></span> 
     </span>
     <span class='ocr_line' id='line_1_8' title="bbox 114 539 1994 593; baseline -0.009 -9"><span class='ocrx_word' id='word_1_84' title='bbox 114 553 150 584; x_wconf 89' lang='lat' dir='ltr'><strong>in</strong></span> <span class='ocrx_word' id='word_1_85' title='bbox 172 551 237 583; x_wconf 91' lang='lat' dir='ltr'><strong>Pis.</strong></span> <span class='ocrx_word' id='word_1_86' title='bbox 262 551 310 582; x_wconf 89' lang='lat'><strong>15.</strong></span> <span class='ocrx_word' id='word_1_87' title='bbox 344 549 472 593; x_wconf 81' lang='lat' dir='ltr'><strong>legatis</strong></span> <span class='ocrx_word' id='word_1_88' title='bbox 494 545 830 591; x_wconf 74' lang='lat' dir='ltr'><strong>magistratibusque</strong></span> <span class='ocrx_word' id='word_1_89' title='bbox 852 544 992 578; x_wconf 77' lang='lat' dir='ltr'><strong>nostris.</strong></span> <span class='ocrx_word' id='word_1_90' title='bbox 1036 542 1154 585; x_wconf 84' lang='lat' dir='ltr'><strong>Ipsum</strong></span> <span class='ocrx_word' id='word_1_91' title='bbox 1178 541 1325 584; x_wconf 87' lang='lat' dir='ltr'><strong>denique</strong></span> <span class='ocrx_word' id='word_1_92' title='bbox 1347 547 1411 575; x_wconf 76' lang='lat' dir='ltr'><strong>aut</strong></span> <span class='ocrx_word' id='word_1_93' title='bbox 1437 546 1552 584; x_wconf 87' lang='lat' dir='ltr'><strong>potest</strong></span> <span class='ocrx_word' id='word_1_94' title='bbox 1577 551 1648 572; x_wconf 90' lang='lat' dir='ltr'><strong>esse</strong></span> <span class='ocrx_word' id='word_1_95' title='bbox 1670 546 1883 583; x_wconf 87' lang='lat' dir='ltr'><strong>suspectum,</strong></span> <span class='ocrx_word' id='word_1_96' title='bbox 1919 539 1994 572; x_wconf 80' lang='lat' dir='ltr'><strong>for..</strong></span> 
     </span>
     <span class='ocr_line' id='line_1_9' title="bbox 114 595 1995 648; baseline -0.008 -10"><span class='ocrx_word' id='word_1_97' title='bbox 114 605 208 638; x_wconf 85' lang='lat' dir='ltr'><strong>mula</strong></span> <span class='ocrx_word' id='word_1_98' title='bbox 229 616 338 648; x_wconf 80' lang='lat' dir='ltr'><strong>prone</strong></span> <span class='ocrx_word' id='word_1_99' title='bbox 362 602 569 645; x_wconf 84' lang='lat' dir='ltr'><strong>requirente.</strong></span> <span class='ocrx_word' id='word_1_100' title='bbox 615 598 671 630; x_wconf 88' lang='lat' dir='ltr'><strong>Set</strong></span> <span class='ocrx_word' id='word_1_101' title='bbox 692 598 727 629; x_wconf 92' lang='lat' dir='ltr'><strong>in</strong></span> <span class='ocrx_word' id='word_1_102' title='bbox 752 597 804 629; x_wconf 89' lang='lat' dir='ltr'><strong>his</strong></span> <span class='ocrx_word' id='word_1_103' title='bbox 828 597 984 629; x_wconf 90' lang='lat' dir='ltr'><strong>omnibus</strong></span> <span class='ocrx_word' id='word_1_104' title='bbox 1007 596 1090 627; x_wconf 87' lang='lat' dir='ltr'><strong>haut</strong></span> <span class='ocrx_word' id='word_1_105' title='bbox 1114 595 1162 627; x_wconf 87' lang='lat' dir='ltr'><strong>ita</strong></span> <span class='ocrx_word' id='word_1_106' title='bbox 1183 606 1345 636; x_wconf 83' lang='lat' dir='ltr'><strong>maguum</strong></span> <span class='ocrx_word' id='word_1_107' title='bbox 1368 605 1439 625; x_wconf 89' lang='lat' dir='ltr'><strong>esse</strong></span> <span class='ocrx_word' id='word_1_108' title='bbox 1461 599 1676 625; x_wconf 88' lang='lat' dir='ltr'><strong>momentum</strong></span> <span class='ocrx_word' id='word_1_109' title='bbox 1698 604 1835 632; x_wconf 87' lang='lat' dir='ltr'><strong>censeo,</strong></span> <span class='ocrx_word' id='word_1_110' title='bbox 1860 599 1900 625; x_wconf 88' lang='lat' dir='ltr'><strong>ut</strong></span> <span class='ocrx_word' id='word_1_111' title='bbox 1920 604 1995 625; x_wconf 91' lang='lat' dir='ltr'><strong>ma-</strong></span> 
     </span>
     <span class='ocr_line' id='line_1_10' title="bbox 115 645 1996 699; baseline -0.007 -8"><span class='ocrx_word' id='word_1_112' title='bbox 115 657 238 691; x_wconf 80' lang='lat' dir='ltr'><strong>nifesto</strong></span> <span class='ocrx_word' id='word_1_113' title='bbox 258 657 423 699; x_wconf 83' lang='lat' dir='ltr'><strong>glossema</strong></span> <span class='ocrx_word' id='word_1_114' title='bbox 445 659 612 686; x_wconf 88' lang='lat' dir='ltr'><strong>teneatur.</strong></span> <span class='ocrx_word' id='word_1_115' title='bbox 656 651 740 683; x_wconf 83' lang='lat' dir='ltr'><strong>Illut</strong></span> <span class='ocrx_word' id='word_1_116' title='bbox 762 656 812 682; x_wconf 87' lang='lat' dir='ltr'><strong>est</strong></span> <span class='ocrx_word' id='word_1_117' title='bbox 833 649 975 682; x_wconf 87' lang='lat' dir='ltr'><strong>fortasse</strong></span> <span class='ocrx_word' id='word_1_118' title='bbox 997 648 1144 690; x_wconf 83' lang='lat' dir='ltr'><strong>grauius,</strong></span> <span class='ocrx_word' id='word_1_119' title='bbox 1171 646 1263 690; x_wconf 90' lang='lat' dir='ltr'><strong>quod</strong></span> <span class='ocrx_word' id='word_1_120' title='bbox 1283 658 1371 678; x_wconf 91' lang='lat' dir='ltr'><strong>unus</strong></span> <span class='ocrx_word' id='word_1_121' title='bbox 1394 657 1437 677; x_wconf 84' lang='lat' dir='ltr'><strong>ex</strong></span> <span class='ocrx_word' id='word_1_122' title='bbox 1455 645 1723 689; x_wconf 86' lang='lat' dir='ltr'><strong>prouincialibus</strong></span> <span class='ocrx_word' id='word_1_123' title='bbox 1745 646 1996 688; x_wconf 85' lang='lat' dir='ltr'><strong>magistratibus</strong></span> 
     </span>
     <span class='ocr_line' id='line_1_11' title="bbox 114 698 1997 745; baseline -0.007 -1"><span class='ocrx_word' id='word_1_124' title='bbox 114 710 270 745; x_wconf 84' lang='lat' dir='ltr'><strong>Plancius</strong></span> <span class='ocrx_word' id='word_1_125' title='bbox 293 709 450 740; x_wconf 89' lang='lat' dir='ltr'><strong>Tullium</strong></span> <span class='ocrx_word' id='word_1_126' title='bbox 473 705 662 738; x_wconf 86' lang='lat' dir='ltr'><strong>defendisse</strong></span> <span class='ocrx_word' id='word_1_127' title='bbox 684 703 852 735; x_wconf 87' lang='lat' dir='ltr'><strong>uideatur.</strong></span> <span class='ocrx_word' id='word_1_128' title='bbox 877 704 1127 735; x_wconf 58' lang='lat' dir='ltr'><strong>GARAToxn&#39;s</strong></span> <span class='ocrx_word' id='word_1_129' title='bbox 1146 702 1241 732; x_wconf 90' lang='lat' dir='ltr'>I..—</span> <span class='ocrx_word' id='word_1_130' title='bbox 1283 699 1360 733; x_wconf 83' lang='lat' dir='ltr'><strong>Aut</strong></span> <span class='ocrx_word' id='word_1_131' title='bbox 1376 711 1444 743; x_wconf 79' lang='lat' dir='ltr'><strong>pro</strong></span> <span class='ocrx_word' id='word_1_132' title='bbox 1466 698 1733 742; x_wconf 76' lang='lat' dir='ltr'><strong>magistratibus</strong></span> <span class='ocrx_word' id='word_1_133' title='bbox 1754 710 1911 741; x_wconf 84' lang='lat' dir='ltr'><strong>magnam</strong></span> <span class='ocrx_word' id='word_1_134' title='bbox 1933 699 1997 730; x_wconf 91' lang='lat' dir='ltr'><strong>ha-</strong></span> 
     </span>
     <span class='ocr_line' id='line_1_12' title="bbox 115 750 1997 797; baseline -0.007 0"><span class='ocrx_word' id='word_1_135' title='bbox 115 767 174 797; x_wconf 81' lang='lat' dir='ltr'><strong>bet</strong></span> <span class='ocrx_word' id='word_1_136' title='bbox 196 776 215 795; x_wconf 92' lang='lat' dir='ltr'><strong>a</strong></span> <span class='ocrx_word' id='word_1_137' title='bbox 237 764 319 795; x_wconf 86' lang='lat' dir='ltr'><strong>Bau.</strong></span> <span class='ocrx_word' id='word_1_138' title='bbox 343 760 590 792; x_wconf 90' lang='lat' dir='ltr'><strong>auctoritatem.</strong></span> <span class='ocrx_word' id='word_1_139' title='bbox 633 757 764 790; x_wconf 85' lang='lat' dir='ltr'><strong>Mirum</strong></span> <span class='ocrx_word' id='word_1_140' title='bbox 788 761 854 796; x_wconf 83' lang='lat' dir='ltr'><strong>est,</strong></span> <span class='ocrx_word' id='word_1_141' title='bbox 887 755 916 787; x_wconf 92' lang='lat' dir='ltr'><strong>si</strong></span> <span class='ocrx_word' id='word_1_142' title='bbox 937 766 1006 786; x_wconf 93' lang='lat' dir='ltr'><strong>uno</strong></span> <span class='ocrx_word' id='word_1_143' title='bbox 1030 760 1163 786; x_wconf 89' lang='lat' dir='ltr'><strong>tantum</strong></span> <span class='ocrx_word' id='word_1_144' title='bbox 1186 752 1222 784; x_wconf 89' lang='lat' dir='ltr'><strong>in</strong></span> <span class='ocrx_word' id='word_1_145' title='bbox 1245 751 1439 785; x_wconf 78' lang='lat' dir='ltr'><strong>Oxoniensi</strong></span> <span class='ocrx_word' id='word_1_146' title='bbox 1462 751 1517 783; x_wconf 85' lang='lat' dir='ltr'><strong>sit.</strong></span> <span class='ocrx_word' id='word_1_147' title='bbox 1560 750 1845 794; x_wconf 85' lang='lat' dir='ltr'><strong>Repudiaueruut</strong></span> <span class='ocrx_word' id='word_1_148' title='bbox 1867 751 1997 784; x_wconf 83' lang='lat' dir='ltr'><strong>Oliuet.</strong></span> 
     </span>
     <span class='ocr_line' id='line_1_13' title="bbox 119 803 1997 856; baseline -0.008 -7"><span class='ocrx_word' id='word_1_149' title='bbox 119 824 153 850; x_wconf 86' lang='lat' dir='ltr'><strong>et</strong></span> <span class='ocrx_word' id='word_1_150' title='bbox 174 818 358 854; x_wconf 60' lang='lat' dir='ltr'><strong>Ernestus,</strong></span> <span class='ocrx_word' id='word_1_151' title='bbox 398 813 457 856; x_wconf 88' lang='lat' dir='ltr'><strong>qui</strong></span> <span class='ocrx_word' id='word_1_152' title='bbox 481 809 760 844; x_wconf 85' lang='lat' dir='ltr'><strong>consuetudinem</strong></span> <span class='ocrx_word' id='word_1_153' title='bbox 785 807 958 840; x_wconf 83' lang='lat' dir='ltr'><strong>Ciceronis</strong></span> <span class='ocrx_word' id='word_1_154' title='bbox 984 806 1129 849; x_wconf 85' lang='lat' dir='ltr'><strong>opponit</strong></span> <span class='ocrx_word' id='word_1_155' title='bbox 1155 817 1279 848; x_wconf 86' lang='lat' dir='ltr'><strong>eosque</strong></span> <span class='ocrx_word' id='word_1_156' title='bbox 1303 805 1415 844; x_wconf 91' lang='lat' dir='ltr'><strong>locos,</strong></span> <span class='ocrx_word' id='word_1_157' title='bbox 1451 816 1535 847; x_wconf 92' lang='lat' dir='ltr'><strong>quos</strong></span> <span class='ocrx_word' id='word_1_158' title='bbox 1562 803 1632 835; x_wconf 85' lang='lat' dir='ltr'><strong>iam</strong></span> <span class='ocrx_word' id='word_1_159' title='bbox 1658 804 1893 836; x_wconf 88' lang='lat' dir='ltr'><strong>iudicauimus.</strong></span> <span class='ocrx_word' id='word_1_160' title='bbox 1938 804 1997 836; x_wconf 86' lang='lat' dir='ltr'><strong>Set</strong></span> 
     </span>
     <span class='ocr_line' id='line_1_14' title="bbox 118 857 1998 905; baseline -0.007 -3"><span class='ocrx_word' id='word_1_161' title='bbox 118 873 156 905; x_wconf 88' lang='lat' dir='ltr'><strong>in</strong></span> <span class='ocrx_word' id='word_1_162' title='bbox 183 870 225 903; x_wconf 85' lang='lat' dir='ltr'><strong>iis</strong></span> <span class='ocrx_word' id='word_1_163' title='bbox 256 869 298 900; x_wconf 87' lang='lat' dir='ltr'><strong>de</strong></span> <span class='ocrx_word' id='word_1_164' title='bbox 326 865 608 898; x_wconf 85' lang='lat' dir='ltr'><strong>conmendatione</strong></span> <span class='ocrx_word' id='word_1_165' title='bbox 636 862 747 905; x_wconf 84' lang='lat' dir='ltr'><strong>agitur</strong></span> <span class='ocrx_word' id='word_1_166' title='bbox 776 860 811 892; x_wconf 91' lang='lat' dir='ltr'><strong>in</strong></span> <span class='ocrx_word' id='word_1_167' title='bbox 841 859 996 891; x_wconf 88' lang='lat' dir='ltr'><strong>futurum</strong></span> <span class='ocrx_word' id='word_1_168' title='bbox 1025 865 1181 902; x_wconf 86' lang='lat' dir='ltr'><strong>tempus,</strong></span> <span class='ocrx_word' id='word_1_169' title='bbox 1215 858 1271 890; x_wconf 87' lang='lat' dir='ltr'><strong>hic</strong></span> <span class='ocrx_word' id='word_1_170' title='bbox 1303 857 1344 889; x_wconf 92' lang='lat' dir='ltr'><strong>de</strong></span> <span class='ocrx_word' id='word_1_171' title='bbox 1366 858 1551 900; x_wconf 89' lang='lat' dir='ltr'><strong>gratiarum</strong></span> <span class='ocrx_word' id='word_1_172' title='bbox 1573 857 1723 898; x_wconf 80' lang='lat' dir='ltr'><strong>actione,</strong></span> <span class='ocrx_word' id='word_1_173' title='bbox 1758 869 1843 900; x_wconf 88' lang='lat' dir='ltr'><strong>quae</strong></span> <span class='ocrx_word' id='word_1_174' title='bbox 1866 863 1998 900; x_wconf 87' lang='lat' dir='ltr'><strong>tempus</strong></span> 
     </span>
     <span class='ocr_line' id='line_1_15' title="bbox 119 910 2000 969; baseline -0.007 -13"><span class='ocrx_word' id='word_1_175' title='bbox 119 923 345 969; x_wconf 77' lang='lat' dir='ltr'><strong>praeteritum</strong></span> <span class='ocrx_word' id='word_1_176' title='bbox 374 924 512 962; x_wconf 85' lang='lat' dir='ltr'><strong>spectat.</strong></span> <span class='ocrx_word' id='word_1_177' title='bbox 558 918 676 958; x_wconf 88' lang='lat' dir='ltr'><strong>Itaque</strong></span> <span class='ocrx_word' id='word_1_178' title='bbox 701 912 943 946; x_wconf 80' lang='lat' dir='ltr'><strong>conmendatus</strong></span> <span class='ocrx_word' id='word_1_179' title='bbox 968 917 1017 943; x_wconf 89' lang='lat' dir='ltr'><strong>est</strong></span> <span class='ocrx_word' id='word_1_180' title='bbox 1039 911 1158 943; x_wconf 89' lang='lat' dir='ltr'><strong>Cicero</strong></span> <span class='ocrx_word' id='word_1_181' title='bbox 1189 912 1267 955; x_wconf 91' lang='lat' dir='ltr'><strong>(pro</strong></span> <span class='ocrx_word' id='word_1_182' title='bbox 1292 912 1386 943; x_wconf 80' lang='lat' dir='ltr'><strong>Sext.</strong></span> <span class='ocrx_word' id='word_1_183' title='bbox 1411 911 1462 942; x_wconf 84' lang='lat'><strong>60.</strong></span> <span class='ocrx_word' id='word_1_184' title='bbox 1487 910 1524 941; x_wconf 90' lang='lat' dir='ltr'><strong>in</strong></span> <span class='ocrx_word' id='word_1_185' title='bbox 1546 910 1613 941; x_wconf 87' lang='lat' dir='ltr'><strong>Pis.</strong></span> <span class='ocrx_word' id='word_1_186' title='bbox 1640 910 1703 950; x_wconf 83' lang='lat'>15.)</span> <span class='ocrx_word' id='word_1_187' title='bbox 1732 910 2000 953; x_wconf 88' lang='lat' dir='ltr'><strong>prouincialibus</strong></span> 
     </span>
     <span class='ocr_line' id='line_1_16' title="bbox 121 962 2000 1021; baseline -0.009 -11"><span class='ocrx_word' id='word_1_188' title='bbox 121 975 371 1021; x_wconf 80' lang='lat' dir='ltr'><strong>magistratibus</strong></span> <span class='ocrx_word' id='word_1_189' title='bbox 393 978 429 1003; x_wconf 86' lang='lat' dir='ltr'><strong>ct</strong></span> <span class='ocrx_word' id='word_1_190' title='bbox 450 969 652 1002; x_wconf 86' lang='lat' dir='ltr'><strong>nominatim</strong></span> <span class='ocrx_word' id='word_1_191' title='bbox 673 967 806 1010; x_wconf 82' lang='lat' dir='ltr'><strong>legatis,</strong></span> <span class='ocrx_word' id='word_1_192' title='bbox 831 965 890 1008; x_wconf 93' lang='lat' dir='ltr'><strong>qui</strong></span> <span class='ocrx_word' id='word_1_193' title='bbox 911 964 1126 1006; x_wconf 81' lang='lat' dir='ltr'><strong>magistratus</strong></span> <span class='ocrx_word' id='word_1_194' title='bbox 1148 976 1220 996; x_wconf 89' lang='lat' dir='ltr'><strong>non</strong></span> <span class='ocrx_word' id='word_1_195' title='bbox 1242 970 1356 1003; x_wconf 88' lang='lat' dir='ltr'><strong>erant,</strong></span> <span class='ocrx_word' id='word_1_196' title='bbox 1385 969 1424 994; x_wconf 89' lang='lat' dir='ltr'><strong>ut</strong></span> <span class='ocrx_word' id='word_1_197' title='bbox 1445 962 1653 994; x_wconf 89' lang='lat' dir='ltr'><strong>consuetudo</strong></span> <span class='ocrx_word' id='word_1_198' title='bbox 1674 963 1837 1005; x_wconf 89' lang='lat' dir='ltr'><strong>loquendi</strong></span> <span class='ocrx_word' id='word_1_199' title='bbox 1860 963 2000 994; x_wconf 88' lang='lat' dir='ltr'><strong>ferebat.</strong></span> 
     </span>
     <span class='ocr_line' id='line_1_17' title="bbox 124 1016 2003 1065; baseline -0.012 -2"><span class='ocrx_word' id='word_1_200' title='bbox 124 1031 224 1065; x_wconf 71' lang='lat' dir='ltr'><strong>Nihil</strong></span> <span class='ocrx_word' id='word_1_201' title='bbox 247 1033 318 1060; x_wconf 83' lang='lat' dir='ltr'><strong>erat</strong></span> <span class='ocrx_word' id='word_1_202' title='bbox 342 1026 379 1057; x_wconf 88' lang='lat' dir='ltr'><strong>in</strong></span> <span class='ocrx_word' id='word_1_203' title='bbox 398 1036 436 1056; x_wconf 91' lang='grc'><strong>63</strong></span> <span class='ocrx_word' id='word_1_204' title='bbox 451 1036 488 1055; x_wconf 87' lang='lat' dir='ltr'><strong>re</strong></span> <span class='ocrx_word' id='word_1_205' title='bbox 504 1022 641 1055; x_wconf 89' lang='lat' dir='ltr'><strong>urbanis</strong></span> <span class='ocrx_word' id='word_1_206' title='bbox 664 1019 915 1062; x_wconf 84' lang='lat' dir='ltr'><strong>magistratibus</strong></span> <span class='ocrx_word' id='word_1_207' title='bbox 938 1017 1016 1049; x_wconf 84' lang='lat' dir='ltr'><strong>loci.</strong></span> <span class='ocrx_word' id='word_1_208' title='bbox 1061 1017 1112 1049; x_wconf 88' lang='lat' dir='ltr'><strong>At</strong></span> <span class='ocrx_word' id='word_1_209' title='bbox 1135 1017 1257 1059; x_wconf 83' lang='lat' dir='ltr'><strong>gratias</strong></span> <span class='ocrx_word' id='word_1_210' title='bbox 1279 1028 1379 1059; x_wconf 89' lang='lat' dir='ltr'><strong>agere</strong></span> <span class='ocrx_word' id='word_1_211' title='bbox 1400 1021 1534 1048; x_wconf 85' lang='lat' dir='ltr'><strong>senatus</strong></span> <span class='ocrx_word' id='word_1_212' title='bbox 1556 1022 1691 1058; x_wconf 87' lang='lat' dir='ltr'><strong>poterat</strong></span> <span class='ocrx_word' id='word_1_213' title='bbox 1712 1016 1849 1048; x_wconf 84' lang='lat' dir='ltr'><strong>urbanis</strong></span> <span class='ocrx_word' id='word_1_214' title='bbox 1872 1016 2003 1058; x_wconf 75' lang='lat' dir='ltr'><strong>aliquot</strong></span> 
     </span>
     <span class='ocr_line' id='line_1_18' title="bbox 122 1068 2001 1127; baseline -0.01 -11"><span class='ocrx_word' id='word_1_215' title='bbox 122 1079 392 1127; x_wconf 80' lang='lat' dir='ltr'><strong>magistratibus,</strong></span> <span class='ocrx_word' id='word_1_216' title='bbox 429 1076 488 1119; x_wconf 90' lang='lat' dir='ltr'><strong>qui</strong></span> <span class='ocrx_word' id='word_1_217' title='bbox 511 1075 710 1108; x_wconf 88' lang='lat' dir='ltr'><strong>Ciceronem</strong></span> <span class='ocrx_word' id='word_1_218' title='bbox 733 1072 910 1116; x_wconf 86' lang='lat' dir='ltr'><strong>superiore</strong></span> <span class='ocrx_word' id='word_1_219' title='bbox 941 1081 1030 1102; x_wconf 84' lang='lat' dir='ltr'><strong>anno</strong></span> <span class='ocrx_word' id='word_1_220' title='bbox 1059 1069 1300 1107; x_wconf 76' lang='lat' dir='ltr'><strong>defenderant3</strong></span> <span class='ocrx_word' id='word_1_221' title='bbox 1339 1080 1406 1111; x_wconf 91' lang='lat' dir='ltr'><strong>quo</strong></span> <span class='ocrx_word' id='word_1_222' title='bbox 1437 1068 1479 1099; x_wconf 92' lang='lat' dir='ltr'><strong>de</strong></span> <span class='ocrx_word' id='word_1_223' title='bbox 1508 1079 1596 1100; x_wconf 85' lang='lat' dir='ltr'><strong>auno</strong></span> <span class='ocrx_word' id='word_1_224' title='bbox 1627 1069 1796 1111; x_wconf 88' lang='lat' dir='ltr'><strong>loquitur,</strong></span> <span class='ocrx_word' id='word_1_225' title='bbox 1834 1080 1911 1100; x_wconf 89' lang='lat' dir='ltr'><strong>cum</strong></span> <span class='ocrx_word' id='word_1_226' title='bbox 1936 1079 2001 1110; x_wconf 88' lang='lat' dir='ltr'><strong>pro</strong></span> 
     </span>
     <span class='ocr_line' id='line_1_19' title="bbox 126 1119 2004 1171; baseline -0.01 -2"><span class='ocrx_word' id='word_1_227' title='bbox 126 1140 220 1171; x_wconf 74' lang='lat' dir='ltr'><strong>Sext.</strong></span> <span class='ocrx_word' id='word_1_228' title='bbox 245 1135 296 1167; x_wconf 83' lang='lat'><strong>52.</strong></span> <span class='ocrx_word' id='word_1_229' title='bbox 322 1133 363 1164; x_wconf 80' lang='lat' dir='ltr'><strong>cle</strong></span> <span class='ocrx_word' id='word_1_230' title='bbox 384 1142 473 1169; x_wconf 86' lang='lat' dir='ltr'><strong>me0,</strong></span> <span class='ocrx_word' id='word_1_231' title='bbox 506 1128 635 1171; x_wconf 87' lang='lat' dir='ltr'><strong>inquit,</strong></span> <span class='ocrx_word' id='word_1_232' title='bbox 669 1127 785 1159; x_wconf 72' lang='lat' dir='ltr'><strong>redita</strong></span> <span class='ocrx_word' id='word_1_233' title='bbox 810 1129 884 1156; x_wconf 82' lang='lat' dir='ltr'><strong>octo</strong></span> <span class='ocrx_word' id='word_1_234' title='bbox 908 1123 1041 1155; x_wconf 76' lang='lat' dir='ltr'><strong>tribuni</strong></span> <span class='ocrx_word' id='word_1_235' title='bbox 1056 1123 1352 1168; x_wconf 77' lang='lat' dir='ltr'><strong>promulgarunt3</strong></span> <span class='ocrx_word' id='word_1_236' title='bbox 1389 1121 1480 1153; x_wconf 86' lang='lat' dir='ltr'><strong>solus</strong></span> <span class='ocrx_word' id='word_1_237' title='bbox 1502 1127 1614 1153; x_wconf 78' lang='lat' dir='ltr'><strong>autem</strong></span> <span class='ocrx_word' id='word_1_238' title='bbox 1636 1122 1672 1153; x_wconf 88' lang='lat' dir='ltr'><strong>in</strong></span> <span class='ocrx_word' id='word_1_239' title='bbox 1693 1121 1872 1165; x_wconf 89' lang='lat' dir='ltr'><strong>prouincia</strong></span> <span class='ocrx_word' id='word_1_240' title='bbox 1892 1119 2004 1162; x_wconf 87' lang='lat' dir='ltr'><strong>magi-</strong></span> 
     </span>
     <span class='ocr_line' id='line_1_20' title="bbox 125 1171 2004 1227; baseline -0.01 -5"><span class='ocrx_word' id='word_1_241' title='bbox 125 1196 263 1227; x_wconf 72' lang='lat' dir='ltr'><strong>stratus,</strong></span> <span class='ocrx_word' id='word_1_242' title='bbox 288 1191 326 1216; x_wconf 88' lang='lat' dir='ltr'><strong>ut</strong></span> <span class='ocrx_word' id='word_1_243' title='bbox 349 1195 393 1215; x_wconf 78' lang='lat' dir='ltr'><strong>ex</strong></span> <span class='ocrx_word' id='word_1_244' title='bbox 417 1194 445 1214; x_wconf 86' lang='lat' dir='ltr'><strong>c.</strong></span> <span class='ocrx_word' id='word_1_245' title='bbox 468 1182 520 1214; x_wconf 82' lang='lat'><strong>40.</strong></span> <span class='ocrx_word' id='word_1_246' title='bbox 545 1187 576 1212; x_wconf 87' lang='lat' dir='ltr'><strong>et</strong></span> <span class='ocrx_word' id='word_1_247' title='bbox 599 1182 651 1212; x_wconf 66' lang='lat'><strong>41.</strong></span> <span class='ocrx_word' id='word_1_248' title='bbox 675 1178 766 1211; x_wconf 83' lang='lat' dir='ltr'><strong>infra</strong></span> <span class='ocrx_word' id='word_1_249' title='bbox 786 1176 986 1219; x_wconf 84' lang='lat' dir='ltr'><strong>conligitur,</strong></span> <span class='ocrx_word' id='word_1_250' title='bbox 1011 1176 1166 1207; x_wconf 90' lang='lat' dir='ltr'><strong>Plancius</strong></span> <span class='ocrx_word' id='word_1_251' title='bbox 1190 1176 1265 1208; x_wconf 83' lang='lat' dir='ltr'><strong>fuit.</strong></span> <span class='ocrx_word' id='word_1_252' title='bbox 1291 1175 1350 1217; x_wconf 89' lang='lat' dir='ltr'><strong>qui</strong></span> <span class='ocrx_word' id='word_1_253' title='bbox 1373 1174 1531 1206; x_wconf 89' lang='lat' dir='ltr'><strong>Ciceroni</strong></span> <span class='ocrx_word' id='word_1_254' title='bbox 1553 1186 1653 1218; x_wconf 89' lang='lat' dir='ltr'><strong>opem</strong></span> <span class='ocrx_word' id='word_1_255' title='bbox 1676 1175 1805 1207; x_wconf 88' lang='lat' dir='ltr'><strong>tulerit.</strong></span> <span class='ocrx_word' id='word_1_256' title='bbox 1848 1173 1917 1206; x_wconf 90' lang='lat' dir='ltr'><strong>Hic</strong></span> <span class='ocrx_word' id='word_1_257' title='bbox 1937 1171 2004 1214; x_wconf 84' lang='lat' dir='ltr'><strong>igi-</strong></span> 
     </span>
     <span class='ocr_line' id='line_1_21' title="bbox 127 1227 2005 1282; baseline -0.009 -8"><span class='ocrx_word' id='word_1_258' title='bbox 127 1252 185 1276; x_wconf 77' lang='lat' dir='ltr'><strong>tur</strong></span> <span class='ocrx_word' id='word_1_259' title='bbox 209 1239 423 1282; x_wconf 81' lang='lat' dir='ltr'><strong>magistratus</strong></span> <span class='ocrx_word' id='word_1_260' title='bbox 446 1236 592 1267; x_wconf 82' lang='lat' dir='ltr'><strong>urbanos</strong></span> <span class='ocrx_word' id='word_1_261' title='bbox 617 1231 795 1275; x_wconf 82' lang='lat' dir='ltr'><strong>distinguit</strong></span> <span class='ocrx_word' id='word_1_262' title='bbox 815 1241 912 1262; x_wconf 91' lang='lat' dir='ltr'><strong>more</strong></span> <span class='ocrx_word' id='word_1_263' title='bbox 933 1229 1104 1260; x_wconf 89' lang='lat' dir='ltr'><strong>maiorum</strong></span> <span class='ocrx_word' id='word_1_264' title='bbox 1131 1240 1151 1260; x_wconf 87' lang='lat' dir='ltr'><strong>a</strong></span> <span class='ocrx_word' id='word_1_265' title='bbox 1171 1227 1459 1272; x_wconf 85' lang='lat' dir='ltr'><strong>prouincialibus,</strong></span> <span class='ocrx_word' id='word_1_266' title='bbox 1493 1227 1530 1259; x_wconf 91' lang='lat' dir='ltr'><strong>in</strong></span> <span class='ocrx_word' id='word_1_267' title='bbox 1554 1228 1674 1270; x_wconf 88' lang='lat' dir='ltr'><strong>quibus</strong></span> <span class='ocrx_word' id='word_1_268' title='bbox 1696 1227 1852 1259; x_wconf 87' lang='lat' dir='ltr'><strong>Plancius</strong></span> <span class='ocrx_word' id='word_1_269' title='bbox 1881 1235 2005 1257; x_wconf 76' lang='lat' dir='ltr'><strong>nume-</strong></span> 
     </span>
     <span class='ocr_line' id='line_1_22' title="bbox 128 1276 2005 1331; baseline -0.009 -4"><span class='ocrx_word' id='word_1_270' title='bbox 128 1297 276 1329; x_wconf 84' lang='lat' dir='ltr'><strong>rabatur.</strong></span> <span class='ocrx_word' id='word_1_271' title='bbox 323 1291 379 1324; x_wconf 92' lang='lat' dir='ltr'><strong>Ad</strong></span> <span class='ocrx_word' id='word_1_272' title='bbox 400 1290 547 1321; x_wconf 85' lang='lat' dir='ltr'><strong>urbanos</strong></span> <span class='ocrx_word' id='word_1_273' title='bbox 563 1286 711 1331; x_wconf 75' lang='lat' dir='ltr'><strong>putauit</strong></span> <span class='ocrx_word' id='word_1_274' title='bbox 732 1284 864 1316; x_wconf 87' lang='lat' dir='ltr'><strong>referre</strong></span> <span class='ocrx_word' id='word_1_275' title='bbox 884 1293 1019 1314; x_wconf 88' lang='lat' dir='ltr'><strong>necesse</strong></span> <span class='ocrx_word' id='word_1_276' title='bbox 1043 1289 1108 1321; x_wconf 68' lang='lat' dir='ltr'><strong>estg</strong></span> <span class='ocrx_word' id='word_1_277' title='bbox 1130 1294 1194 1326; x_wconf 82' lang='lat' dir='ltr'><strong>pro</strong></span> <span class='ocrx_word' id='word_1_278' title='bbox 1217 1280 1483 1325; x_wconf 80' lang='lat' dir='ltr'><strong>magistratibus</strong></span> <span class='ocrx_word' id='word_1_279' title='bbox 1506 1280 1548 1311; x_wconf 89' lang='lat' dir='ltr'><strong>ad</strong></span> <span class='ocrx_word' id='word_1_280' title='bbox 1572 1281 1683 1312; x_wconf 89' lang='lat' dir='ltr'><strong>solum</strong></span> <span class='ocrx_word' id='word_1_281' title='bbox 1706 1280 1893 1312; x_wconf 82' lang='lat' dir='ltr'><strong>Plancium.</strong></span> <span class='ocrx_word' id='word_1_282' title='bbox 1937 1276 2005 1309; x_wconf 84' lang='lat' dir='ltr'><strong>Fa-</strong></span> 
     </span>
     <span class='ocr_line' id='line_1_23' title="bbox 129 1328 2004 1389; baseline -0.01 -9"><span class='ocrx_word' id='word_1_283' title='bbox 129 1349 193 1382; x_wconf 84' lang='lat' dir='ltr'><strong>cile</strong></span> <span class='ocrx_word' id='word_1_284' title='bbox 214 1356 319 1389; x_wconf 87' lang='lat' dir='ltr'><strong>porro</strong></span> <span class='ocrx_word' id='word_1_285' title='bbox 343 1349 406 1376; x_wconf 79' lang='lat' dir='ltr'><strong>ant</strong></span> <span class='ocrx_word' id='word_1_286' title='bbox 431 1340 612 1385; x_wconf 83' lang='lat' dir='ltr'><strong>explicatio</strong></span> <span class='ocrx_word' id='word_1_287' title='bbox 632 1337 800 1371; x_wconf 84' lang='lat' dir='ltr'><strong>formulae</strong></span> <span class='ocrx_word' id='word_1_288' title='bbox 828 1335 950 1376; x_wconf 87' lang='lat' dir='ltr'><strong>fuerit,</strong></span> <span class='ocrx_word' id='word_1_289' title='bbox 988 1341 1022 1366; x_wconf 88' lang='lat' dir='ltr'><strong>et</strong></span> <span class='ocrx_word' id='word_1_290' title='bbox 1045 1347 1158 1379; x_wconf 71' lang='lat' dir='ltr'><strong>prone</strong></span> <span class='ocrx_word' id='word_1_291' title='bbox 1185 1335 1367 1378; x_wconf 85' lang='lat' dir='ltr'><strong>legendum</strong></span> <span class='ocrx_word' id='word_1_292' title='bbox 1399 1339 1458 1364; x_wconf 86' lang='lat' dir='ltr'><strong>est.</strong></span> <span class='ocrx_word' id='word_1_293' title='bbox 1503 1333 1629 1365; x_wconf 88' lang='lat' dir='ltr'><strong>Tribus</strong></span> <span class='ocrx_word' id='word_1_294' title='bbox 1658 1333 1742 1374; x_wconf 86' lang='lat' dir='ltr'><strong>illis,</strong></span> <span class='ocrx_word' id='word_1_295' title='bbox 1781 1343 1862 1375; x_wconf 89' lang='lat' dir='ltr'><strong>quas</strong></span> <span class='ocrx_word' id='word_1_296' title='bbox 1892 1328 2004 1368; x_wconf 69' lang='lat' dir='ltr'><strong>ostani,</strong></span> 
     </span>
     <span class='ocr_line' id='line_1_24' title="bbox 129 1386 2004 1444; baseline -0.01 -12"><span class='ocrx_word' id='word_1_297' title='bbox 129 1401 260 1444; x_wconf 83' lang='lat' dir='ltr'><strong>legibus</strong></span> <span class='ocrx_word' id='word_1_298' title='bbox 292 1402 410 1439; x_wconf 85' lang='lat' dir='ltr'><strong>quarta</strong></span> <span class='ocrx_word' id='word_1_299' title='bbox 446 1391 697 1434; x_wconf 82' lang='lat' dir='ltr'><strong>coniungenda,</strong></span> <span class='ocrx_word' id='word_1_300' title='bbox 744 1401 846 1433; x_wconf 88' lang='lat' dir='ltr'><strong>quam</strong></span> <span class='ocrx_word' id='word_1_301' title='bbox 874 1389 912 1420; x_wconf 88' lang='lat' dir='ltr'><strong>iu</strong></span> <span class='ocrx_word' id='word_1_302' title='bbox 941 1389 1062 1421; x_wconf 89' lang='lat' dir='ltr'><strong>Museo</strong></span> <span class='ocrx_word' id='word_1_303' title='bbox 1094 1388 1269 1420; x_wconf 87' lang='lat' dir='ltr'><strong>Parmensi</strong></span> <span class='ocrx_word' id='word_1_304' title='bbox 1305 1398 1360 1418; x_wconf 90' lang='lat' dir='ltr'><strong>me</strong></span> <span class='ocrx_word' id='word_1_305' title='bbox 1389 1386 1514 1418; x_wconf 87' lang='lat' dir='ltr'><strong>uidisse</strong></span> <span class='ocrx_word' id='word_1_306' title='bbox 1544 1386 1696 1417; x_wconf 91' lang='lat' dir='ltr'><strong>memini.</strong></span> <span class='ocrx_word' id='word_1_307' title='bbox 1743 1386 2004 1418; x_wconf 74' lang='lat' dir='ltr'>GARATONIUS·</span> 
     </span>
     <span class='ocr_line' id='line_1_25' title="bbox 131 1434 2003 1493; baseline -0.009 -9"><span class='ocrx_word' id='word_1_308' title='bbox 131 1455 246 1491; x_wconf 87' lang='lat' dir='ltr'><strong>Hanc,</strong></span> <span class='ocrx_word' id='word_1_309' title='bbox 287 1460 387 1493; x_wconf 87' lang='lat' dir='ltr'><strong>quam</strong></span> <span class='ocrx_word' id='word_1_310' title='bbox 413 1446 578 1490; x_wconf 86' lang='lat' dir='ltr'><strong>significat</strong></span> <span class='ocrx_word' id='word_1_311' title='bbox 607 1445 641 1476; x_wconf 89' lang='lat' dir='ltr'><strong>h.</strong></span> <span class='ocrx_word' id='word_1_312' title='bbox 664 1444 686 1475; x_wconf 92' lang='lat' dir='ltr'><strong>l.</strong></span> <span class='ocrx_word' id='word_1_313' title='bbox 713 1443 934 1481; x_wconf 64' lang='lat' dir='ltr'><strong>Gai-atomus,</strong></span> <span class='ocrx_word' id='word_1_314' title='bbox 972 1442 1189 1473; x_wconf 77' lang='lat' dir='ltr'><strong>Parmensem</strong></span> <span class='ocrx_word' id='word_1_315' title='bbox 1219 1440 1399 1471; x_wconf 89' lang='lat' dir='ltr'><strong>ediderunt</strong></span> <span class='ocrx_word' id='word_1_316' title='bbox 1426 1439 1554 1471; x_wconf 88' lang='lat' dir='ltr'><strong>Marini</strong></span> <span class='ocrx_word' id='word_1_317' title='bbox 1579 1439 1731 1471; x_wconf 81' lang='lat' dir='ltr'><strong>Fratelli</strong></span> <span class='ocrx_word' id='word_1_318' title='bbox 1753 1437 1885 1471; x_wconf 83' lang='lat' dir='ltr'><strong>Aruali</strong></span> <span class='ocrx_word' id='word_1_319' title='bbox 1910 1435 1953 1467; x_wconf 86' lang='lat' dir='ltr'><strong>T·</strong></span> <span class='ocrx_word' id='word_1_320' title='bbox 1976 1434 2003 1465; x_wconf 89' lang='lat' dir='ltr'><strong>I·</strong></span> 
     </span>
     <span class='ocr_line' id='line_1_26' title="bbox 132 1486 2006 1551; baseline -0.01 -14"><span class='ocrx_word' id='word_1_321' title='bbox 132 1519 167 1551; x_wconf 84' lang='lat' dir='ltr'><strong>p.</strong></span> <span class='ocrx_word' id='word_1_322' title='bbox 193 1505 279 1544; x_wconf 59' lang='lat'><strong>108„</strong></span> <span class='ocrx_word' id='word_1_323' title='bbox 303 1503 422 1543; x_wconf 78' lang='lat' dir='ltr'><strong>Engo,</strong></span> <span class='ocrx_word' id='word_1_324' title='bbox 449 1506 482 1530; x_wconf 78' lang='lat' dir='ltr'><strong>et</strong></span> <span class='ocrx_word' id='word_1_325' title='bbox 504 1498 581 1536; x_wconf 90' lang='lat' dir='ltr'><strong>alii,</strong></span> <span class='ocrx_word' id='word_1_326' title='bbox 607 1499 735 1540; x_wconf 86' lang='lat' dir='ltr'><strong>Legem</strong></span> <span class='ocrx_word' id='word_1_327' title='bbox 758 1496 829 1528; x_wconf 88' lang='lat' dir='ltr'><strong>scil.</strong></span> <span class='ocrx_word' id='word_1_328' title='bbox 853 1495 893 1526; x_wconf 85' lang='lat' dir='ltr'><strong>de</strong></span> <span class='ocrx_word' id='word_1_329' title='bbox 916 1495 991 1526; x_wconf 92' lang='lat' dir='ltr'><strong>iure</strong></span> <span class='ocrx_word' id='word_1_330' title='bbox 1014 1494 1155 1525; x_wconf 89' lang='lat' dir='ltr'><strong>dicendo</strong></span> <span class='ocrx_word' id='word_1_331' title='bbox 1178 1494 1214 1525; x_wconf 91' lang='lat' dir='ltr'><strong>in</strong></span> <span class='ocrx_word' id='word_1_332' title='bbox 1239 1493 1351 1525; x_wconf 92' lang='lat' dir='ltr'><strong>Gallia</strong></span> <span class='ocrx_word' id='word_1_333' title='bbox 1375 1493 1562 1536; x_wconf 82' lang='lat' dir='ltr'><strong>Cisalpina,</strong></span> <span class='ocrx_word' id='word_1_334' title='bbox 1588 1491 1647 1522; x_wconf 89' lang='lat' dir='ltr'><strong>ubi</strong></span> <span class='ocrx_word' id='word_1_335' title='bbox 1668 1503 1703 1522; x_wconf 91' lang='grc'><strong>11.</strong></span> <span class='ocrx_word' id='word_1_336' title='bbox 1726 1502 1754 1522; x_wconf 87' lang='grc'><strong>6.</strong></span> <span class='ocrx_word' id='word_1_337' title='bbox 1777 1495 1860 1533; x_wconf 85' lang='lat' dir='ltr'><strong>aput</strong></span> <span class='ocrx_word' id='word_1_338' title='bbox 1879 1486 2006 1521; x_wconf 81' lang='lat' dir='ltr'><strong>Mariu-</strong></span> 
     </span>
     <span class='ocr_line' id='line_1_27' title="bbox 133 1541 2013 1600; baseline -0.011 -8"><span class='ocrx_word' id='word_1_339' title='bbox 133 1561 158 1592; x_wconf 89' lang='lat' dir='ltr'><strong>l.</strong></span> <span class='ocrx_word' id='word_1_340' title='bbox 180 1559 205 1590; x_wconf 89' lang='lat' dir='ltr'><strong>l.</strong></span> <span class='ocrx_word' id='word_1_341' title='bbox 230 1568 265 1600; x_wconf 84' lang='lat' dir='ltr'><strong>p.</strong></span> <span class='ocrx_word' id='word_1_342' title='bbox 294 1566 363 1597; x_wconf 71' lang='lat'>109·</span> <span class='ocrx_word' id='word_1_343' title='bbox 386 1554 446 1585; x_wconf 81' lang='lat' dir='ltr'><strong>lin.</strong></span> <span class='ocrx_word' id='word_1_344' title='bbox 471 1555 522 1585; x_wconf 84' lang='lat'><strong>50.</strong></span> <span class='ocrx_word' id='word_1_345' title='bbox 546 1552 628 1582; x_wconf 88' lang='lat' dir='ltr'><strong>haec</strong></span> <span class='ocrx_word' id='word_1_346' title='bbox 648 1551 826 1592; x_wconf 78' lang='lat' dir='ltr'><strong>leguntur:</strong></span> <span class='ocrx_word' id='word_1_347' title='bbox 858 1549 968 1581; x_wconf 81' lang='lat' dir='ltr'><strong>neiue.</strong></span> <span class='ocrx_word' id='word_1_348' title='bbox 991 1549 1079 1591; x_wconf 76' lang='lat' dir='ltr'><strong>quis.</strong></span> <span class='ocrx_word' id='word_1_349' title='bbox 1101 1559 1194 1590; x_wconf 78' lang='lat' dir='ltr'><strong>mag.</strong></span> <span class='ocrx_word' id='word_1_350' title='bbox 1215 1559 1336 1591; x_wconf 74' lang='lat' dir='ltr'><strong>prone.</strong></span> <span class='ocrx_word' id='word_1_351' title='bbox 1366 1558 1460 1589; x_wconf 80' lang='lat' dir='ltr'><strong>mag.</strong></span> <span class='ocrx_word' id='word_1_352' title='bbox 1482 1547 1591 1579; x_wconf 67' lang='lat' dir='ltr'><strong>neizce.</strong></span> <span class='ocrx_word' id='word_1_353' title='bbox 1621 1544 1709 1588; x_wconf 80' lang='lat' dir='ltr'><strong>quis,</strong></span> <span class='ocrx_word' id='word_1_354' title='bbox 1725 1556 1805 1587; x_wconf 79' lang='lat' dir='ltr'><strong>pro.</strong></span> <span class='ocrx_word' id='word_1_355' title='bbox 1835 1554 1911 1586; x_wconf 79' lang='lat' dir='ltr'><strong>quo.</strong></span> <span class='ocrx_word' id='word_1_356' title='bbox 1941 1541 2013 1579; x_wconf 40' lang='lat' dir='ltr'><strong>im&lt;</strong></span> 
     </span>
     <span class='ocr_line' id='line_1_28' title="bbox 134 1591 2007 1657; baseline -0.011 -14"><span class='ocrx_word' id='word_1_357' title='bbox 134 1612 242 1657; x_wconf 85' lang='lat' dir='ltr'><strong>periO.</strong></span> <span class='ocrx_word' id='word_1_358' title='bbox 262 1612 487 1652; x_wconf 56' lang='lat' dir='ltr'><strong>poteo-tatem.</strong></span> <span class='ocrx_word' id='word_1_359' title='bbox 515 1604 592 1636; x_wconf 81' lang='lat' dir='ltr'><strong>erit.</strong></span> <span class='ocrx_word' id='word_1_360' title='bbox 618 1603 831 1635; x_wconf 76' lang='lat' dir='ltr'><strong>intercedito.</strong></span> <span class='ocrx_word' id='word_1_361' title='bbox 862 1602 971 1634; x_wconf 82' lang='lat' dir='ltr'><strong>neiue.</strong></span> <span class='ocrx_word' id='word_1_362' title='bbox 997 1601 1090 1645; x_wconf 81' lang='lat' dir='ltr'><strong>quid.</strong></span> <span class='ocrx_word' id='word_1_363' title='bbox 1113 1600 1222 1632; x_wconf 82' lang='lat' dir='ltr'><strong>aliud.</strong></span> <span class='ocrx_word' id='word_1_364' title='bbox 1243 1598 1372 1642; x_wconf 81' lang='lat' dir='ltr'><strong>facito.</strong></span> <span class='ocrx_word' id='word_1_365' title='bbox 1402 1611 1478 1643; x_wconf 78' lang='lat' dir='ltr'><strong>quo,</strong></span> <span class='ocrx_word' id='word_1_366' title='bbox 1501 1599 1626 1631; x_wconf 77' lang='lat' dir='ltr'><strong>minus.</strong></span> <span class='ocrx_word' id='word_1_367' title='bbox 1649 1597 1696 1629; x_wconf 90' lang='lat' dir='ltr'><strong>D.</strong></span> <span class='ocrx_word' id='word_1_368' title='bbox 1709 1597 1753 1629; x_wconf 88' lang='lat' dir='ltr'><strong>E.</strong></span> <span class='ocrx_word' id='word_1_369' title='bbox 1765 1597 1810 1629; x_wconf 87' lang='lat' dir='ltr'><strong>R.</strong></span> <span class='ocrx_word' id='word_1_370' title='bbox 1833 1594 1888 1636; x_wconf 89' lang='lat' dir='ltr'><strong>(de</strong></span> <span class='ocrx_word' id='word_1_371' title='bbox 1905 1603 1944 1624; x_wconf 90' lang='lat' dir='ltr'><strong>ea</strong></span> <span class='ocrx_word' id='word_1_372' title='bbox 1956 1591 2007 1633; x_wconf 88' lang='lat' dir='ltr'><strong>re)</strong></span> 
     </span>
     <span class='ocr_line' id='line_1_29' title="bbox 139 1646 2008 1697; baseline -0.011 -1"><span class='ocrx_word' id='word_1_373' title='bbox 139 1667 202 1697; x_wconf 76' lang='lat' dir='ltr'><strong>ita.</strong></span> <span class='ocrx_word' id='word_1_374' title='bbox 234 1661 413 1694; x_wconf 78' lang='lat' dir='ltr'><strong>iudicimn.</strong></span> <span class='ocrx_word' id='word_1_375' title='bbox 443 1659 573 1690; x_wconf 76' lang='lat' dir='ltr'><strong>detur..</strong></span> <span class='ocrx_word' id='word_1_376' title='bbox 618 1656 715 1688; x_wconf 86' lang='lat' dir='ltr'><strong>Alibi</strong></span> <span class='ocrx_word' id='word_1_377' title='bbox 739 1666 873 1697; x_wconf 90' lang='lat' dir='ltr'><strong>quoque</strong></span> <span class='ocrx_word' id='word_1_378' title='bbox 895 1654 931 1684; x_wconf 90' lang='lat' dir='ltr'><strong>in</strong></span> <span class='ocrx_word' id='word_1_379' title='bbox 952 1653 1092 1684; x_wconf 85' lang='lat' dir='ltr'><strong>uocibus</strong></span> <span class='ocrx_word' id='word_1_380' title='bbox 1114 1653 1373 1695; x_wconf 78' lang='lat' dir='ltr'><strong>Promagister,</strong></span> <span class='ocrx_word' id='word_1_381' title='bbox 1394 1651 1612 1696; x_wconf 82' lang='lat' dir='ltr'><strong>Proflamen,</strong></span> <span class='ocrx_word' id='word_1_382' title='bbox 1635 1648 1894 1685; x_wconf 67' lang='lat' dir='ltr'><strong>Prodicumuir,</strong></span> <span class='ocrx_word' id='word_1_383' title='bbox 1915 1646 2008 1678; x_wconf 85' lang='lat' dir='ltr'><strong>Pro-</strong></span> 
     </span>
     <span class='ocr_line' id='line_1_30' title="bbox 140 1698 2009 1760; baseline -0.009 -14"><span class='ocrx_word' id='word_1_384' title='bbox 140 1718 295 1760; x_wconf 78' lang='lat' dir='ltr'><strong>legatus,</strong></span> <span class='ocrx_word' id='word_1_385' title='bbox 323 1723 407 1754; x_wconf 86' lang='lat' dir='ltr'><strong>quae</strong></span> <span class='ocrx_word' id='word_1_386' title='bbox 430 1711 466 1742; x_wconf 88' lang='lat' dir='ltr'><strong>in</strong></span> <span class='ocrx_word' id='word_1_387' title='bbox 488 1709 673 1741; x_wconf 85' lang='lat' dir='ltr'><strong>rarioribus</strong></span> <span class='ocrx_word' id='word_1_388' title='bbox 696 1714 790 1746; x_wconf 87' lang='lat' dir='ltr'><strong>sunt,</strong></span> <span class='ocrx_word' id='word_1_389' title='bbox 825 1713 875 1738; x_wconf 88' lang='lat' dir='ltr'><strong>set</strong></span> <span class='ocrx_word' id='word_1_390' title='bbox 897 1706 975 1738; x_wconf 86' lang='lat' dir='ltr'><strong>satis</strong></span> <span class='ocrx_word' id='word_1_391' title='bbox 997 1706 1037 1737; x_wconf 89' lang='lat' dir='ltr'><strong>ab</strong></span> <span class='ocrx_word' id='word_1_392' title='bbox 1058 1705 1229 1747; x_wconf 85' lang='lat' dir='ltr'><strong>Inscriptt.</strong></span> <span class='ocrx_word' id='word_1_393' title='bbox 1257 1704 1424 1743; x_wconf 86' lang='lat' dir='ltr'><strong>firmatae,</strong></span> <span class='ocrx_word' id='word_1_394' title='bbox 1456 1704 1638 1734; x_wconf 84' lang='lat' dir='ltr'><strong>haeserunt</strong></span> <span class='ocrx_word' id='word_1_395' title='bbox 1660 1701 1727 1732; x_wconf 89' lang='lat' dir='ltr'><strong>uiri</strong></span> <span class='ocrx_word' id='word_1_396' title='bbox 1750 1699 1851 1731; x_wconf 88' lang='lat' dir='ltr'><strong>docti.</strong></span> <span class='ocrx_word' id='word_1_397' title='bbox 1883 1698 2009 1730; x_wconf 81' lang='lat' dir='ltr'>OREL-</span> 
     </span>
     <span class='ocr_line' id='line_1_31' title="bbox 141 1748 2009 1801; baseline -0.011 -1"><span class='ocrx_word' id='word_1_398' title='bbox 141 1778 235 1801; x_wconf 74' lang='lat' dir='ltr'><strong>Ln&#39;s.</strong></span> <span class='ocrx_word' id='word_1_399' title='bbox 281 1765 512 1799; x_wconf 75' lang='lat' dir='ltr'><strong>Uehementer</strong></span> <span class='ocrx_word' id='word_1_400' title='bbox 539 1763 664 1801; x_wconf 87' lang='lat' dir='ltr'><strong>miror,</strong></span> <span class='ocrx_word' id='word_1_401' title='bbox 701 1760 835 1793; x_wconf 89' lang='lat' dir='ltr'><strong>Orellio</strong></span> <span class='ocrx_word' id='word_1_402' title='bbox 867 1758 1079 1797; x_wconf 79' lang='lat' dir='ltr'><strong>manifestos,</strong></span> <span class='ocrx_word' id='word_1_403' title='bbox 1122 1769 1205 1800; x_wconf 89' lang='lat' dir='ltr'><strong>quos</strong></span> <span class='ocrx_word' id='word_1_404' title='bbox 1230 1757 1435 1788; x_wconf 87' lang='lat' dir='ltr'><strong>Garatonius</strong></span> <span class='ocrx_word' id='word_1_405' title='bbox 1463 1755 1499 1786; x_wconf 88' lang='lat' dir='ltr'><strong>in</strong></span> <span class='ocrx_word' id='word_1_406' title='bbox 1520 1756 1582 1787; x_wconf 88' lang='lat' dir='ltr'><strong>hac</strong></span> <span class='ocrx_word' id='word_1_407' title='bbox 1603 1752 1820 1785; x_wconf 85' lang='lat' dir='ltr'><strong>adnotatione</strong></span> <span class='ocrx_word' id='word_1_408' title='bbox 1842 1748 2009 1787; x_wconf 81' lang='lat' dir='ltr'><strong>conmisit,</strong></span> 
     </span>
     <span class='ocr_line' id='line_1_32' title="bbox 144 1803 2013 1852; baseline -0.01 -1"><span class='ocrx_word' id='word_1_409' title='bbox 144 1831 275 1852; x_wconf 82' lang='lat' dir='ltr'><strong>errores</strong></span> <span class='ocrx_word' id='word_1_410' title='bbox 294 1830 368 1849; x_wconf 14' lang='lat' dir='ltr'><strong>enon</strong></span> <span class='ocrx_word' id='word_1_411' title='bbox 392 1828 462 1848; x_wconf 93' lang='grc'><strong>6556</strong></span> <span class='ocrx_word' id='word_1_412' title='bbox 485 1815 749 1847; x_wconf 83' lang='lat' dir='ltr'><strong>animaduersos.</strong></span> <span class='ocrx_word' id='word_1_413' title='bbox 795 1812 894 1845; x_wconf 69' lang='lat' dir='ltr'><strong>Nihil</strong></span> <span class='ocrx_word' id='word_1_414' title='bbox 916 1811 1002 1843; x_wconf 82' lang='lat' dir='ltr'><strong>mihi</strong></span> <span class='ocrx_word' id='word_1_415' title='bbox 1024 1810 1147 1842; x_wconf 80' lang='lat' dir='ltr'><strong>certius</strong></span> <span class='ocrx_word' id='word_1_416' title='bbox 1169 1809 1307 1840; x_wconf 88' lang='lat' dir='ltr'><strong>uidetur</strong></span> <span class='ocrx_word' id='word_1_417' title='bbox 1329 1808 1502 1840; x_wconf 83' lang='lat' dir='ltr'><strong>adfirmari</strong></span> <span class='ocrx_word' id='word_1_418' title='bbox 1528 1818 1645 1850; x_wconf 84' lang='lat' dir='ltr'><strong>posse,</strong></span> <span class='ocrx_word' id='word_1_419' title='bbox 1683 1816 1784 1848; x_wconf 91' lang='lat' dir='ltr'><strong>quam</strong></span> <span class='ocrx_word' id='word_1_420' title='bbox 1811 1803 1917 1835; x_wconf 84' lang='lat' dir='ltr'><strong>uerba</strong></span> <span class='ocrx_word' id='word_1_421' title='bbox 1948 1806 2013 1835; x_wconf 77' lang='lat' dir='ltr'><strong>aut</strong></span> 
     </span>
     <span class='ocr_line' id='line_1_33' title="bbox 139 1854 2012 1918; baseline -0.011 -13"><span class='ocrx_word' id='word_1_422' title='bbox 139 1870 472 1918; x_wconf 78' lang='lat' dir='ltr'><strong>promagistratibus</strong></span> <span class='ocrx_word' id='word_1_423' title='bbox 495 1881 564 1900; x_wconf 90' lang='lat' dir='ltr'><strong>non</strong></span> <span class='ocrx_word' id='word_1_424' title='bbox 588 1878 657 1899; x_wconf 89' lang='grc'><strong>6556</strong></span> <span class='ocrx_word' id='word_1_425' title='bbox 678 1878 698 1898; x_wconf 89' lang='lat' dir='ltr'><strong>a</strong></span> <span class='ocrx_word' id='word_1_426' title='bbox 719 1866 768 1898; x_wconf 88' lang='lat' dir='ltr'><strong>M.</strong></span> <span class='ocrx_word' id='word_1_427' title='bbox 793 1865 909 1896; x_wconf 80' lang='lat' dir='ltr'><strong>Tullio</strong></span> <span class='ocrx_word' id='word_1_428' title='bbox 933 1864 1067 1906; x_wconf 85' lang='lat' dir='ltr'><strong>scripta.</strong></span> <span class='ocrx_word' id='word_1_429' title='bbox 1112 1863 1166 1895; x_wconf 87' lang='lat' dir='ltr'><strong>Ac</strong></span> <span class='ocrx_word' id='word_1_430' title='bbox 1187 1862 1300 1905; x_wconf 88' lang='lat' dir='ltr'><strong>prima</strong></span> <span class='ocrx_word' id='word_1_431' title='bbox 1322 1860 1460 1903; x_wconf 83' lang='lat' dir='ltr'><strong>quidem</strong></span> <span class='ocrx_word' id='word_1_432' title='bbox 1483 1871 1607 1899; x_wconf 84' lang='lat' dir='ltr'><strong>caussa,</strong></span> <span class='ocrx_word' id='word_1_433' title='bbox 1631 1860 1673 1891; x_wconf 92' lang='lat' dir='ltr'><strong>ob</strong></span> <span class='ocrx_word' id='word_1_434' title='bbox 1697 1869 1798 1901; x_wconf 90' lang='lat' dir='ltr'><strong>quam</strong></span> <span class='ocrx_word' id='word_1_435' title='bbox 1820 1854 1936 1899; x_wconf 84' lang='lat' dir='ltr'><strong>spuria</strong></span> <span class='ocrx_word' id='word_1_436' title='bbox 1955 1854 2012 1885; x_wconf 86' lang='lat' dir='ltr'><strong>iu-</strong></span> 
     </span>
     <span class='ocr_line' id='line_1_34' title="bbox 145 1908 2014 1962; baseline -0.01 -6"><span class='ocrx_word' id='word_1_437' title='bbox 145 1924 288 1957; x_wconf 79' lang='lat' dir='ltr'><strong>dicanda</strong></span> <span class='ocrx_word' id='word_1_438' title='bbox 313 1923 398 1962; x_wconf 82' lang='lat' dir='ltr'><strong>sint,</strong></span> <span class='ocrx_word' id='word_1_439' title='bbox 424 1922 507 1953; x_wconf 89' lang='grc'><strong>11366</strong></span> <span class='ocrx_word' id='word_1_440' title='bbox 531 1927 599 1960; x_wconf 84' lang='lat' dir='ltr'><strong>est,</strong></span> <span class='ocrx_word' id='word_1_441' title='bbox 630 1919 720 1961; x_wconf 90' lang='lat' dir='ltr'><strong>quod</strong></span> <span class='ocrx_word' id='word_1_442' title='bbox 737 1919 1037 1962; x_wconf 72' lang='lat' dir='ltr'><strong>prorrmgistratus</strong></span> <span class='ocrx_word' id='word_1_443' title='bbox 1062 1927 1132 1947; x_wconf 89' lang='lat' dir='ltr'><strong>non</strong></span> <span class='ocrx_word' id='word_1_444' title='bbox 1155 1921 1205 1947; x_wconf 82' lang='lat' dir='ltr'><strong>est</strong></span> <span class='ocrx_word' id='word_1_445' title='bbox 1225 1925 1297 1946; x_wconf 82' lang='lat' dir='ltr'><strong>uox</strong></span> <span class='ocrx_word' id='word_1_446' title='bbox 1318 1913 1432 1944; x_wconf 81' lang='lat' dir='ltr'><strong>latina.</strong></span> <span class='ocrx_word' id='word_1_447' title='bbox 1473 1913 1560 1944; x_wconf 90' lang='lat' dir='ltr'><strong>Eam</strong></span> <span class='ocrx_word' id='word_1_448' title='bbox 1581 1918 1695 1943; x_wconf 86' lang='lat' dir='ltr'><strong>autem</strong></span> <span class='ocrx_word' id='word_1_449' title='bbox 1717 1909 1870 1953; x_wconf 85' lang='lat' dir='ltr'><strong>oportuit</strong></span> <span class='ocrx_word' id='word_1_450' title='bbox 1891 1908 1927 1940; x_wconf 88' lang='lat' dir='ltr'><strong>in</strong></span> <span class='ocrx_word' id='word_1_451' title='bbox 1948 1917 2014 1938; x_wconf 86' lang='lat' dir='ltr'><strong>usu</strong></span> 
     </span>
     <span class='ocr_line' id='line_1_35' title="bbox 145 1958 2014 2017; baseline -0.01 -9"><span class='ocrx_word' id='word_1_452' title='bbox 145 1989 232 2017; x_wconf 81' lang='lat' dir='ltr'><strong>esse,</strong></span> <span class='ocrx_word' id='word_1_453' title='bbox 267 1976 295 2008; x_wconf 90' lang='lat' dir='ltr'><strong>si</strong></span> <span class='ocrx_word' id='word_1_454' title='bbox 319 1975 392 2017; x_wconf 87' lang='lat' dir='ltr'><strong>quis</strong></span> <span class='ocrx_word' id='word_1_455' title='bbox 415 1973 507 2005; x_wconf 86' lang='lat' dir='ltr'><strong>salua</strong></span> <span class='ocrx_word' id='word_1_456' title='bbox 526 1972 693 2004; x_wconf 78' lang='lat' dir='ltr'><strong>latinitate</strong></span> <span class='ocrx_word' id='word_1_457' title='bbox 724 1984 814 2003; x_wconf 78' lang='lat' dir='ltr'><strong>unus</strong></span> <span class='ocrx_word' id='word_1_458' title='bbox 830 1970 911 2014; x_wconf 76' lang='lat' dir='ltr'><strong>fuit</strong></span> <span class='ocrx_word' id='word_1_459' title='bbox 934 1971 974 2002; x_wconf 82' lang='lat' dir='ltr'><strong>cle</strong></span> <span class='ocrx_word' id='word_1_460' title='bbox 997 1968 1262 2012; x_wconf 73' lang='lat' dir='ltr'><strong>magistratibus</strong></span> <span class='ocrx_word' id='word_1_461' title='bbox 1285 1973 1347 2000; x_wconf 78' lang='lat' dir='ltr'><strong>aut</strong></span> <span class='ocrx_word' id='word_1_462' title='bbox 1366 1965 1700 2010; x_wconf 79' lang='lat' dir='ltr'><strong>promagistratibas</strong></span> <span class='ocrx_word' id='word_1_463' title='bbox 1731 1963 1842 1994; x_wconf 87' lang='lat' dir='ltr'><strong>dicere</strong></span> <span class='ocrx_word' id='word_1_464' title='bbox 1862 1958 2014 2003; x_wconf 83' lang='lat' dir='ltr'><strong>potuisse</strong></span> 
     </span>
     <span class='ocr_line' id='line_1_36' title="bbox 146 2011 2013 2068; baseline -0.009 -7"><span class='ocrx_word' id='word_1_465' title='bbox 146 2030 326 2062; x_wconf 63' lang='lat' dir='ltr'><strong>iudicatur.</strong></span> <span class='ocrx_word' id='word_1_466' title='bbox 371 2028 493 2068; x_wconf 75' lang='lat' dir='ltr'><strong>Neque</strong></span> <span class='ocrx_word' id='word_1_467' title='bbox 514 2025 617 2057; x_wconf 87' lang='lat' dir='ltr'><strong>fuisse</strong></span> <span class='ocrx_word' id='word_1_468' title='bbox 642 2024 679 2056; x_wconf 86' lang='lat' dir='ltr'><strong>in</strong></span> <span class='ocrx_word' id='word_1_469' title='bbox 700 2036 774 2062; x_wconf 84' lang='lat' dir='ltr'><strong>usu,</strong></span> <span class='ocrx_word' id='word_1_470' title='bbox 802 2035 845 2054; x_wconf 77' lang='lat' dir='ltr'><strong>ex</strong></span> <span class='ocrx_word' id='word_1_471' title='bbox 869 2028 1027 2064; x_wconf 87' lang='lat' dir='ltr'><strong>quattuor</strong></span> <span class='ocrx_word' id='word_1_472' title='bbox 1049 2021 1116 2052; x_wconf 78' lang='lat' dir='ltr'><strong>illis</strong></span> <span class='ocrx_word' id='word_1_473' title='bbox 1139 2021 1280 2063; x_wconf 87' lang='lat' dir='ltr'><strong>legibus,</strong></span> <span class='ocrx_word' id='word_1_474' title='bbox 1308 2030 1451 2062; x_wconf 85' lang='lat' dir='ltr'><strong>quarum</strong></span> <span class='ocrx_word' id='word_1_475' title='bbox 1473 2018 1682 2050; x_wconf 85' lang='lat' dir='ltr'><strong>mentionem</strong></span> <span class='ocrx_word' id='word_1_476' title='bbox 1705 2015 1786 2047; x_wconf 84' lang='lat' dir='ltr'><strong>fecit</strong></span> <span class='ocrx_word' id='word_1_477' title='bbox 1798 2011 2013 2051; x_wconf 76' lang='lat' dir='ltr'><strong>Ga1·atoniUS‚</strong></span> 
     </span>
     <span class='ocr_line' id='line_1_37' title="bbox 149 2066 2016 2127; baseline -0.01 -14"><span class='ocrx_word' id='word_1_478' title='bbox 149 2081 288 2127; x_wconf 80' lang='lat' dir='ltr'><strong>probari</strong></span> <span class='ocrx_word' id='word_1_479' title='bbox 310 2086 438 2123; x_wconf 72' lang='lat' dir='ltr'><strong>potest3</strong></span> <span class='ocrx_word' id='word_1_480' title='bbox 462 2079 498 2110; x_wconf 91' lang='lat' dir='ltr'><strong>in</strong></span> <span class='ocrx_word' id='word_1_481' title='bbox 517 2078 637 2121; x_wconf 83' lang='lat' dir='ltr'><strong>quibus</strong></span> <span class='ocrx_word' id='word_1_482' title='bbox 662 2076 867 2108; x_wconf 81' lang='lat' dir='ltr'><strong>sciendumst</strong></span> <span class='ocrx_word' id='word_1_483' title='bbox 888 2086 1022 2117; x_wconf 88' lang='lat' dir='ltr'><strong>semper</strong></span> <span class='ocrx_word' id='word_1_484' title='bbox 1047 2074 1113 2105; x_wconf 91' lang='lat' dir='ltr'><strong>duo</strong></span> <span class='ocrx_word' id='word_1_485' title='bbox 1137 2085 1208 2106; x_wconf 89' lang='lat' dir='ltr'><strong>esse</strong></span> <span class='ocrx_word' id='word_1_486' title='bbox 1229 2072 1392 2104; x_wconf 80' lang='lat' dir='ltr'><strong>uocabula</strong></span> <span class='ocrx_word' id='word_1_487' title='bbox 1407 2083 1476 2115; x_wconf 82' lang='lat' dir='ltr'><strong>pro</strong></span> <span class='ocrx_word' id='word_1_488' title='bbox 1499 2071 1712 2114; x_wconf 79' lang='lat' dir='ltr'><strong>magistratu</strong></span> <span class='ocrx_word' id='word_1_489' title='bbox 1734 2066 1929 2106; x_wconf 85' lang='lat' dir='ltr'><strong>casibusque</strong></span> <span class='ocrx_word' id='word_1_490' title='bbox 1950 2074 2016 2094; x_wconf 90' lang='lat' dir='ltr'><strong>no-</strong></span> 
     </span>
     <span class='ocr_line' id='line_1_38' title="bbox 150 2115 2014 2172; baseline -0.01 -6"><span class='ocrx_word' id='word_1_491' title='bbox 150 2134 323 2167; x_wconf 85' lang='lat' dir='ltr'><strong>minatiuis</strong></span> <span class='ocrx_word' id='word_1_492' title='bbox 347 2133 505 2164; x_wconf 84' lang='lat' dir='ltr'><strong>adiuncta</strong></span> <span class='ocrx_word' id='word_1_493' title='bbox 526 2141 607 2163; x_wconf 87' lang='grc'><strong>6556.</strong></span> <span class='ocrx_word' id='word_1_494' title='bbox 652 2130 773 2171; x_wconf 78' lang='lat' dir='ltr'><strong>Neque</strong></span> <span class='ocrx_word' id='word_1_495' title='bbox 795 2128 824 2159; x_wconf 85' lang='lat' dir='ltr'><strong>si</strong></span> <span class='ocrx_word' id='word_1_496' title='bbox 844 2128 1140 2172; x_wconf 75' lang='lat' dir='ltr'><strong>promagistratus</strong></span> <span class='ocrx_word' id='word_1_497' title='bbox 1165 2137 1236 2157; x_wconf 84' lang='lat' dir='ltr'><strong>uox</strong></span> <span class='ocrx_word' id='word_1_498' title='bbox 1258 2124 1363 2156; x_wconf 81' lang='lat' dir='ltr'><strong>latina</strong></span> <span class='ocrx_word' id='word_1_499' title='bbox 1386 2123 1501 2156; x_wconf 86' lang='lat' dir='ltr'><strong>fuisset</strong></span> <span class='ocrx_word' id='word_1_500' title='bbox 1523 2130 1580 2155; x_wconf 90' lang='lat' dir='ltr'><strong>aut</strong></span> <span class='ocrx_word' id='word_1_501' title='bbox 1602 2122 1643 2154; x_wconf 80' lang='lat' dir='ltr'><strong>de</strong></span> <span class='ocrx_word' id='word_1_502' title='bbox 1660 2132 1726 2164; x_wconf 83' lang='lat' dir='ltr'><strong>pro</strong></span> <span class='ocrx_word' id='word_1_503' title='bbox 1749 2115 2014 2162; x_wconf 69' lang='lat' dir='ltr'><strong>magistratibus</strong></span> 
     </span>
     <span class='ocr_line' id='line_1_39' title="bbox 152 2166 2014 2227; baseline -0.011 -8"><span class='ocrx_word' id='word_1_504' title='bbox 152 2188 245 2220; x_wconf 89' lang='lat' dir='ltr'><strong>salua</strong></span> <span class='ocrx_word' id='word_1_505' title='bbox 267 2186 432 2218; x_wconf 88' lang='lat' dir='ltr'><strong>latinitate</strong></span> <span class='ocrx_word' id='word_1_506' title='bbox 452 2185 518 2216; x_wconf 89' lang='lat' dir='ltr'><strong>dici</strong></span> <span class='ocrx_word' id='word_1_507' title='bbox 539 2182 721 2227; x_wconf 84' lang='lat' dir='ltr'><strong>potuisset,</strong></span> <span class='ocrx_word' id='word_1_508' title='bbox 746 2182 946 2214; x_wconf 87' lang='lat' dir='ltr'><strong>Ciceronem</strong></span> <span class='ocrx_word' id='word_1_509' title='bbox 967 2180 1023 2211; x_wconf 87' lang='lat' dir='ltr'><strong>hic</strong></span> <span class='ocrx_word' id='word_1_510' title='bbox 1044 2179 1106 2218; x_wconf 89' lang='lat' dir='ltr'><strong>sic,</strong></span> <span class='ocrx_word' id='word_1_511' title='bbox 1131 2176 1417 2220; x_wconf 89' lang='lat' dir='ltr'><strong>quemadmodum</strong></span> <span class='ocrx_word' id='word_1_512' title='bbox 1439 2176 1595 2219; x_wconf 89' lang='lat' dir='ltr'><strong>plerique</strong></span> <span class='ocrx_word' id='word_1_513' title='bbox 1614 2173 1742 2205; x_wconf 87' lang='lat' dir='ltr'><strong>codices</strong></span> <span class='ocrx_word' id='word_1_514' title='bbox 1764 2171 1902 2208; x_wconf 88' lang='lat' dir='ltr'><strong>habent,</strong></span> <span class='ocrx_word' id='word_1_515' title='bbox 1929 2166 2014 2199; x_wconf 85' lang='lat' dir='ltr'><strong>scri-</strong></span> 
     </span>
     <span class='ocr_line' id='line_1_40' title="bbox 154 2219 2015 2282; baseline -0.012 -11"><span class='ocrx_word' id='word_1_516' title='bbox 154 2241 234 2271; x_wconf 88' lang='lat' dir='ltr'><strong>bere</strong></span> <span class='ocrx_word' id='word_1_517' title='bbox 256 2239 404 2282; x_wconf 85' lang='lat' dir='ltr'><strong>potuisse</strong></span> <span class='ocrx_word' id='word_1_518' title='bbox 427 2237 582 2269; x_wconf 88' lang='lat' dir='ltr'><strong>concedo.</strong></span> <span class='ocrx_word' id='word_1_519' title='bbox 626 2236 716 2267; x_wconf 70' lang='lat' dir='ltr'><strong>Nam</strong></span> <span class='ocrx_word' id='word_1_520' title='bbox 738 2234 767 2266; x_wconf 87' lang='lat' dir='ltr'><strong>si</strong></span> <span class='ocrx_word' id='word_1_521' title='bbox 788 2234 824 2265; x_wconf 92' lang='lat' dir='ltr'><strong>in</strong></span> <span class='ocrx_word' id='word_1_522' title='bbox 841 2245 919 2265; x_wconf 91' lang='lat' dir='ltr'><strong>eum</strong></span> <span class='ocrx_word' id='word_1_523' title='bbox 941 2242 1076 2264; x_wconf 88' lang='lat' dir='ltr'><strong>sensum</strong></span> <span class='ocrx_word' id='word_1_524' title='bbox 1098 2231 1179 2262; x_wconf 78' lang='lat' dir='ltr'><strong>haec</strong></span> <span class='ocrx_word' id='word_1_525' title='bbox 1199 2230 1304 2261; x_wconf 89' lang='lat' dir='ltr'><strong>uerba</strong></span> <span class='ocrx_word' id='word_1_526' title='bbox 1327 2229 1415 2261; x_wconf 86' lang='lat' dir='ltr'><strong>dicta</strong></span> <span class='ocrx_word' id='word_1_527' title='bbox 1436 2229 1658 2272; x_wconf 85' lang='lat' dir='ltr'><strong>accipiuntur,</strong></span> <span class='ocrx_word' id='word_1_528' title='bbox 1682 2225 1718 2256; x_wconf 89' lang='lat' dir='ltr'><strong>in</strong></span> <span class='ocrx_word' id='word_1_529' title='bbox 1737 2234 1837 2266; x_wconf 80' lang='lat' dir='ltr'><strong>quem</strong></span> <span class='ocrx_word' id='word_1_530' title='bbox 1850 2219 2015 2262; x_wconf 88' lang='lat' dir='ltr'><strong>accepisse</strong></span> 
     </span>
     <span class='ocr_line' id='line_1_41' title="bbox 155 2272 2015 2325; baseline -0.011 -2"><span class='ocrx_word' id='word_1_531' title='bbox 155 2291 360 2324; x_wconf 85' lang='lat' dir='ltr'><strong>Garatonius</strong></span> <span class='ocrx_word' id='word_1_532' title='bbox 385 2290 421 2321; x_wconf 89' lang='lat' dir='ltr'><strong>in</strong></span> <span class='ocrx_word' id='word_1_533' title='bbox 444 2289 543 2322; x_wconf 88' lang='lat' dir='ltr'><strong>Curis</strong></span> <span class='ocrx_word' id='word_1_534' title='bbox 565 2287 726 2320; x_wconf 88' lang='lat' dir='ltr'><strong>Secundis</strong></span> <span class='ocrx_word' id='word_1_535' title='bbox 749 2286 895 2325; x_wconf 86' lang='lat' dir='ltr'><strong>uidetur,</strong></span> <span class='ocrx_word' id='word_1_536' title='bbox 918 2291 957 2316; x_wconf 89' lang='lat' dir='ltr'><strong>ut</strong></span> <span class='ocrx_word' id='word_1_537' title='bbox 979 2284 1098 2316; x_wconf 90' lang='lat' dir='ltr'><strong>Cicero</strong></span> <span class='ocrx_word' id='word_1_538' title='bbox 1120 2282 1273 2325; x_wconf 85' lang='lat' dir='ltr'><strong>utrisque</strong></span> <span class='ocrx_word' id='word_1_539' title='bbox 1302 2281 1568 2325; x_wconf 87' lang='lat' dir='ltr'><strong>magistratibus,</strong></span> <span class='ocrx_word' id='word_1_540' title='bbox 1602 2285 1635 2310; x_wconf 88' lang='lat' dir='ltr'><strong>et</strong></span> <span class='ocrx_word' id='word_1_541' title='bbox 1656 2276 1792 2309; x_wconf 75' lang='lat' dir='ltr'><strong>urbanis</strong></span> <span class='ocrx_word' id='word_1_542' title='bbox 1815 2280 1848 2306; x_wconf 88' lang='lat' dir='ltr'><strong>et</strong></span> <span class='ocrx_word' id='word_1_543' title='bbox 1869 2272 2015 2316; x_wconf 88' lang='lat' dir='ltr'><strong>prouin-</strong></span> 
     </span>
     <span class='ocr_line' id='line_1_42' title="bbox 158 2324 2016 2385; baseline -0.011 -9"><span class='ocrx_word' id='word_1_544' title='bbox 158 2344 315 2382; x_wconf 85' lang='lat' dir='ltr'><strong>cialibus,</strong></span> <span class='ocrx_word' id='word_1_545' title='bbox 344 2343 383 2374; x_wconf 87' lang='lat' dir='ltr'><strong>ab</strong></span> <span class='ocrx_word' id='word_1_546' title='bbox 415 2348 533 2374; x_wconf 87' lang='lat' dir='ltr'><strong>senatu</strong></span> <span class='ocrx_word' id='word_1_547' title='bbox 560 2341 681 2385; x_wconf 87' lang='lat' dir='ltr'><strong>gratias</strong></span> <span class='ocrx_word' id='word_1_548' title='bbox 709 2351 773 2383; x_wconf 91' lang='lat' dir='ltr'><strong>pro</strong></span> <span class='ocrx_word' id='word_1_549' title='bbox 805 2337 940 2371; x_wconf 83' lang='lat' dir='ltr'><strong>defensa</strong></span> <span class='ocrx_word' id='word_1_550' title='bbox 970 2349 1029 2369; x_wconf 84' lang='lat' dir='ltr'><strong>sua</strong></span> <span class='ocrx_word' id='word_1_551' title='bbox 1057 2336 1163 2368; x_wconf 86' lang='lat' dir='ltr'><strong>salute</strong></span> <span class='ocrx_word' id='word_1_552' title='bbox 1202 2342 1288 2367; x_wconf 69' lang='lat' dir='ltr'><strong>actas</strong></span> <span class='ocrx_word' id='word_1_553' title='bbox 1319 2346 1405 2375; x_wconf 78' lang='grc'><strong>6556,</strong></span> <span class='ocrx_word' id='word_1_554' title='bbox 1441 2346 1550 2365; x_wconf 85' lang='lat' dir='ltr'><strong>unum</strong></span> <span class='ocrx_word' id='word_1_555' title='bbox 1587 2338 1700 2364; x_wconf 89' lang='lat' dir='ltr'><strong>autem</strong></span> <span class='ocrx_word' id='word_1_556' title='bbox 1730 2329 1772 2360; x_wconf 87' lang='lat' dir='ltr'><strong>de</strong></span> <span class='ocrx_word' id='word_1_557' title='bbox 1805 2326 1857 2365; x_wconf 87' lang='lat' dir='ltr'><strong>iis,</strong></span> <span class='ocrx_word' id='word_1_558' title='bbox 1893 2324 2016 2368; x_wconf 88' lang='lat' dir='ltr'><strong>quibus</strong></span> 
     </span>
     <span class='ocr_line' id='line_1_43' title="bbox 158 2376 2017 2438; baseline -0.01 -10"><span class='ocrx_word' id='word_1_559' title='bbox 158 2397 227 2428; x_wconf 88' lang='lat' dir='ltr'><strong>sint</strong></span> <span class='ocrx_word' id='word_1_560' title='bbox 249 2396 372 2438; x_wconf 80' lang='lat' dir='ltr'><strong>gratiae</strong></span> <span class='ocrx_word' id='word_1_561' title='bbox 395 2401 502 2434; x_wconf 84' lang='lat' dir='ltr'><strong>actae,</strong></span> <span class='ocrx_word' id='word_1_562' title='bbox 539 2393 714 2425; x_wconf 87' lang='lat' dir='ltr'><strong>Plancium</strong></span> <span class='ocrx_word' id='word_1_563' title='bbox 735 2403 813 2424; x_wconf 87' lang='lat' dir='ltr'><strong>suae</strong></span> <span class='ocrx_word' id='word_1_564' title='bbox 835 2390 950 2423; x_wconf 82' lang='lat' dir='ltr'><strong>salutis</strong></span> <span class='ocrx_word' id='word_1_565' title='bbox 972 2390 1075 2422; x_wconf 83' lang='lat' dir='ltr'><strong>fuisse</strong></span> <span class='ocrx_word' id='word_1_566' title='bbox 1097 2387 1310 2431; x_wconf 68' lang='lat' dir='ltr'><strong>defensorem</strong></span> <span class='ocrx_word' id='word_1_567' title='bbox 1332 2387 1444 2418; x_wconf 89' lang='lat' dir='ltr'><strong>dicere</strong></span> <span class='ocrx_word' id='word_1_568' title='bbox 1468 2386 1616 2417; x_wconf 85' lang='lat' dir='ltr'><strong>uoluisse</strong></span> <span class='ocrx_word' id='word_1_569' title='bbox 1646 2382 1885 2418; x_wconf 83' lang='lat' dir='ltr'><strong>existumetur,</strong></span> <span class='ocrx_word' id='word_1_570' title='bbox 1917 2376 2017 2409; x_wconf 83' lang='lat' dir='ltr'><strong>facile</strong></span> 
     </span>
     <span class='ocr_line' id='line_1_44' title="bbox 160 2428 2017 2491; baseline -0.009 -10"><span class='ocrx_word' id='word_1_571' title='bbox 160 2448 311 2491; x_wconf 78' lang='lat' dir='ltr'><strong>intellegi</strong></span> <span class='ocrx_word' id='word_1_572' title='bbox 336 2454 454 2490; x_wconf 67' lang='lat' dir='ltr'><strong>potest,</strong></span> <span class='ocrx_word' id='word_1_573' title='bbox 479 2447 680 2479; x_wconf 88' lang='lat' dir='ltr'><strong>Ciceronem</strong></span> <span class='ocrx_word' id='word_1_574' title='bbox 701 2445 928 2477; x_wconf 83' lang='lat' dir='ltr'><strong>uitiosissume</strong></span> <span class='ocrx_word' id='word_1_575' title='bbox 950 2444 1102 2475; x_wconf 90' lang='lat' dir='ltr'><strong>locutum</strong></span> <span class='ocrx_word' id='word_1_576' title='bbox 1125 2452 1205 2480; x_wconf 79' lang='lat' dir='ltr'><strong>esse,</strong></span> <span class='ocrx_word' id='word_1_577' title='bbox 1229 2447 1262 2472; x_wconf 90' lang='lat' dir='ltr'><strong>et</strong></span> <span class='ocrx_word' id='word_1_578' title='bbox 1284 2441 1342 2477; x_wconf 79' lang='lat' dir='ltr'><strong>ita,</strong></span> <span class='ocrx_word' id='word_1_579' title='bbox 1370 2445 1408 2471; x_wconf 88' lang='lat' dir='ltr'><strong>ut</strong></span> <span class='ocrx_word' id='word_1_580' title='bbox 1429 2439 1633 2476; x_wconf 84' lang='lat' dir='ltr'><strong>multorum,</strong></span> <span class='ocrx_word' id='word_1_581' title='bbox 1661 2443 1807 2477; x_wconf 84' lang='lat' dir='ltr'><strong>quorum</strong></span> <span class='ocrx_word' id='word_1_582' title='bbox 1829 2440 1960 2463; x_wconf 74' lang='lat' dir='ltr'><strong>Summa</strong></span> <span class='ocrx_word' id='word_1_583' title='bbox 1979 2428 2017 2460; x_wconf 86' lang='lat' dir='ltr'><strong>in</strong></span> 
     </span>
    </p>
   </div>
  </div>
 </body>
</html>
