2185 2720
118 186 173 213 110
765 171 1340 205 COMMENTARIUS.

118 252 331 286 antecedunt.
376 251 480 283 Paulo
500 256 593 282 ante:
619 250 795 294 asperius,
821 250 958 294 inquit,
988 250 1124 282 locutus
1146 253 1197 280 est
1219 247 1358 290 aliquid
1378 246 1587 291 aliquando:
1617 248 1720 280 immo
1734 247 1893 292 fortasse
1915 246 2000 280 libe-

120 308 206 340 rius.
248 308 349 339 Nunc
375 304 543 334 dictorum
566 303 757 334 libertatem
779 302 1020 345 conparatione
1042 300 1231 344 asperitatis
1255 305 1289 331 et
1310 298 1455 330 ferociae
1478 298 1645 338 defendit,
1676 299 1711 330 in
1735 300 1856 341 quibus
1879 300 2001 331 abusus

119 366 170 392 est
191 358 355 391 libertatis
379 357 412 387 in
429 367 466 387 re
482 367 516 398 p.
540 355 750 387 constitutae.
775 355 1036 387 GARAToNn‘s.
1081 354 1154 395 Ego
1178 353 1284 384 etiam
1301 350 1399 383 facile
1420 350 1514 390 fer0;
1540 362 1579 383 ac
1599 350 1681 382 talia
1701 351 1833 392 saepius
1854 363 1875 383 a
1894 352 2002 383 libra-

119 412 180 444 riis
203 411 408 442 omittuntur
431 420 532 450 quam
555 407 796 446 intruduntur,
843 412 962 449 utpote
985 417 1070 448 quae
1095 403 1411 447 interpretationem
1433 403 1704 446 grammaticam,
1744 414 1846 445 quam
1865 403 1918 435 illi
1938 415 2003 447 po—

120 465 299 497 tissumum
321 462 564 504 sequebantur,
592 459 744 490 minume
766 459 896 491 iuuent.
942 458 1142 491 scholiastes
1169 468 1232 499 ego
1254 455 1334 487 illut
1353 455 1523 499 primum,
1545 467 1616 488 non
1637 455 1800 495 alterum,
1823 466 1844 486 a
1864 455 2005 497 reliquis

121 515 218 548 codd.
243 526 333 546 nunc
355 514 518 546 omissum
538 513 574 544 iu
598 512 857 544 commentarios
878 523 956 544 suos
979 510 1116 542 uidetur
1137 508 1329 547 rettulisse3
1367 508 1534 551 duplicari
1557 509 1646 539 enim
1670 519 1733 551 ego
1755 507 1844 539 nihil
1865 507 2006 548 adtinet,

122 579 225 610 quom
254 567 439 598 sententiae
471 566 523 597 uis
553 577 623 596 non
651 565 684 596 in
717 565 781 596 hoc
810 564 1031 607 pronomine,
1067 561 1174 594 setin
1198 561 1354 605 equitum
1377 567 1411 592 et
1425 561 1694 605 publicanorum
1718 560 1892 592 mentione
1913 559 2004 592 insit.

121 620 217 652 Idem
246 630 323 650 casu
351 618 465 661 potius
495 618 551 649 uel
576 617 801 660 neglegentia,
836 628 937 658 quam
961 615 1039 658 quia
1069 615 1105 646 in
1127 625 1188 646 suo
1213 613 1327 645 codice
1357 625 1427 645 nou
1456 612 1664 656 reppererit,
1698 618 1732 645 et
1753 612 1858 646 libere
1880 611 2006 651 omisit,

122 670 214 714 quod
235 681 311 702 mea
333 669 471 712 quidem
494 670 659 701 sententia
677 666 868 712 ἐπεξηγήσει
891 668 1035 700 inseruit
1056 667 1140 698 haut
1160 666 1402 709 paenitendae,
1440 667 1535 708 quasi
1557 665 1718 704 dixisset,
1750 670 1802 696 set
1826 676 1910 708 quae
1932 663 2007 696 aliis

121 735 239 766 aspere
266 729 299 754 et
319 721 479 754 ferociter
503 721 591 753 dicta
611 721 807 764 displicent,
842 721 924 764 ipsis
948 719 1116 762 equitibus
1141 725 1174 750 et
1195 718 1383 761 publicanis
1406 719 1513 749 libera
1534 716 1769 749 tantummodo
1792 717 2007 749 uidebantur.

123 775 235 807 Simili
255 774 358 806 modo
383 774 475 804 idem
494 774 599 806 schol.
623 774 676 805 ed.
697 773 779 806 Mai.
803 784 838 816 p.
854 773 926 805 158.
947 773 1058 804 Immo
1080 777 1120 804 tu
1133 771 1252 804 Druse
1273 782 1337 813 pro
1358 770 1468 803 Immo
1491 783 1573 803 uero
1596 776 1634 802 ta
1650 770 1778 802 Druse.
1802 769 2005 801 ORELLIUS.

121 828 176 860 De
200 827 313 858 uerbis
339 832 372 859 et
397 826 502 858 libere
532 826 612 857 uide
635 837 718 868 quae
740 824 830 856 infra
856 825 894 856 in
916 831 997 855 nota
1017 824 1061 855 ad
1081 824 1164 855 haec
1184 823 1257 866 ipsa
1278 823 1384 854 uerba
1404 819 1535 855 monui.
1579 823 1773 854 Pronomen
1802 832 1866 865 ego
1896 819 2007 864 repeti

122 879 218 911 nullo
247 885 344 921 pacto
375 884 506 921 potest,
542 890 619 909 cum
649 889 748 909 nemo
775 889 937 920 umquam
958 878 1198 908 Romanorum
1227 876 1279 907 bis
1302 875 1337 907 id
1362 876 1423 907 uni
1446 876 1553 907 uerbo
1584 874 1795 918 adposuerit,
1833 873 1900 905 nisi
1929 884 2006 904 cum

122 942 285 963 maxuma
306 930 519 973 pronominis
541 930 632 962 illius
655 930 707 962 uis
730 937 830 970 esset,
858 942 959 972 quam
980 939 1073 960 nunc
1094 929 1225 960 nullam
1248 940 1318 960 esse
1340 939 1438 971 posse
1460 928 1501 959 ab
1525 927 1658 960 Orellio
1680 932 1772 958 recte
1792 926 2006 957 monitumst.

121 983 326 1015 Particulam
350 983 474 1021 etiam,
499 994 600 1024 quam
623 982 770 1014 concedo
790 983 923 1015 Orellio
946 981 1031 1013 ferri
1052 992 1167 1024 posse,
1190 981 1218 1013 si
1239 981 1282 1012 ad
1304 980 1478 1023 sequentia
1500 979 1678 1020 referatur,
1701 990 1762 1011 cur
1782 978 2008 1011 nihilominus

123 1035 231 1066 eicere
255 1034 449 1074 debuerim,
473 1046 517 1066 ex
539 1035 579 1066 iis
602 1035 746 1077 patebit,
770 1047 855 1077 quae
877 1035 1011 1076 Proleg.
1033 1035 1075 1065 L.
1099 1034 1143 1065 ΙΙ.
1168 1034 1206 1065 C.
1230 1034 1256 1064 Ι.
1281 1034 1365 1075 §.1.
1388 1032 1571 1075 disputaui.

207 1086 483 1120 Publicanorum
505 1088 541 1119 in
565 1087 607 1126 Q.
633 1087 837 1119 Scaeuolam
859 1104 899 1112 —
922 1099 1043 1130 aspere
1072 1092 1106 1118 et
1118 1085 1291 1129 ferociter
1313 1090 1346 1117 et
1368 1085 1474 1117 libere
1501 1085 1596 1116 dieta
1623 1083 1881 1125 conmemorem)
1924 1083 2007 1114 Po-

123 1139 372 1172 tentissime
404 1139 451 1170 ab
481 1139 696 1181 exemplis
721 1138 911 1181 qualitas
933 1138 1136 1170 absoluta
1166 1137 1383 1177 firmatur,
1420 1136 1603 1167 licuisse
1630 1135 1808 1167 Plancio
1838 1133 2008 1167 seniori

125 1191 329 1235 quaedam
351 1191 537 1223 liberius
564 1190 711 1222 dicere
740 1203 818 1234 pro
849 1191 1068 1223 societate
1090 1190 1444 1233 publicanorum,
1478 1187 1553 1230 qui
1580 1187 1708 1218 etiam
1736 1186 1779 1218 in
1807 1187 1852 1229 Q.
1879 1187 2009 1218 Scae-

124 1244 265 1276 uolam
289 1243 399 1274 omni
424 1243 599 1274 uirtute
621 1244 1050 1285 praestantissimum
1074 1243 1218 1274 uirum
1244 1240 1462 1273 fiduciam
1483 1251 1581 1272 suae
1602 1239 1829 1271 libertatis
1855 1250 2009 1272 erexe-

124 1296 223 1328 rint.
268 1296 430 1327 Scnorm
456 1295 718 1327 AMBRosmNA.

210 1349 255 1381 In
281 1348 322 1388 Q.
344 1347 559 1388 Scaeuolam)
584 1347 654 1388 Qui
676 1347 795 1379 Asiam
817 1354 971 1388 rexerat,
999 1354 1032 1380 et
1053 1348 1094 1379 ab
1117 1346 1250 1379 iniuriis
1271 1345 1532 1389 publicanorum
1554 1342 1773 1387 prouincialis
1794 1342 2009 1383 defenderam

127 1412 229 1443 quarn
253 1400 295 1430 ob
319 1410 469 1430 caussam
495 1405 610 1441 postea
632 1400 748 1430 uirum
770 1401 1112 1441 innocentissumum,
1148 1400 1206 1442 qui
1228 1399 1408 1430 Scaeuolae
1431 1403 1588 1440 quaestor
1609 1395 1738 1435 fuerat,
1770 1395 1808 1426 P.
1836 1395 2009 1427 Rutilium

125 1453 255 1495 equites
278 1451 444 1490 Romani,
477 1463 554 1482 cum
584 1452 658 1494 lege
687 1452 891 1496 Sempronia
918 1453 1122 1493 iudicarent,
1156 1451 1468 1493 condempnarunt3
1503 1449 1573 1481 Cic.
1602 1448 1638 1479 in
1667 1459 1719 1491 ep.
1748 1447 1790 1479 ad
1819 1449 2008 1480 Lentulum

127 1505 173 1547 [1,
198 1515 228 1547 9.
253 1510 341 1535 extr.
363 1503 405 1534 ad
427 1503 545 1545 Diu.]:
570 1505 645 1537 Scis
669 1518 773 1549 quam
794 1505 930 1538 inimici
956 1505 1012 1536 illi
1034 1506 1103 1548 ipsi
1125 1505 1167 1545 Q.
1191 1504 1376 1536 Scaeuolae
1389 1502 1544 1547 suerint.
1586 1501 1801 1532 MANUTIUS.

210 1557 261 1589 Et
283 1556 400 1598 libere)
429 1556 644 1598 Quamquam
667 1559 748 1589 haec
770 1558 875 1589 uerba
896 1557 1064 1599 interpres
1089 1557 1348 1595 Ambrosianus,
1373 1555 1546 1587 Ciceronis
1570 1553 1759 1584 describens
1782 1552 1897 1592 uerba,
1919 1553 2008 1585 omi-

126 1609 187 1649 sit,
221 1614 334 1639 tamen
357 1608 393 1638 in
416 1619 454 1639 eo
477 1608 581 1640 fuisse
613 1610 802 1653 exemplari
830 1609 971 1651 scripta,
1010 1620 1076 1650 quo
1099 1620 1178 1640 usus
1206 1608 1374 1650 interpres
1405 1613 1473 1646 est,
1511 1618 1554 1637 ex
1582 1606 1655 1648 ipsa
1683 1605 1755 1637 eius
1781 1606 2008 1648 explicatione

126 1659 305 1693 manifesto
328 1666 485 1702 apparet,
522 1663 710 1694 monentis:
752 1663 812 1706 qai
835 1662 941 1694 etiam
963 1662 999 1692 in
1022 1661 1064 1701 Q.
1087 1661 1289 1693 Scaeuolam
1312 1677 1352 1683 —-
1366 1659 1545 1703 fiduciam
1567 1671 1649 1690 suae
1674 1658 1903 1690 libertatis
1931 1670 2006 1691 ere-

127 1713 252 1745 xerint.
295 1711 455 1743 Ceterum
479 1714 698 1745 uehementer
721 1720 853 1753 errant,
888 1713 946 1756 qui
969 1725 1047 1744 cum
1071 1713 1258 1745 Garatonio
1281 1712 1411 1743 nullam
1433 1712 1557 1742 horum
1579 1710 1765 1741 uerborum
1791 1710 1860 1741 uim
1884 1716 2007 1753 putant

127 1776 197 1797 esse
218 1763 495 1807 praecedentibus
517 1778 637 1810 aspere
659 1773 692 1800 et
702 1766 886 1811 ferociter.
928 1765 1074 1798 Facilius
1097 1765 1188 1797 enim
1209 1764 1371 1807 asperitas
1394 1769 1428 1794 et
1444 1761 1570 1794 ferocia
1592 1761 1714 1804 equitis
1734 1762 1882 1794 Romani
1905 1774 2005 1806 quam

126 1818 264 1850 libertas
286 1816 505 1848 tolerabatur.

935 1906 964 1939 C
974 1904 1055 1939 AP.
1095 1905 1198 1940 XIV.

211 1973 303 2006 Male
326 1972 395 2003 uiri
418 1972 508 2005 docti
528 1974 640 2006 uerbis
664 1974 805 2009 Consuli
825 1977 869 2009 P.
892 1976 1048 2009 Nasicae
1070 1982 1132 2007 etc.
1155 1987 1284 2007 nouom
1308 1979 1408 2017 caput
1433 1973 1653 2011 incoharunt,
1678 1984 1744 2014 quo
1768 1971 1945 2015 factumst,
1967 1980 2006 2007 ut

127 2027 385 2068 seiungerentur
414 2026 533 2066 uerba,
573 2038 657 2068 quae
681 2029 862 2060 cohaerent
890 2029 1098 2059 arctissume,
1142 2029 1261 2060 Nexus
1287 2027 1378 2057 enim
1409 2027 1464 2058 hic
1487 2032 1552 2058 est:
1592 2024 1684 2066 Quid
1709 2036 1769 2067 ego
1797 2025 1949 2067 equitum
1972 2033 2005 2058 et

126 2079 387 2122 publicanorum
408 2078 586 2110 maledicta
600 2080 635 2110 in
650 2081 804 2112 homines
826 2081 1066 2112 nobilissumos
1090 2091 1353 2118 conmemorem,
1378 2091 1453 2111 cum
1471 2078 1620 2117 Consuli,
1645 2078 1681 2109 P.
1695 2078 1846 2117 Nasicae,
1869 2078 2006 2117 Praeco,

129 2129 294 2168 Granius,
327 2129 513 2161 liberrume
535 2132 774 2165 maledixerit?
818 2134 936 2175 Itaque
963 2139 1054 2164 recte
1083 2133 1183 2164 etiam
1212 2134 1380 2175 interpres
1402 2132 1648 2165 Ambrosianus
1678 2130 1856 2161 coniuncta
1883 2129 2006 2162 adtulit

129 2188 163 2214 et
193 2181 378 2225 explicauit
408 2183 531 2215 uerba:
564 2185 838 2217 Public-anorum
865 2186 903 2218 in
924 2203 967 2209 —
988 2187 1189 2229 legationes.
1232 2187 1305 2218 Nos
1329 2191 1439 2216 tamen
1462 2190 1594 2227 partem
1617 2181 1918 2214 animaduersionis
1946 2193 2005 2214 su-

128 2233 264 2275 periore
287 2233 361 2264 loco
389 2233 579 2267 describere
602 2237 814 2277 debebamus,
838 2249 882 2268 ne
905 2249 991 2279 quae
1012 2238 1095 2269 illuc
1115 2239 1344 2281 pertinerent,
1368 2238 1402 2269 in
1428 2238 1518 2269 hunc
1540 2237 1654 2267 locum
1677 2234 1897 2265 coicerentur.

215 2284 357 2317 consuli
377 2286 421 2318 P.
442 2287 599 2321 Nasicae
615 2302 743 2332 praeco
766 2290 923 2322 Granius
947 2308 989 2315 —
1015 2291 1107 2333 quocl
1127 2289 1331 2333 legationes)
1364 2289 1466 2320 Inde
1490 2286 1760 2320 transcendit
1785 2284 1832 2315 ad
1857 2296 2004 2317 exem-

129 2337 244 2379 plum
266 2336 419 2368 famosi
441 2341 649 2380 quondam
671 2343 903 2383 praeconis
927 2343 971 2384 Q.
996 2341 1150 2373 Granii
1173 2349 1214 2373 et
1237 2341 1438 2384 adprime
1461 2338 1737 2376 dicacissimi,
1773 2347 1890 2377 quem
1914 2349 2000 2370 cum

132 2388 270 2418 edicto
292 2387 488 2430 iustitio,
522 2392 566 2423 id
590 2399 652 2424 est
673 2395 898 2435 praedicto
923 2394 963 2424 in
987 2405 1031 2425 re
1050 2405 1084 2436 p.
1109 2400 1302 2436 tempore
1326 2392 1398 2435 qui
1430 2392 1543 2423 nihil
1571 2395 1775 2432 ageretur
1803 2389 1999 2423 ciuilium

130 2439 427 2482 negotiorum,
462 2445 615 2476 Nasica
638 2447 789 2478 consul
810 2447 1167 2490 compellauisset
1190 2445 1365 2476 obuium
1388 2444 1473 2476 sibi
1495 2443 1610 2474 forte
1632 2440 1902 2483 uenientem,
1935 2442 2002 2475 di-
