2185 2720
926 120 951 150 c
970 120 1000 149 A
1020 121 1060 151 P.
1099 119 1176 149 XII.
1213 118 1239 160 §.
1261 125 1306 151 31.
2009 126 2061 153 107

165 199 279 232 firmat
303 196 602 240 significationem,
643 197 730 229 alter
757 195 917 237 ambiguo
945 206 1046 227 sensu
1073 194 1186 227 uideri
1213 201 1327 238 potest
1360 194 1468 226 dictus
1497 206 1580 227 esse.
1628 194 1715 227 Loci
1744 194 1782 226 hi
1811 201 1905 227 sunt:
1950 195 2059 226 Plaut.

165 252 270 284 'rr-uc.
301 251 352 292 II,
389 249 424 290 4,
460 249 532 292 49.:

1164 299 1276 328 fllater
1294 300 1430 328 ancillas
1450 299 1544 335 iubet,

660 347 815 385 Quoniam
836 349 900 376 iam
920 347 1066 376 decumus
1085 347 1199 374 mensis
1219 347 1373 375 adueniat
1389 358 1498 385 prope,

657 395 766 422 Aliam
787 395 941 423 aliorsum
959 396 1014 430 ire,
1031 394 1343 431 praemandare,
1365 399 1393 422 et
1414 405 1562 431 quaerere

656 443 797 469 Puerum
816 448 873 470 aut
889 443 1046 480 puellam,
1066 442 1120 478 qui
1138 447 1358 477 supponantur
1378 441 1465 470 milei.

159 492 263 525 Alter
285 497 378 523 extat
398 490 434 522 in
456 490 522 532 Ep.
546 489 583 519 P.
606 489 726 522 Uatini
748 488 791 520 ad
816 489 1015 521 Ciceronem
1042 488 1167 531 scripta
1190 486 1246 530 (ad
1268 487 1349 519 Diu.
1373 489 1426 529 V,
1451 488 1497 533 9.)
1521 495 1555 521 et
1576 489 1624 521 ita
1646 500 1682 521 se
1703 488 1823 520 habett

244 560 391 593 Dicitur
413 558 501 591 milli
526 564 608 590 tuus
631 570 750 590 seruos
773 563 983 600 anagnostes
995 556 1182 601 fitgitiuos
1205 569 1283 588 cum
1313 556 1487 589 Uardaeis
1516 569 1606 596 esse,
1639 557 1681 589 cle
1703 569 1769 601 quo
1794 562 1832 588 tu
1857 555 1944 587 mihi
1967 554 2059 586 nihil

159 612 338 646 mandasti
341 624 354 651 ,-
379 623 442 655 ego
466 616 580 642 tamen
605 616 701 642 terra
723 611 884 654 marique
907 616 948 642 ut
970 610 1246 653 conquireretur,
1267 609 1608 652 praemandaui3
1631 615 1665 642 et
1681 607 1843 654 profecto
1867 608 1931 639 tibi
1954 607 2057 639 illum

157 665 350 709 reperiam,
371 664 442 696 nisi
464 663 496 695 si
517 663 555 695 in
575 662 799 694 Dalmatiam
825 661 1032 706 aufugerit3
1069 667 1102 694 et
1125 661 1205 693 inde
1232 666 1347 693 tamen
1369 662 1562 706 aliquando
1586 674 1718 695 eruam.

240 728 282 760 In
303 725 417 759 Plauti
438 726 513 757 loco
530 725 789 770 praemandare
811 736 878 767 quo
901 736 1003 757 sensu
1024 724 1069 756 sit
1093 723 1233 764 dictum,
1257 730 1326 755 tam
1349 730 1548 768 apertumst,
1572 731 1611 756 ut
1632 726 1784 768 ineptam
1809 722 1969 756 Gronoui
1992 734 2056 754 ex-

156 780 394 825 plicationem,
429 789 532 821 quam
558 777 595 810 in
618 778 708 810 notis
736 777 780 809 ad
804 777 895 809 Gell.
918 777 988 817 IV,
1020 788 1048 809 1.
1071 788 1106 819 p.
1135 776 1188 808 86.
1217 777 1415 819 proposuit,
1451 777 1529 809 satis
1555 777 1674 809 mirari
1703 788 1881 820 nequeam.
1927 777 2055 808 Narrat

155 832 384 867 Phronesium
406 830 601 871 Dinarcho,
633 829 732 872 quid,
763 841 842 862 cum
870 841 907 862 se
935 829 1112 872 grauidam
1143 840 1213 860 esse
1242 829 1492 870 adsimulasset,
1531 842 1648 862 mense
1677 830 1819 862 decumo
1848 828 2052 860 aduentante

156 892 266 919 mater
287 884 418 916 fecerit.
463 883 579 922 Iubet,
612 882 744 924 inquit,
779 882 918 914 ancillas
939 882 1042 913 aliam
1073 882 1237 913 aliorsum
1259 882 1327 922 ire,
1360 882 1622 925 praemandare,
1661 890 1695 915 et
1721 893 1883 925 quaerere
1905 892 2053 923 puerum

156 945 216 971 aut
243 938 410 981 puellam,
445 935 504 977 qui
531 940 770 977 supponantur
798 935 896 966 mihi.
941 935 1013 966 Iam
1038 933 1120 976 quid
1144 934 1280 965 tandem
1303 935 1426 966 certius
1451 942 1519 976 est,
1553 948 1654 978 quam
1684 936 1777 968 iubet
1795 935 2053 979 praemandare

155 992 221 1024 hoc
245 1001 316 1022 esse
338 1000 439 1021 sensu
458 987 606 1019 dictum:
629 987 791 1018 iubentur
814 988 955 1019 ancillae
981 993 1059 1018 ante
1082 985 1197 1018 fictum
1211 987 1378 1019 Phronesi
1400 993 1537 1030 partum
1553 987 1704 1028 familiis,
1730 999 1791 1030 per
1807 999 1887 1029 quas
1905 987 2053 1017 circum-

155 1050 256 1082 eunt,
279 1041 458 1081 mandare,
482 1046 521 1072 ut
542 1040 571 1072 si
598 1040 712 1083 puella
730 1047 788 1072 aut
810 1052 898 1083 puer
920 1041 985 1072 isto
1008 1046 1164 1081 tempore
1186 1045 1284 1071 natus
1307 1038 1436 1079 fuisset,
1460 1040 1488 1071 is
1511 1040 1699 1071 Phronesio
1723 1046 1928 1079 reseruetur,
1953 1039 2052 1081 eique

152 1096 358 1137 simulatque
381 1093 541 1125 decumus
564 1092 689 1124 mensis
711 1092 966 1132 aduentauerit,
996 1091 1175 1124 tradatur?
1219 1092 1281 1123 Est
1303 1092 1408 1135 igitur
1430 1092 1531 1135 plane
1556 1098 1730 1133 nostrum,
1761 1094 1809 1125 im
1832 1092 1974 1126 Voraus
2001 1092 2050 1125 ei-

155 1161 222 1182 nen
243 1146 408 1190 Auftrag
431 1146 552 1190 geben.

238 1212 280 1242 In
302 1208 422 1243 Uatini
448 1207 594 1251 epistula
619 1206 662 1238 ad
686 1207 887 1239 Ciceronem
917 1207 1043 1249 scripta
1074 1212 1153 1238 sunt
1183 1205 1353 1246 fortassis,
1389 1207 1510 1250 quibus
1535 1209 1796 1252 praemanclaui
1822 1208 1870 1239 sic
1891 1207 2049 1239 uideatur

152 1262 395 1308 explicandum
425 1273 514 1293 esse:
548 1260 709 1292 mandaui
741 1266 820 1291 ante
850 1272 950 1302 quam
981 1266 1018 1291 tu
1049 1259 1136 1290 mihi
1164 1260 1364 1292 mandatum
1396 1260 1536 1300 dedisti,
1574 1266 1613 1291 ut
1637 1272 1773 1292 seruom
1798 1260 2047 1302 conquirerem.

153 1319 269 1360 Quam
291 1313 555 1358 explicationem
583 1312 662 1344 satis
686 1324 726 1344 eo
748 1311 892 1344 refutari
915 1317 1016 1354 puto,
1053 1311 1143 1353 quod
1167 1324 1278 1355 neque
1306 1313 1387 1344 alibi
1410 1324 1554 1355 usquam
1577 1313 1642 1344 isto
1666 1325 1765 1344 sensu
1791 1312 2047 1357 praemandare

153 1370 332 1407 dictumst,
371 1377 482 1409 neque
513 1365 685 1407 quomodo
714 1365 779 1396 isto
808 1377 907 1397 sensu
931 1364 998 1396 dici
1024 1364 1178 1407 potuerit
1207 1378 1250 1397 ex
1277 1366 1352 1398 aliis
1379 1378 1455 1398 cum
1481 1378 1567 1410 prae
1589 1365 1840 1408 praepositione
1863 1363 2046 1407 conpositis

152 1422 268 1457 uerbis
298 1419 432 1452 ostendi
460 1418 550 1450 licet.
597 1418 726 1449 Contra
755 1423 789 1448 et
811 1417 916 1448 uerbo
944 1416 1011 1459 ipsi
1035 1423 1068 1448 et
1090 1417 1157 1448 loci
1180 1419 1366 1450 sententiae
1395 1419 1528 1461 egregie
1552 1418 1713 1449 conuenit
1735 1418 1816 1449 haec
1837 1415 2046 1459 significatio,

150 1484 192 1510 ut
212 1476 256 1508 sit
272 1471 552 1518 praenzanclaui:
586 1470 622 1501 in
646 1482 699 1501 eas
724 1470 833 1502 omnis
856 1470 1026 1513 regiones,
1056 1470 1092 1501 in
1115 1482 1196 1512 quas
1218 1483 1355 1503 seruom
1378 1483 1413 1503 se
1436 1470 1592 1502 conferre
1614 1471 1765 1513 potuisse
1786 1470 1955 1512 suspicor,
1987 1468 2047 1499 lit-

151 1537 241 1563 teras
260 1526 357 1564 misi,
383 1524 504 1566 quibus
526 1523 646 1554 incolis
671 1535 788 1554 earum
809 1522 988 1561 manciani,
1013 1529 1069 1563 ut,
1091 1523 1120 1555 si
1143 1523 1446 1567 deprehendissent
1467 1535 1620 1562 seruom,
1654 1528 1813 1565 caperent
1836 1521 2045 1562 omninoque

151 1581 404 1624 conquirerent.
451 1576 548 1618 Quae
571 1587 648 1606 cum
669 1575 717 1607 ita
739 1575 824 1615 sint,
855 1587 925 1607 non
949 1575 1084 1615 dubito,
1119 1577 1201 1619 quin
1224 1583 1315 1607 recte
1337 1576 1526 1608 Huldricus
1548 1576 1640 1607 hunc
1663 1575 1825 1607 orationis
1845 1573 2045 1606 Plancianae

148 1638 265 1670 locum
288 1629 486 1673 explicarit,
520 1640 682 1660 monens:
724 1629 1027 1668 „Praemanclatis
1051 1631 1241 1673 requisitus
1264 1635 1314 1660 est
1337 1629 1459 1660 litteris
1482 1628 1682 1670 requisitus,
1717 1639 1802 1670 quae
1824 1627 1946 1659 missae
1968 1626 2045 1657 fue-

148 1694 228 1723 rant
252 1686 288 1717 in
312 1694 366 1714 eas
388 1681 560 1724 regiones,
586 1681 623 1712 in
649 1693 729 1723 quas
752 1681 853 1712 illum
875 1693 911 1712 se
933 1682 1115 1714 contulisse
1140 1682 1294 1714 Plancius
1317 1681 1567 1723 suspicabatur,
1591 1687 1772 1723 antequam
1795 1680 1837 1711 de
1860 1691 1898 1710 ea
1919 1690 1957 1710 re
1980 1678 2045 1709 ali-

151 1741 235 1785 quid
258 1740 437 1773 constaret,
462 1733 554 1775 quod
576 1733 612 1765 in
630 1733 784 1776 fugitiuis
808 1733 882 1764 fieri
907 1734 1011 1766 solet:
1035 1735 1145 1766 nostri
1166 1735 1200 1766 id
1225 1746 1330 1777 genus
1348 1731 1558 1776 Steckbriefe
1579 1734 1789 1776 appellant.“
1832 1733 1915 1764 Illut
1937 1741 2044 1762 unum

150 1805 221 1827 nou
242 1795 333 1822 recte
356 1787 493 1826 sactum,
520 1786 612 1828 quod
632 1785 764 1817 addidit
786 1786 901 1826 uerba,
926 1793 1114 1830 antequam
1135 1788 1177 1820 cle
1200 1800 1240 1819 ea
1263 1799 1300 1819 re
1321 1787 1461 1830 aliquid
1482 1792 1669 1825 constaret,
1694 1798 1757 1828 pro
1781 1785 1902 1828 quibus
1927 1783 2044 1814 dicen-

151 1846 234 1877 dum
255 1841 369 1885 potius
393 1846 483 1871 erat:
517 1845 595 1870 ante
619 1850 720 1880 quam
741 1839 777 1869 in
800 1838 875 1870 illas
898 1839 1070 1881 regiones,
1102 1839 1138 1870 in
1162 1851 1242 1881 quas
1266 1839 1394 1870 litteras
1417 1839 1528 1878 misit,
1559 1838 1742 1881 fugitiuom
1764 1836 1962 1881 peruenisse
1985 1847 2043 1867 su-

99 1893 104 1895 *
148 1897 351 1942 spicabatur.
398 1894 560 1925 Ceterum
586 1892 711 1923 Pareus
742 1890 844 1923 etiam
874 1892 963 1923 Lex.
996 1891 1081 1923 Crit.
1112 1903 1146 1934 p.
1172 1893 1245 1935 969.
1274 1892 1446 1934 uolgatam
1473 1891 1575 1923 huius
1605 1892 1672 1923 loci
1698 1892 1902 1934 scripturam
1927 1890 2043 1920 incor-

148 1955 286 1993 ruptam
308 1946 437 1977 habuit.

234 2008 454 2053 Requisitus)
502 2007 758 2040 Obseruandast
785 2006 949 2038 calliditas
980 2006 1130 2039 oratoria
1157 2007 1194 2038 in
1216 2007 1290 2050 ipso
1321 2006 1427 2037 uerbo
1452 2008 1652 2051 requisitus.
1694 2005 1840 2047 Requiri
1862 2003 2040 2036 hominem

146 2066 248 2098 illum
272 2062 353 2093 dicis
377 2072 490 2092 caussa
512 2060 698 2092 sufficiebat
720 2067 811 2092 certe
834 2059 994 2099 Plancio,
1015 2072 1139 2103 parum
1161 2059 1304 2099 curanti,
1326 2058 1433 2091 immo
1456 2059 1589 2090 nolenti
1610 2065 1650 2090 ut
1669 2059 1913 2096 retraheretur,
1936 2056 2040 2098 idque

147 2119 261 2162 ipsum
282 2114 405 2147 sufficit
427 2113 528 2144 etiam
550 2119 708 2155 patrono.
749 2113 954 2145 ORELLIUS.

230 2179 321 2211 Sunt
343 2177 496 2209 coniecta
518 2175 704 2208 maledicta
726 2176 763 2208 in
786 2175 860 2207 eius
881 2174 1007 2219 uitam)
1050 2175 1265 2214 Ernestium,
1290 2173 1349 2216 qui
1370 2172 1516 2204 uerbum
1539 2173 1727 2206 maledicta
1749 2171 1931 2205 delendum
1954 2181 2038 2213 sup-

144 2231 378 2277 piendumque
403 2228 551 2260 crimina
572 2234 686 2270 putat,
712 2240 781 2259 non
806 2239 890 2271 opus
914 2233 965 2259 est
985 2234 1024 2259 ut
1047 2227 1246 2259 refutemus.

227 2291 420 2333 Dubitetis)
443 2290 534 2322 Male
558 2290 764 2322 Garatonius
785 2291 951 2333 explicat,
975 2289 1136 2323 dubitare
1158 2288 1319 2322 debeatis.
1342 2289 1452 2320 Immo
1477 2289 1519 2320 de
1542 2289 1641 2321 cuius
1660 2306 1700 2312 —
1716 2287 1883 2320 dubitetis
1906 2285 2035 2317 dictum

144 2357 227 2390 pro,
248 2351 289 2376 ut
310 2345 352 2376 de
376 2344 446 2375 eius
467 2361 511 2367 —
533 2342 704 2373 dubitetis.
750 2344 872 2385 Neque
894 2348 962 2382 est,
989 2342 1081 2384 quod
1105 2341 1178 2384 quis
1203 2341 1411 2374 dubitaretis
1435 2347 1608 2383 expectet,
1633 2352 1709 2372 cum
1728 2338 1920 2383 perfectum
1943 2336 2034 2380 quod

144 2397 313 2430 antecedit
333 2403 415 2429 sunt
438 2396 591 2429 coniecta
614 2406 684 2425 non
705 2395 840 2435 aoristi,
871 2401 921 2426 set
942 2394 1088 2438 perfecti
1109 2389 1263 2426 absoluti'
1278 2394 1454 2425 notionem
1475 2393 1608 2424 habeat.

1553 2451 1589 2476 26
1601 2446 1615 2460 *
