2185 2720
120 166 173 194 166
764 144 1340 179 COMMENTARIUS.

121 232 273 265 militnm
303 227 441 273 opponi.
485 226 537 257 Ita
558 224 617 267 qui
638 224 674 256 in
697 224 798 256 Creta
829 221 997 255 subiectus
1027 219 1215 263 inperatori
1242 219 1365 260 fuerit,
1401 221 1585 264 aptissuma
1612 235 1689 256 cum
1716 222 1930 268 oppositione
1951 220 1989 252 in

121 282 316 318 Macedonia
336 280 520 325 praefuisse
541 277 705 310 militibus
727 276 860 308 dicitur.
906 274 1064 307 codicem
1085 272 1354 305 Laurentianum
1375 274 1577 314 secundum,
1605 277 1641 308 in
1664 289 1731 320 quo
1752 277 1856 309 uerba
1878 274 1990 307 tribu-

121 350 187 370 nus
228 336 379 368 militum
421 333 535 365 iuncta
573 329 791 374 reperiuntur
805 353 815 369 ‚
861 326 994 371 saepius
1036 337 1176 358 manum
1224 325 1459 358 correctricem
1500 336 1682 371 expertum
1722 342 1792 363 esse
1807 354 1816 371 ‚
1857 327 1990 369 Proleg.

122 401 157 433 p.
180 389 240 421 III.
264 387 374 419 docui.

209 457 238 497 3.
265 456 316 487 62.
361 454 449 486 Tota
470 453 552 485 haec
573 450 674 483 sectio
696 448 954 481 acerbissumam
978 447 1128 479 continet
1149 445 1342 478 Laterensis
1373 459 1527 491 quoque,
1565 462 1634 483 non
1658 451 1751 484 Cassi
1773 450 1886 484 solum
1906 447 1993 480 insi-

125 511 273 542 sionem:
297 508 336 538 de
357 507 417 538 illo
444 505 535 536 enim
555 504 601 536 M.
625 503 757 536 Caelius
780 501 821 532 ad
844 500 924 534 Diu.
948 501 1052 539 VIII,
1076 499 1106 531 8.
1134 499 1336 532 Laterensis
1359 500 1452 544 leges
1473 502 1652 545 ignorans,
1684 505 1888 538 ORELLms.

211 561 378 602 Quaeris,
405 562 494 598 {num
515 557 707 597 disertus?)
750 556 832 588 Non
853 554 960 585 addidi
986 565 1063 585 cum
1080 552 1229 585 Graeuio
1253 564 1296 584 ex
1317 552 1390 584 Erf.
1413 554 1461 586 sit
1482 561 1560 597 post
1581 558 1744 597 disertus,
1773 555 1864 600 quod
1884 551 1995 587 mani-

125 614 210 647 festo
235 614 275 644 ab
298 613 484 655 interprete
505 609 737 653 profectumst.
783 607 837 639 Sic
860 608 890 649 3.
915 608 966 639 61.
990 607 1148 651 quaeris,
1179 606 1265 649 quid
1285 606 1398 638 simile
1420 607 1458 640 in
1477 608 1637 642 Plancio.

207 662 493 706 Iurisconsultus)
536 662 624 695 Uide
644 662 684 693 ad
706 673 732 692 c.
763 672 811 692 12.
833 672 895 703 pro
917 661 1028 692 Mur..
1056 661 1316 692 GARATONIUS.
1359 658 1412 692 Ibi
1432 667 1575 704 propter
1596 661 1702 694 uerba
1726 660 1859 694 Charisi
1881 671 1916 703 p.
1940 658 1993 691 62.

126 720 176 751 ed.
200 718 335 751 Putsch.
358 717 500 748 alteram
520 714 666 746 formam
688 715 940 746 iureconsultus
962 712 1123 756 praefert.

211 772 282 812 Qui
303 769 435 814 afuisse
457 768 498 801 ab
519 769 597 800 istis
619 768 745 800 studiis
768 765 990 810 confitentur)
1036 766 1133 798 Unus
1156 770 1233 796 ante
1256 765 1444 797 Graeuium
1464 766 1661 807 Lambinus,
1685 767 1745 811 qui
1766 765 1920 810 anuisse
1938 776 1995 800 se.-

125 825 260 869 putauit
281 823 424 862 scilicet,
454 833 645 864 pronomen
667 821 707 852 ab
733 826 884 852 extrema
906 830 989 850 uoce
1011 817 1236 849 antecedentis
1258 819 1407 861 syllabae
1428 817 1531 851 fuisse
1552 820 1760 862 absorptum.
1803 820 1905 852 Nunc
1927 819 1994 851 alio

126 878 159 910 id
186 878 261 909 loco
291 874 365 908 Erf.
394 874 549 914 exhibet,
587 874 684 917 eique
715 885 791 905 cum
816 873 964 905 Graeuio
996 871 1111 914 paruit
1139 870 1388 903 Lallemandus.
1434 872 1547 904 Ceteri
1573 883 1688 904 omnes
1715 872 1797 903 libri
1818 879 1933 905 carent
1954 884 1994 905 eo

127 929 346 975 pronomine,
383 927 471 971 quod
494 927 531 958 in
553 926 625 961 cod.
651 932 790 969 optumo
812 931 1005 967 suspectum
1027 923 1106 955 facit
1127 922 1269 954 forsitan
1293 924 1414 956 usitata
1438 924 1508 956 eius
1532 925 1676 968 ellipsis,
1711 924 1753 955 de
1776 936 1842 968 qua
1862 925 1936 957 dixi
1955 925 1996 957 ad

127 986 153 1017 I.
176 984 254 1017 Act.
278 982 315 1014 in
336 983 437 1015 Uerr.
461 981 491 1013 8.
516 980 774 1011 GARATONIUS.
820 978 907 1009 Cum
929 975 1003 1009 Erf.
1028 977 1129 1007 etiam
1154 976 1235 1006 Bau.
1259 977 1320 1020 qui
1340 989 1374 1009 se
1395 976 1529 1021 afuisse
1553 984 1614 1009 etc.
1637 977 1764 1009 scribit.
1806 976 1998 1011 Nihflomi4

126 1048 189 1069 nus
219 1046 410 1078 pronomen
436 1033 530 1073 illut,
567 1030 655 1073 quod
688 1031 890 1074 saepissume
920 1030 960 1061 ab
989 1028 1231 1072 interpretibus
1264 1028 1411 1060 additum
1439 1027 1498 1070 siff,
1538 1030 1769 1074 recipiendum
1802 1043 1872 1063 non
1902 1030 1996 1064 duxi.

127 1088 296 1130 Exempla
316 1087 476 1130 pluruma
497 1084 610 1116 omissi
631 1083 844 1127 pronominis
867 1083 974 1114 adlata
996 1088 1075 1114 sunt
1097 1082 1137 1113 ab
1160 1080 1243 1112 uiris
1265 1081 1332 1112 illis
1357 1081 1472 1123 doctis,
1496 1095 1579 1126 quos
1601 1084 1805 1116 Garatonius
1827 1083 1867 1115 ad
1876 1084 1956 1116 Act.
1968 1084 1995 1116 Ι.

126 1143 163 1174 in
187 1143 286 1174 Uerr.
307 1140 336 1172 3.
359 1151 393 1183 p.
420 1151 489 1181 117.
513 1137 790 1175 conmemorauit,
812 1135 935 1169 Uossio
959 1136 1039 1168 Vll.
1063 1136 1108 1168 A.
1126 1136 1169 1167 G.
1192 1134 1255 1173 53„
1281 1135 1458 1167 Gronouio
1481 1142 1514 1168 et
1534 1137 1641 1168 Drak.
1663 1136 1706 1168 ad
1726 1136 1806 1169 Liu.
1828 1137 1908 1177 XL,
1929 1136 1995 1178 42„

128 1202 161 1227 et
184 1194 300 1226 Cortio
334 1192 376 1223 ad
399 1191 533 1223 Sallust.
561 1191 659 1223 Catil.
685 1189 822 1221 XXXI.
845 1200 879 1219 11.
904 1201 934 1230 7.
970 1188 1124 1230 Iugurth.
1150 1188 1241 1221 CVI.
1272 1199 1306 1219 11.
1335 1188 1384 1228 6.,
1425 1189 1545 1231 quibus
1572 1189 1729 1233 inprimis
1757 1189 1924 1222 addendus
1947 1196 1998 1222 est

127 1245 373 1280 Ramshoruius
405 1246 466 1277 Gr.
489 1245 565 1276 Lat.
597 1243 722 1286 3.163.
753 1253 787 1285 p.
810 1241 869 1274 452
897 1252 969 1284 sqq.
1000 1247 1032 1272 et
1055 1241 1208 1273 Handius
1239 1240 1277 1272 ad
1300 1241 1493 1285 Wopkens.
1524 1243 1634 1274 Lectt.
1656 1242 1751 1274 Tull.
1773 1243 1815 1275 L.
1839 1242 1867 1274 I.
1891 1242 1930 1275 C.
1952 1242 1997 1274 Π.

128 1313 161 1345 p.
189 1301 253 1332 15..
297 1298 474 1330 Praeterea
495 1295 610 1328 confer
629 1296 761 1337 Proleg.
786 1296 827 1327 L.
850 1295 893 1326 II.
919 1295 956 1326 C.
980 1295 1006 1326 Ι.
1034 1295 1063 1335 3.
1088 1294 1118 1325 8.
1141 1305 1175 1336 p.
1197 1294 1330 1325 XLII..

212 1353 252 1384 Si
271 1363 336 1396 pro
349 1351 457 1395 fabro
478 1356 541 1382 αιιῑ
559 1361 624 1393 pro
649 1347 784 1390 tectore)
816 1349 895 1380 Non
917 1347 1069 1390 inpugno
1093 1346 1253 1378 editiones
1278 1347 1327 1388 [in
1352 1347 1471 1389 quibus
1492 1359 1556 1391 pro
1579 1353 1705 1381 tectore
1726 1353 1819 1380 extat
1840 1336 1997 1390 textore]-¹

128 1407 210 1439 Non
231 1404 357 1436 frustra
386 1410 498 1435 tamen
520 1401 614 1441 Erf.,
652 1402 682 1433 si
701 1413 765 1444 pro
779 1400 888 1444 fabro
913 1407 976 1433 αιιί
992 1412 1061 1444 pro
1084 1406 1220 1433 tectore.
1264 1400 1449 1431 Tectorum
1477 1406 1547 1431 tam
1568 1399 1604 1431 in
1626 1400 1774 1442 Digestis
1798 1400 1837 1434 fit
1857 1401 1997 1444 mentio,

130 1470 230 1503 quam
251 1457 288 1490 in
310 1455 480 1489 ueteribus
502 1454 789 1498 inscriptionibus.
834 1453 969 1485 Subicio
993 1454 1047 1485 hic
1071 1459 1230 1495 quattuor
1253 1453 1392 1485 ineditas
1416 1464 1459 1485 ex
1482 1464 1574 1497 penu
1597 1453 1772 1487 Gudiano:

852 1511 891 1539 A.
919 1511 1106 1540 ANICIUS.
1135 1510 1271 1539 FELIX

726 1558 766 1588 U.
787 1559 821 1588 C.
842 1558 1029 1588 TECTOR.
1050 1558 1403 1588 PRAETORIANOR

1011 1606 1053 1635 D.
1081 1606 1123 1634 D.

128 1659 227 1693 Alia:

919 1706 1082 1736 CERERI
1103 1705 1216 1735 CONS

937 1753 1187 1783 SERUATRIC

862 1801 1136 1831 ORGANIANA.
1158 1801 1270 1830 SACR

851 1851 895 1879 Μ.
918 1849 1149 1878 CLAUDIUS.
1187 1850 1232 1878 M.
1251 1849 1280 1877 L

859 1897 1096 1925 ORGANIUS.
1136 1897 1275 1925 SACER

840 1944 935 1972 DOS.
975 1944 1134 1972 BONAE.
1173 1944 1293 1972 DEAE

833 1991 892 2019 ΕΤ
916 1991 1152 2020 SACERDOS.
1187 1991 1303 2020 CORP

912 2038 1137 2069 LUTORUM
1161 2038 1220 2067 ET

976 2086 1157 2115 TECTOR

133 2141 246 2174 Habes
268 2137 422 2171 tertiam:

883 2187 1125 2216 LAETITIAE
1154 2185 1256 2214 SIGN

708 2235 743 2265 C.
763 2235 988 2264 DOBHTIUS.
1029 2236 1063 2265 C.
1084 2237 1118 2263 F.
1139 2232 1304 2263 BASSUS.
1343 2231 1433 2261 COH

710 2283 758 2311 III
785 2284 882 2312 LEG.
908 2283 955 2311 III
975 2283 1182 2311 ITALICAE
1203 2279 1430 2309 PRAEFECT

725 2331 815 2360 MIL.
854 2331 922 2359 ET.
961 2329 1206 2358 FABRORUM
1226 2327 1414 2356 TECTOR.

137 2386 298 2418 Tectores
332 2391 446 2416 autem
480 2383 693 2424 dicebantur,
737 2383 796 2426 qui
833 2383 973 2415 tectorio
1003 2383 1191 2414 loricabant
1226 2380 1390 2423 parietes,
1431 2385 1471 2411 ut
1502 2379 1585 2410 olim
1622 2377 1776 2411 Cuiacius
1809 2376 1923 2409 docuit
1953 2377 2002 2410 X.

141 2438 321 2471 Obseruat.
342 2448 370 2468 e.
393 2448 442 2480 9..
487 2437 574 2479 Quis
596 2448 715 2469 eorum
736 2448 815 2469 usus
837 2435 943 2468 fuerit
963 2435 999 2466 in
1021 2434 1154 2475 castris,
1191 2440 1231 2466 ut
1252 2439 1381 2466 constat
1407 2443 1451 2464 ex
1472 2430 1765 2475 inscriptionibus,
1801 2428 1838 2461 in
1859 2428 2004 2472 legioni-
