2185 2720
831 189 1284 217 PRAEFATIO.
1942 189 1987 212 XI

113 286 365 330 quaestura
388 278 612 313 Plancius
638 277 687 311 in
711 275 981 311 Macedonia
1011 274 1124 317 sung
1137 273 1313 306 ebatur.
1364 272 1451 306 Diu
1483 273 1640 318 igitur
1665 271 1790 305 Thes
1803 272 1984 306 saloni-

113 369 192 392 cae
233 355 327 389 suit
368 353 546 388 auxilio
587 352 685 386 eius
725 350 777 385 ab
819 349 940 384 omni
978 360 1003 394 p
1015 346 1193 381 ericulo
1234 347 1280 379 in
1292 346 1511 380 sidiarum
1546 347 1710 380 Cicero
1750 345 1983 380 defensus.

111 430 230 465 Dein
269 441 293 474 p
305 441 325 462 o
337 433 432 462 stea
469 425 723 460 restitutus
759 425 885 458 inter
917 427 1105 457 ceteros
1147 426 1192 455 et
1231 420 1323 466 ipsi
1363 421 1537 465 gratias
1573 421 1644 465 egi
1656 427 1672 455 t
1697 420 1758 454 iis
1794 420 1943 453 oratio
1959 438 1982 444 —

111 503 245 537 nibus
263 527 274 546 ,
323 511 509 547 quarum
546 498 738 533 alteram
776 498 824 531 in
849 497 1072 531 contione
1087 520 1097 539 ,
1145 494 1336 529 alteram
1382 505 1493 528 uero
1532 493 1695 528 habuit
1720 494 1765 527 in
1807 506 1823 527 s
1835 498 1983 527 enatu.

111 577 255 611 Causa
285 574 463 620 pendet
498 585 551 607 ex
576 571 842 607 aedilitatis
876 569 1136 616 petitione,
1164 569 1210 602 in
1237 580 1323 613 qua
1349 568 1510 612 design
1523 573 1624 602 atus
1651 572 1719 601 est
1744 567 1984 610 Plancius,

110 649 342 696 repulsam
392 647 581 681 serente
630 646 851 681 quentio
894 643 1126 677 Laterens
1139 653 1159 675 e
1199 642 1400 687 patricia
1413 654 1432 675 e
1470 640 1698 682 familiae,
1741 646 1981 683 senatore,

111 734 198 758 non
229 723 403 756 minore
435 721 651 754 facundia
693 731 820 766 quam
860 717 1049 764 generis
1083 716 1339 750 nobilitate
1371 716 1603 761 praedito,
1644 715 1720 760 qui
1753 726 1874 747 nunc
1911 719 1983 747 et-

117 799 200 831 iam
227 807 351 830 reum
386 795 438 828 de
472 794 712 828 sodaliciis
746 793 873 835 facit,
907 790 1138 826 inuidioso
1174 790 1366 824 crimine
1398 794 1440 823 et
1471 789 1564 822 reis
1596 788 1836 823 metuendo
1872 799 1986 833 pro-

112 876 217 917 pter
250 868 428 903 iudices
459 868 698 910 editicios,
737 867 789 901 de
833 877 1023 912 quorum
1059 865 1335 899 condicione
1361 875 1498 908 supra
1530 863 1742 896 diximus.
1794 863 1984 896 Princi-

112 945 284 991 paliter
321 941 502 987 quidem
529 941 871 975 coniecturalis
911 939 1127 973 defensio
1167 942 1255 983 est,
1305 937 1530 972 uidelicet
1563 942 1750 971 oratore
1782 937 1985 978 nitente,

113 1016 351 1052 Plancium
383 1024 476 1047 non
512 1015 736 1059 pecuniae
761 1014 1021 1060 largitione,
1049 1013 1127 1047 sed
1153 1012 1434 1058 integritate
1459 1021 1628 1045 morum
1655 1016 1697 1044 et
1728 1022 1880 1044 rerum
1905 1021 1985 1054 ge-

115 1097 287 1126 starum
312 1088 539 1123 mentione

216 1162 378 1209 Apparet
404 1162 613 1196 confirmari
638 1175 680 1196 eo
708 1162 827 1196 denuo
836 1188 846 1206 ,
886 1174 975 1196 uera
1001 1174 1080 1196 esse
1089 1188 1098 1205 ,
1138 1173 1231 1207 quae
1257 1161 1303 1194 de
1327 1166 1493 1205 tempore
1501 1185 1510 1202 ,
1546 1171 1615 1204 quo
1643 1158 1765 1192 habita
1791 1160 1839 1193 sit
1866 1160 1983 1194 oratio

119 1237 331 1281 Planciana,
367 1237 407 1270 in
432 1236 700 1283 prolegomenis
731 1236 895 1282 exposui.
947 1236 1140 1270 Praeterea
1173 1235 1255 1270 illut
1281 1235 1389 1269 etiam
1415 1239 1518 1268 eruto
1545 1232 1779 1278 palimpsesto
1811 1233 1984 1268 Uaticano

119 1311 392 1357 patefactumst,
433 1322 508 1344 non
533 1308 732 1344 Asconian
743 1335 754 1354 ,
792 1315 833 1344 ut
858 1308 899 1344 A.
925 1309 1045 1344 Maius
1078 1309 1236 1355 inperite
1268 1309 1493 1343 iudicauerat
1503 1333 1512 1351 ,
1552 1313 1606 1341 set
1639 1306 1750 1340 alium
1781 1309 1986 1353 quempiam

118 1384 343 1418 scholiorum
368 1384 515 1418 illorum
541 1390 727 1419 auctorem
753 1395 842 1419 esse.
893 1384 1129 1418 Intellexerat
1151 1384 1221 1417 hoc
1248 1382 1465 1427 simulatque
1491 1381 1586 1416 edita
1613 1387 1717 1415 erant
1742 1393 1833 1427 quae
1858 1382 1896 1414 in
1920 1394 1987 1416 co-

117 1459 197 1493 dice
221 1456 460 1492 Ambrosiano
488 1462 614 1492 extant
639 1458 774 1492 scholia
800 1457 1025 1492 Niebuhrius
1033 1484 1042 1502 7
1082 1459 1141 1492 uir
1174 1458 1453 1503 sagacissumus3
1504 1456 1746 1501 probauitque
1780 1456 1986 1490 euidentis-

117 1533 230 1567 sumis
262 1531 485 1577 argumentis
515 1542 739 1576 nuperrume
764 1532 969 1577 Maduigius
1001 1534 1040 1566 in
1077 1532 1210 1565 eximio
1243 1530 1364 1564 libello
1373 1556 1382 1574 ,
1422 1542 1530 1575 quem
1562 1529 1607 1563 de
1639 1529 1797 1563 Asconio
1825 1530 1986 1564 Pediano

119 1605 274 1651 scripsit.
328 1604 457 1649 Neque
482 1609 603 1638 tamen
613 1630 622 1648 ,
650 1617 740 1650 quae
763 1607 910 1641 uidetur
931 1606 1095 1652 Maduigi
1120 1605 1300 1639 sententia
1327 1616 1382 1638 ess
1388 1616 1418 1647 e,
1446 1605 1629 1650 interpres
1656 1604 1717 1637 ille
1741 1615 1833 1649 quae
1856 1604 1901 1637 ad
1927 1604 1991 1637 hi-

116 1679 267 1714 storiam
300 1678 521 1723 pertinentia
555 1678 674 1713 adfert
707 1691 753 1714 ex
785 1678 921 1714 Asconi
953 1679 1215 1714 commentario
1250 1678 1518 1723 deprompsisse
1552 1679 1661 1711 statui
1692 1683 1829 1723 potest:
1879 1678 1987 1724 longe

119 1753 216 1788 enim
242 1751 311 1785 alia
332 1751 377 1785 ad
399 1753 603 1786 orationem
617 1752 857 1787 Milonianam
883 1755 1071 1789 adnotauit
1097 1765 1204 1799 quain
1231 1763 1321 1797 quae
1347 1751 1389 1785 ab
1410 1749 1568 1785 Asconio
1593 1752 1726 1797 scripta
1753 1758 1848 1786 sunt.
1901 1752 1985 1795 Quo

120 1827 188 1862 etsi
209 1825 359 1860 multost
384 1825 539 1859 inferior
550 1852 559 1870 ,
587 1837 662 1860 non
687 1839 802 1872 pauca
826 1834 948 1863 tamen
973 1827 1126 1874 protulit
1135 1853 1143 1869 ,
1173 1838 1330 1872 quorum
1355 1826 1485 1860 notitia
1510 1825 1554 1858 ad
1580 1825 1843 1870 intellegendos
1871 1837 1986 1871 quos—

121 1900 202 1934 dam
227 1899 328 1933 locos
359 1899 565 1934 orationum
593 1900 845 1936 Tullianarum
872 1902 1016 1947 egregie
1042 1901 1268 1935 adiuuamur.
1319 1898 1372 1933 Ac
1397 1905 1483 1933 sunt
1507 1899 1546 1932 in
1572 1899 1616 1932 iis
1626 1925 1635 1942 ,
1675 1911 1767 1944 quae
1792 1911 1873 1933 mea
1898 1910 1986 1932 scn—

119 1973 233 2007 tentia
276 1972 319 2006 ab
353 1972 504 2008 homine
537 1975 671 2008 saeculi
705 1976 824 2020 quarti
862 1980 945 2022 post
972 1975 1160 2009 Christum
1198 1980 1324 2008 natum
1357 1973 1456 2006 nullo
1490 1979 1595 2018 pacto
1631 1973 1741 2006 scribi
1775 1978 1986 2018 potuerunt.

120 2047 205 2082 Non
231 2047 346 2080 ausim
372 2052 494 2080 tamen
519 2059 617 2082 nunc
643 2048 843 2083 decernere
852 2076 862 2094 ,
900 2055 1024 2083 utrum
1051 2061 1097 2083 ex
1124 2048 1387 2083 uetustioribus
1415 2047 1684 2080 commentariis
1713 2059 1754 2080 ea
1779 2046 1985 2092 sumpserit,

121 2132 168 2156 an
193 2132 282 2154 aeuo
309 2122 514 2166 antiquiore
538 2115 687 2156 uixisse¹
702 2123 975 2157 existumandus
1002 2124 1059 2158 sit.

220 2195 365 2237 Restat,
403 2200 444 2229 ut
467 2195 512 2229 de
537 2196 686 2241 antiquo
713 2196 996 2242 orthographiae
1021 2208 1155 2242 genere
1163 2222 1172 2239 ,
1212 2195 1309 2242 quod
1338 2200 1375 2229 et
1399 2195 1437 2228 in
1459 2194 1661 2228 orationem
1689 2194 1896 2228 Tullianam
1922 2205 1987 2228 re—

121 2269 252 2305 uocaui
287 2274 322 2302 et
353 2268 391 2301 in
414 2268 457 2300 iis
466 2293 476 2312 ,
516 2281 608 2314 quae
640 2270 719 2315 ipse
752 2270 898 2315 scripsi,
937 2276 1082 2304 secutus
1112 2282 1192 2303 sum
1201 2295 1210 2313 ,
1249 2281 1362 2315 pauca
1393 2279 1572 2302 moneam.
1626 2268 1855 2313 Quamquam
1888 2268 1986 2301 enim

121 2343 376 2390 praeuidebam
402 2342 482 2376 fore
490 2367 500 2385 ,
526 2348 569 2376 ut
593 2355 614 2376 a
638 2343 762 2377 multis
786 2344 1094 2389 reprehenderer,
1131 2343 1228 2389 quod
1252 2342 1438 2388 uolgarem
1466 2343 1713 2386 repudiassem
1736 2342 1983 2387 scriptionem,

122 2423 242 2451 tamen
270 2416 496 2450 considerate
522 2421 558 2450 et
582 2422 681 2451 recte
706 2417 845 2462 agendo
873 2418 1049 2452 inuidiam
1076 2417 1168 2452 mihi
1194 2417 1369 2460 conflare,
1403 2428 1510 2461 quam
1536 2415 1738 2449 socordiam
1765 2421 1801 2450 et
1826 2427 1983 2450 consue—

1519 2472 1569 2500 B*
