2185 2720
735 122 760 151 c
780 121 809 150 A
829 121 872 150 Ρ.
910 118 1041 148 XXLX.
1066 115 1094 157 §.
1114 123 1212 150 71.—
1230 117 1346 146 XXX.
1371 114 1399 156 §.
1424 122 1471 148 72.
1998 117 2052 146 185

146 201 219 247 fici
246 201 398 238 iussero,
432 198 533 231 credo
562 197 630 230 erit
658 197 851 230 uerendum
879 195 986 236 milti,
1019 205 1062 227 ne
1088 204 1157 226 non
1177 192 1240 227 hoc
1262 192 1385 238 potius
1409 204 1523 225 omnes
1552 189 1631 223 boni
1659 188 1772 222 serius
1793 200 1816 221 a
1837 199 1909 229 me,
1947 201 2052 233 quam

155 255 340 300 quisquam
362 252 539 285 crudelius
554 250 698 294 factum
721 250 828 282 dicat.

238 306 427 350 Fingenda
439 303 522 348 fuit
543 303 630 336 milii
652 303 816 335 uidelicet
838 299 977 344 caussa)
1020 297 1222 331 Necessario
1259 309 1303 330 ex
1333 297 1484 342 optumis
1507 295 1675 329 codicibus
1697 295 1862 328 uidelicet
1882 306 1947 338 pro
1972 294 2052 326 uol-

151 365 228 403 gata
249 359 420 402 scriptura
442 357 590 394 iudices,
614 367 717 397 quam
739 353 917 386 Ernestius
940 357 1072 391 tuetur,
1096 351 1346 383 restituendum
1369 362 1457 389 esse,
1481 349 1558 380 inde
1580 354 1692 392 patet,
1724 348 1814 390 quod
1836 354 1944 380 totam
1965 348 2052 380 hanc

151 412 355 445 sententiam
377 423 447 443 non
470 410 517 442 ita
538 407 674 451 profert
697 407 835 447 Cicero,
865 417 904 437 ac
924 405 953 437 si
975 405 1116 448 probet,
1146 403 1239 446 quod
1258 403 1368 435 facere
1390 402 1585 435 statuendus
1608 407 1696 433 esset
1716 401 1745 433 si
1768 402 1901 434 iudices
1923 401 2052 433 scribe-

153 471 269 505 retur,
300 470 353 496 set
373 464 438 502 ita,
461 468 500 493 ut
521 461 574 501 id,
598 460 687 503 quod
708 460 806 499 dicit,
829 458 984 490 minume
1005 469 1025 489 a
1046 469 1082 489 se
1103 456 1179 489 fieri
1200 457 1354 488 debuisse
1378 454 1567 499 significare
1589 454 1686 485 uelit.
1731 454 1768 486 Id
1792 460 1907 486 autem
1928 460 1968 486 ut
1989 465 2052 486 au-

152 518 278 550 ditores
313 516 571 557 intellegerent,
614 513 722 545 uerbo
754 512 918 556 quopiam
944 510 1120 543 admoneri
1154 509 1330 541 debebant.
1375 506 1553 541 Eiusmodi
1588 507 1752 539 uidelicet
1785 507 1954 549 particula
1990 513 2051 539 est.

151 571 289 612 „Plane
318 568 457 611 dignum
486 565 783 599 animaduersione
805 565 956 597 arbitror
982 575 1053 597 esse
1082 562 1241 603 modum,
1286 573 1352 604 quo
1374 572 1439 605 pro
1466 560 1630 593 uidelicet
1651 559 1719 591 huc
1740 559 1886 602 inrepsit
1906 561 2051 594 iudices.

152 623 231 658 Nisi
251 622 343 654 enim
365 620 485 661 fallor,
520 620 613 652 hunc
634 619 731 651 nobis
753 619 866 663 aperit
886 618 967 650 illut
988 616 1215 660 conpendium
1236 616 1328 655 iud„
1367 625 1434 657 quo
1459 625 1530 645 non
1551 612 1652 644 modo
1671 612 1708 644 in
1734 612 1806 644 cod.
1829 613 1930 645 Barb.
1958 619 1993 645 et
2013 613 2051 644 in

152 688 251 716 meo,
273 686 397 707 uerum
420 674 522 705 etiam
542 672 579 704 in
603 672 653 704 ed.
678 672 781 704 Rom.
804 683 881 711 sec„
905 672 1006 709 Uen„
1028 670 1156 709 Hem„
1180 674 1214 701 et
1235 670 1347 710 Naug.
1370 677 1442 698 uox
1464 666 1597 698 iudices
1618 666 1808 710 perscripta
1830 665 2050 708 conspicitur.

151 730 233 762 Duo
256 727 385 760 scilicet
406 725 592 770 conpendia
616 731 713 765 sunt,
736 724 885 757 librariis
909 723 1050 755 usitata:
1072 722 1220 753 alterum
1243 722 1316 754 uid.
1338 731 1402 763 pro
1426 719 1607 758 uidelicet,
1635 719 1783 751 alterum
1806 719 1883 752 iud.
1905 730 1970 762 pro
1993 718 2051 750 iu-

151 783 244 815 dices
252 794 264 821 3
304 792 452 823 quorum
474 780 522 811 ita
543 778 663 811 similis
685 783 736 810 est
760 777 945 821 scriptura,
968 782 1007 807 ut
1028 787 1098 807 non
1120 774 1372 807 confundantur
1392 771 1511 811 modo,
1534 783 1657 803 uerum
1680 772 1782 804 etiam
1803 782 1903 814 aegre
1927 770 2051 802 distin-

152 840 300 878 guantur
320 833 502 865 interdum.
546 831 601 864 Ad
624 831 711 862 hanc
732 842 900 863 summam
922 831 959 862 in
980 828 1062 872 ipsis
1085 827 1209 860 litteris
1230 825 1446 870 permutandi
1468 824 1667 856 facilitatem
1689 825 1835 865 accedit,
1861 824 1951 867 quod
1975 835 2050 855 cre-

151 888 215 919 bra
235 887 273 918 in
294 886 347 918 his
368 884 577 917 orationibus
599 883 750 915 iudicum
771 884 900 916 mentio
923 881 1082 915 librarios
1103 881 1146 912 ad
1169 892 1243 911 eam
1265 890 1386 911 uocem
1407 878 1668 922 supponendam
1690 877 1932 921 propensiores
1955 876 2048 918 fecit,

154 951 258 983 qua-m
278 939 394 970 uidere
418 936 616 979 aliquando,
651 936 711 968 ubi
736 935 825 967 nihil
856 940 929 966 erat
949 934 1081 974 minus,
1117 934 1223 966 oculis
1246 932 1441 965 fallentibus
1472 931 1740 971 existumarunt3
1776 931 1870 964 cuius
1893 931 1943 963 rei
1964 931 2050 964 aliut

154 991 352 1034 exemplum
375 990 505 1031 insigne
528 988 673 1020 uidimus
695 988 736 1019 ad
762 1000 790 1020 c.
814 989 864 1020 5..
909 987 1077 1019 Similiter
1098 987 1243 1029 denique
1265 999 1329 1030 pro
1353 988 1447 1019 Sext.
1472 998 1502 1027 7.
1524 985 1714 1017 uidebimus
1737 996 1846 1016 unum
1868 990 2049 1027 optumum

154 1044 306 1076 codicem
338 1043 463 1075 habere
492 1042 674 1080 uidelicet,
711 1041 770 1073 ubi
800 1041 867 1073 duo
896 1040 956 1072 alii
982 1040 1109 1072 habent
1137 1041 1290 1080 iudices,
1325 1046 1359 1072 et
1389 1045 1458 1071 tres
1481 1044 1613 1071 ueteres
1644 1038 1807 1070 editiones
1829 1037 1909 1070 illut
1934 1037 2049 1081 ipsum

152 1096 380 1140 conpendium
403 1096 529 1128 iud..“
573 1095 834 1126 GARATONJUS.

239 1149 370 1181 Caussa
387 1148 574 1193 peracuta)
618 1147 840 1179 Scribendum
871 1147 944 1179 sine
972 1145 1076 1178 dubio
1107 1152 1157 1178 est
1183 1152 1374 1191 peracute3
1411 1157 1535 1189 nempe
1563 1156 1677 1177 caussa
1702 1156 1772 1176 non
1795 1151 1846 1177 est
1863 1151 2050 1189 peracuta,

153 1208 205 1235 set
224 1207 385 1245 peracute
407 1202 557 1244 fingitur.
585 1201 813 1232 ERNESTIUS.
857 1199 990 1232 Mirum
1011 1199 1186 1234 iudicium.
1231 1200 1303 1232 Cfr.
1329 1200 1369 1231 de
1393 1200 1455 1232 Or.
1479 1201 1528 1239 II,
1552 1200 1588 1240 8,
1620 1199 1672 1230 52.
1704 1199 1754 1230 sic
1782 1199 1864 1231 illut
1886 1197 2050 1241 adfirmo,

148 1260 339 1300 praecepta
369 1266 470 1299 posse
497 1255 668 1298 quaedam
697 1254 778 1286 dari
801 1258 986 1298 peracuta.
1030 1252 1158 1284 Ibidem
1185 1253 1214 1294 §.
1239 1253 1291 1286 54.
1315 1254 1411 1293 Quid
1436 1258 1553 1285 autem
1573 1252 1758 1290 subtilius,
1800 1264 1904 1295 quam
1926 1256 2051 1283 acutae

153 1308 357 1352 crebraeque
379 1308 594 1340 sententiae?
637 1307 724 1339 Ibid.
750 1318 777 1340 c.
801 1306 852 1338 25.
884 1307 914 1348 ξ.
940 1305 992 1348 98.
1023 1306 1114 1338 alter
1142 1307 1394 1339 acutissumum
1421 1312 1455 1338 et
1477 1305 1755 1337 subtilissumum
1777 1305 1915 1337 dicendi
1936 1315 2050 1347 genus

152 1366 204 1393 est
225 1366 437 1394 consecutus,
479 1359 564 1391 Ibid.
594 1359 654 1391 lib.
681 1353 801 1392 HL'c.
827 1360 880 1402 59.
910 1360 942 1400 §.
966 1358 1038 1391 225.
1076 1360 1266 1392 sententiae
1296 1371 1397 1403 saepe
1425 1364 1549 1391 acutae
1579 1369 1647 1390 nou
1669 1363 1852 1390 acutorum
1873 1357 2050 1390 hominum

154 1426 276 1447 sensus
292 1414 571 1458 praeteruolant.

247 1467 296 1500 Uc
318 1468 367 1506 ei,
391 1479 491 1512 quem
512 1466 602 1499 milii
625 1466 744 1499 debere
766 1471 958 1510 oporteret,
980 1477 1044 1510 ego
1066 1477 1119 1499 me
1139 1465 1255 1499 omnia
1276 1464 1396 1498 debere
1417 1464 1579 1506 dicerem)
1609 1463 1768 1496 Plancius
1789 1462 1912 1495 debere
1935 1461 2051 1494 omnia

155 1519 314 1553 Ciceroni
337 1520 525 1560 dicebatur,
557 1519 648 1561 quod
670 1520 711 1551 ab
736 1531 775 1551 eo
798 1518 1052 1551 defendebatur.

241 1574 293 1607 At
315 1574 354 1605 id
376 1574 482 1605 etiam
500 1573 666 1616 gregarii
687 1573 816 1606 milites
828 1572 976 1617 faciunt
996 1573 1115 1613 inuiti,
1138 1578 1178 1605 ut
1200 1584 1361 1605 coronam
1382 1571 1465 1604 dent
1486 1571 1635 1604 ciuicam
1657 1576 1691 1603 et
1712 1583 1748 1603 se
1769 1569 1812 1602 ab
1834 1570 1953 1614 aliquo
1976 1581 2050 1603 ser-

155 1634 256 1661 uatos
281 1639 352 1659 esse
366 1625 575 1670 fateantur)
618 1626 927 1658 Inductiouem
949 1626 1270 1658 sollertissime
1292 1624 1403 1656 facit
1426 1624 1555 1656 exiis
1576 1623 1821 1663 militibus,
1856 1623 1928 1666 qui
1947 1635 2052 1667 pro-

155 1680 258 1713 tecti
278 1691 298 1711 a
320 1678 701 1712 commilitonibus
723 1680 813 1712 suis
835 1679 979 1711 ueluti
1003 1678 1307 1711 testimonium
1333 1677 1499 1720 gratiae
1530 1676 1747 1716 referant,
1784 1676 1946 1709 iisdem
1978 1688 2051 1708 co-

154 1744 305 1767 ronam
339 1732 521 1763 ciuicam
551 1732 701 1772 dando,
743 1744 864 1775 quam
898 1731 1094 1764 traditur
1134 1731 1183 1763 de
1212 1732 1413 1775 gramine
1444 1730 1553 1763 fieri
1588 1731 1816 1772 solitam¹).
1860 1731 1912 1762 Et
1943 1729 2050 1761 mire

157 1785 430 1824 extenuauit‚
465 1785 708 1826 gregarium
738 1785 927 1817 militem
958 1784 1137 1816 dicendo
1166 1785 1359 1816 inuitum
1382 1784 1463 1816 hoc
1485 1783 1648 1824 facere,
1688 1791 1734 1816 ut
1757 1783 1951 1816 offerens
1977 1793 2049 1813 co-

155 1849 307 1871 ronam
330 1837 518 1869 ciuicam
541 1837 786 1871 debitorem
815 1837 1030 1870 beneficii
1052 1851 1094 1871 se
1122 1837 1375 1869 constituat.
1421 1837 1548 1878 Quod
1580 1837 1720 1879 igitur
1747 1836 1875 1868 anxie
1898 1842 1939 1867 et
1959 1847 2049 1867 mo-

154 1893 267 1925 leste
288 1890 512 1934 gregarius
534 1890 659 1922 miles
681 1891 870 1934 patitur,
904 1891 943 1922 id
972 1891 1111 1923 nullis
1142 1890 1331 1934 acceptis
1360 1889 1591 1922 beneficiis
1618 1902 1723 1922 onus
1751 1887 2048 1922 uerecundiae

158 1956 256 1978 suae
277 1955 362 1976 non
382 1944 635 1987 imponeret
654 1943 726 1976 uir
748 1944 1002 1977 consularis.
1034 1945 1198 1977 ScnomA
1219 1944 1482 1977 AMBROSIANA.
1528 1943 1661 1976 Gellius
1684 1944 1738 1984 V,
1761 1943 1811 1976 6.:
1847 1942 1969 1976 Ciuica
1992 1953 2049 1975 co-

229 2095 257 2134 1)
294 2097 435 2127 Ciuicam
461 2105 606 2124 coronam
631 2096 708 2126 dicit
729 2100 837 2125 noster
862 2095 1018 2136 interpres
1043 2097 1141 2127 fuisse
1167 2107 1185 2125 e
1212 2095 1358 2135 gramine.
1399 2094 1567 2124 Graminea
1593 2095 1654 2124 fuit
1681 2095 1805 2134 quidem
1833 2093 2045 2128 obsidionalis,

154 2148 202 2175 set
222 2144 260 2174 de
280 2145 384 2172 ciuica
404 2142 515 2172 scribit
533 2143 654 2173 Plinius
674 2144 768 2174 XVI.
788 2148 861 2173 sect.
882 2145 909 2173 5.
931 2145 1041 2174 Ciuica
1060 2147 1164 2184 iligna
1181 2147 1283 2183 primo
1294 2144 1383 2183 suit,
1407 2150 1516 2181 postea
1535 2145 1636 2181 magis
1651 2144 1778 2182 placuit
1798 2155 1835 2172 ex
1854 2143 1953 2172 esculo
1973 2142 2046 2170 Ioui

154 2203 257 2222 sacra.
302 2192 527 2229 Uariatumque
553 2196 583 2219 et
608 2202 678 2220 cum
704 2202 819 2230 quercu
846 2198 908 2228 est,
940 2204 980 2222 ac
1006 2194 1084 2222 data
1111 2192 1222 2231 ubique
1249 2202 1328 2230 quae
1345 2191 1462 2229 suerat
1481 2192 1633 2220 custodito
1654 2197 1757 2220 tamen
1777 2191 1890 2218 honore
1907 2189 2046 2228 glandi-⁹.

156 2241 314 2278 Quernam
339 2244 392 2267 aut
417 2239 544 2278 ilignam
567 2239 664 2268 fuisse
689 2241 825 2268 ciuicam
852 2251 995 2269 coronam
1015 2246 1147 2270 testatur
1173 2239 1266 2268 etiam
1287 2238 1410 2267 Gellius
1431 2238 1462 2265 V
1469 2259 1479 2274 ,
1505 2237 1548 2266 6..
1588 2238 1641 2266 Set
1659 2238 1760 2266 nostri
1781 2237 1961 2276 interpretis
1980 2245 2045 2263 non

155 2287 236 2316 leuis
261 2288 426 2317 auctoritas
455 2292 510 2316 est.
549 2286 775 2315 Uerumtamen
801 2287 921 2316 etiamsi
948 2287 1008 2316 hoc
1036 2288 1107 2316 loco
1133 2287 1289 2326 interpres
1309 2296 1455 2315 coronam
1475 2285 1605 2314 ciuicam
1625 2286 1727 2314 minus
1748 2290 1832 2314 recte
1846 2279 2045 2323 gramineum,

158 2333 296 2369 dixisset,
319 2335 549 2364 meminerimus
569 2344 692 2364 errores
712 2336 879 2364 nonnullos
899 2335 997 2375 ipsius
1019 2336 1110 2364 etiam
1130 2334 1248 2363 Asconi
1268 2345 1285 2363 a
1304 2333 1424 2362 criticis
1442 2333 1554 2362 notari.
1592 2333 1740 2362 Errorem
1760 2332 1950 2362 contrarium
1969 2340 2044 2370 pec-

156 2385 206 2409 cat
230 2379 351 2409 Plinius
377 2383 471 2412 XVI.
498 2387 572 2412 sect.
600 2384 628 2412 5.
657 2383 762 2411 dicens
782 2384 956 2422 frondeum
982 2393 1128 2413 coronam
1155 2381 1395 2416 obsidionalem,
1432 2381 1469 2409 de
1497 2392 1555 2420 qua
1574 2381 1619 2409 ibi
1640 2381 1796 2420 loquitur3
1831 2391 1920 2420 quam
1940 2384 2043 2408 tamen

156 2428 212 2457 lib.
231 2427 343 2458 XXII.
361 2437 435 2461 sect.
455 2432 484 2460 4.
500 2436 586 2461 recte
601 2432 800 2470 gramineam
820 2431 901 2460 idem
920 2431 1056 2461 uocauit.
1095 2429 1178 2459 Uide
1197 2428 1390 2460 Paschalium
1409 2430 1447 2459 de
1465 2432 1587 2460 coronis
1605 2430 1660 2458 lib.
1682 2430 1754 2459 VII.
1777 2429 1838 2460 16..
1857 2429 1898 2457 A.
1920 2428 2041 2457 Mnus.

1586 2482 1623 2509 36
