2185 2720
136 174 189 202 146
782 158 1357 189 COMMENTARIUS.

138 256 187 276 ne
220 239 401 274 diffidat
437 234 624 277 reliquis
654 234 895 266 honoribus
926 240 1026 277 post
1053 233 1305 266 aedilitatis
1342 234 1580 277 repulsam;
1621 236 1789 278 quando
1828 238 1901 270 illi
1933 239 2010 271 hac

141 295 285 338 specie
321 291 503 325 honoris
545 299 629 320 non
669 287 896 330 inpetrata
932 287 1223 330 pei-uenerint
1258 293 1398 318 tamen
1431 287 1480 318 ad
1515 287 1740 330 fastigium
1775 291 2010 324 consulare·

141 351 302 382 SCHOMA
324 346 533 378 UiricANA.
577 341 671 373 Haec
693 352 778 383 quae
800 339 981 383 praeposui
1003 341 1108 372 uerba
1129 339 1225 371 Tulli
1246 339 1429 372 Uaticanus
1451 341 1563 373 habet.

225 401 322 441 Quae
345 397 407 428 tibi
430 396 523 428 ultro
541 400 646 438 pater
668 399 701 426 et
722 394 869 425 maiores
893 393 947 425 tui
967 411 1009 418 —
1030 395 1164 433 dicent,
1189 405 1297 437 neque
1319 405 1354 426 u.
1376 405 1441 437 quo
1465 398 1497 425 te
1519 393 1675 433 liberent,
1697 400 1748 426 set
1769 400 1810 427 ut
1831 411 1871 418 —
1893 397 2013 429 cohor-

144 453 272 494 tentur)
317 447 541 481 Scribeudum
565 453 614 478 est
636 446 875 478 liberarent—
894 446 1174 478 cohortarentur.-
1197 446 1368 489 praecedit
1390 446 1481 477 enim
1503 447 1665 478 dicerent.
1707 447 1824 489 Atque
1845 447 1893 478 sic
1914 449 2014 482 edidi.

144 508 236 541 Uitia
266 510 339 537 orta
369 507 448 533 sunt
471 512 491 531 a
514 499 709 542 conpendiis
735 499 919 536 scribendi,
956 498 1042 531 sicut
1073 499 1109 530 in
1133 499 1185 531 ed.
1209 499 1252 531 R.
1276 506 1309 531 et
1329 500 1388 531 ΒΓ.
1419 504 1469 530 est
1498 498 1599 529 etiam
1621 500 1733 531 dicent
1764 511 1829 543 pro
1854 501 2017 535 dicerent.

144 562 216 593 Nec
237 569 320 589 uero
344 556 458 588 dicent
480 565 601 584 uerum
624 559 690 592 est,
724 551 802 594 quia
823 557 900 582 aute
923 551 989 583 iam
1013 558 1062 583 est
1086 551 1322 595 inperfectum.
1346 552 1571 583 ERNESTIUS.
1616 552 1812 584 Necessaria
1833 553 1915 584 haec
1940 564 2018 585 cor-

145 612 249 644 rectio
272 614 373 647 esset‚
397 608 425 639 si
447 606 638 639 Laterensis
661 617 695 637 se
717 604 846 636 nescire
869 604 1019 643 dixisset,
1044 605 1124 647 quid
1147 616 1370 648 responsurus
1392 610 1476 636 esset
1498 604 1587 647 patri
1608 611 1745 637 mortuo
1768 612 1802 637 et
1822 606 2018 646 maioribus,

145 666 174 697 si
196 676 239 696 ex
261 662 379 694 inferis
401 660 563 692 redirent.
607 658 716 700 Atqui
738 669 815 689 cum
838 668 880 688 ex
898 657 994 688 initio
1020 658 1118 689 huius
1141 659 1267 702 capitis,
1290 657 1439 698 Quaeri-s·
1462 658 1577 697 etiam,
1600 659 1685 702 quid
1703 659 1914 702 imaginibus
1936 660 2020 699 tais,

98 737 101 739 -
149 718 234 761 quid
257 715 487 748 ornatis-sumo
511 718 614 756 atque
642 717 779 755 optumo
802 711 897 752 uiro,
929 712 1031 754 patri
1059 717 1118 744 tuo
1149 711 1412 755 respondeas
1443 717 1597 750 mortuo,
1633 711 1822 742 luculenter
1851 718 2021 755 appareat,

148 773 366 803 Laterensem
390 765 431 796 de
454 764 673 807 imaginibus,
698 763 732 795 id
757 770 807 794 est
831 763 872 794 de
895 769 990 805 patre
1012 774 1049 794 ac
1069 763 1252 795 maioribus
1275 764 1322 795 sic
1344 775 1414 795 esse
1435 764 1598 804 locutum,
1621 774 1659 794 ac
1680 763 1708 795 si
1730 763 1804 795 uiui
1826 770 1936 795 essent
1956 764 2022 796 ho—

150 824 276 862 mines,
300 820 358 864 qui
381 819 411 850 ei
435 817 736 861 exprobrauerint,
760 817 850 858 quod
873 816 1079 847 aedilitatem
1101 827 1170 847 non
1193 822 1278 848 esset
1299 816 1457 859 adeptus:
1491 817 1674 859 aptissume
1697 816 1895 848 Ciceronem
1920 817 2022 849 etiam

151 877 194 909 de
215 883 311 920 patre
333 885 371 905 ac
391 871 574 904 maioribus
589 869 779 902 Laterensis
801 869 849 901 sic
870 869 965 911 loqui
987 874 1089 911 patet,
1115 879 1152 899 ac
1173 869 1201 900 si
1225 869 1417 900 etiamnunc
1438 870 1474 900 in
1496 869 1584 900 uiuis
1608 869 1675 900 sint
1695 875 1729 900 et
1751 881 1826 901 cum
1838 871 2022 903 Laterense

152 931 311 971 conloqui
339 925 486 969 possint,
523 923 667 965 ideoque
697 922 894 954 rectissume
922 928 955 953 et
977 923 1091 954 dicent
1123 927 1156 953 et
1178 921 1321 953 liberent
1348 928 1382 953 et
1404 924 1624 955 cohortentur
1651 933 1686 953 se
1713 922 1847 954 habere.
1892 923 2023 955 Eodem

154 983 256 1016 modo
279 982 345 1013 iam
373 979 403 1020 §.
428 979 479 1009 51.
503 975 679 1008 Laterensi
702 975 885 1007 obiecerat:
922 981 1025 1018 atque
1054 975 1136 1006 illut
1165 986 1249 1006 caue
1270 976 1408 1018 potius,
1440 988 1482 1007 ne
1505 981 1566 1007 tua
1590 975 1659 1006 ista
1682 976 1834 1018 querella
1861 976 2024 1020 dolorque

154 1038 283 1070 nimius
305 1033 347 1065 ab
370 1031 442 1063 illis
464 1029 738 1073 sapientissumz's
762 1029 851 1060 uiris
873 1029 981 1070 (patre
1003 1033 1036 1058 et
1054 1027 1254 1066 maioribus)
1277 1027 1633 1070 reprehendatur.

237 1089 320 1123 ZVon
343 1082 541 1117 consolandi
564 1082 618 1113 tui
636 1081 772 1125 gratia)
815 1082 983 1113 Iacturam
1014 1081 1105 1112 enim
1134 1086 1211 1111 tuae
1231 1080 1402 1123 dignitatis
1424 1080 1555 1111 nullam
1575 1079 1703 1120 fecisti,
1733 1086 1773 1112 ut
1800 1080 2024 1115 consolandus

156 1154 227 1177 esse
246 1137 404 1173 uidearis.
434 1136 646 1167 Misera-s.

240 1196 307 1228 Est
330 1190 466 1234 aliquid
485 1189 589 1220 etiam
610 1188 652 1219 de
675 1187 807 1219 uirtute
835 1185 1077 1230 significatura
1101 1185 1177 1228 tua)
1221 1185 1324 1228 Quod
1355 1197 1529 1217 reseruare
1557 1184 1705 1228 populus
1733 1184 1953 1217 Laterensem
1981 1186 2025 1217 ad

157 1249 322 1283 maiorem
346 1243 590 1285 magistratum,
616 1240 653 1271 in
669 1251 734 1282 quo
750 1239 781 1271 ei
795 1251 934 1282 magnae
955 1239 1095 1271 utilitati
1117 1249 1187 1270 esse
1209 1244 1332 1282 posset,
1352 1238 1463 1270 uideri
1485 1244 1596 1282 potest
1619 1237 1778 1269 uoluisse.
1824 1237 1895 1271 cfr.
1911 1239 1942 1281 §.
1962 1239 2026 1271 15..

946 1335 976 1370 C
992 1334 1023 1369 A
1036 1334 1077 1368 P.
1119 1333 1240 1368 XXII,

245 1407 333 1443 Νόἶῐ
355 1405 445 1438 enim
467 1404 665 1436 existimare
693 1414 760 1434 non
782 1414 947 1446 magnum
975 1403 1144 1447 quendam
1164 1408 1295 1434 motum
1306 1400 1425 1445 fuisse
1449 1402 1547 1433 illius
1563 1401 1746 1445 petitionis
1768 1406 1866 1441 tuae,
1895 1401 1939 1434 de
1960 1413 2029 1446 qua

162 1476 203 1497 ne
225 1459 361 1505 aliquid
385 1459 520 1490 iurares
543 1455 722 1499 destitisti)
766 1455 921 1486 Tacite
944 1455 1115 1498 quidem
1138 1453 1328 1486 subiecit
1354 1464 1539 1493 causam,
1579 1464 1684 1495 quae
1706 1454 1930 1486 Laterensi
1958 1454 2028 1486 uel

163 1515 349 1549 maxime
372 1509 569 1542 obfuisse
591 1508 814 1547 uideatur,
849 1508 958 1550 quod
992 1520 1084 1539 eum
1108 1508 1225 1538 dicat
1248 1506 1416 1549 aliquid
1442 1506 1641 1538 noluisse
1663 1506 1825 1548 iurare,
1856 1519 1902 1539 ac
1923 1518 2029 1551 pro..

163 1575 313 1613 pterea
341 1564 653 1606 impugnatum²
699 1571 779 1602 ‘1¹¹⁰
816 1561 946 1603 magis
977 1561 1195 1603 repulsam
1231 1559 1376 1591 ferret·
1420 1559 1733 1592 Existimamus
1764 1560 1906 1603 igitur
1939 1571 2030 1593 eum

164 1623 304 1664 legem
333 1617 486 1649 Iuliam
515 1612 788 1656 significare,
834 1625 955 1655 quam
987 1613 1139 1644 Caesar
1169 1612 1318 1644 consul
1348 1612 1559 1654 agrariam
1594 1612 1761 1644 tulerat
1789 1613 1839 1645 de
1872 1613 2031 1654 uiris'J

166 1671 368 1707 creandis
402 1674 443 1699 et
470 1678 545 1710 per
576 1664 856 1704 seditionem,
894 1672 1098 1708 quantum
1120 1677 1163 1697 se
1184 1665 1310 1697 habet
1338 1664 1451 1697 fides
1474 1664 1707 1703 historiae,
1741 1672 1782 1697 et
1801 1666 1850 1698 Μ,
1873 1666 2030 1698 Bibulo

167 1730 375 1760 seruante
407 1720 455 1751 de
483 1718 652 1759 caelo2).
696 1719 742 1749 In
773 1718 882 1749 hanc
912 1719 1162 1750 Laterensis
1193 1718 1370 1750 uidetur
1400 1716 1701 1749 iusiurandum
1734 1729 1853 1749 suum
1890 1717 2031 1751 dicere

168 1778 368 1813 noluisse
390 1793 433 1799 —-
456 1773 487 1814 ³)
514 1778 653 1803 tamen
677 1772 725 1803 M.
749 1771 922 1802 Tullius
950 1783 1034 1803 non
1065 1770 1288 1814 expressit
1309 1770 1442 1813 ipsam
1466 1770 1571 1812 legis
1593 1770 1731 1801 Iuliae
1750 1770 2030 1811 mentionem,

168 1844 219 1865 ne
249 1828 448 1863 Caesaris
476 1825 638 1857 animus
672 1823 932 1855 laederetur.
971 1825 1131 1855 SenomA
1158 1825 1366 1857 UATICANA.
1407 1823 1601 1865 Respicitur
1630 1823 1748 1865 petitio
1777 1823 1984 1864 tribunatus,
2014 1835 2034 1856 a

171 1896 236 1929 qua
259 1881 387 1914 destitit
408 1879 577 1915 Plancius,
607 1888 650 1908 ΒΘ
672 1876 735 1908 sibi
759 1887 842 1919 Opus
866 1882 951 1908 esset
971 1876 1007 1907 in
1029 1877 1137 1919 legem
1161 1877 1309 1908 Caesaris
1333 1877 1374 1907 de
1396 1887 1475 1916 agro
1500 1876 1670 1918 Campano
1694 1875 1881 1907 diuidundo
1903 1876 2034 1916 iux-are3

170 1939 206 1971 in
236 1948 302 1979 quo
333 1934 450 1966 Cicero
483 1931 525 1962 ad
550 1929 704 1963 Atticum
734 1929 783 1968 ΙΙ,
824 1929 873 1961 18.
908 1930 1128 1961 Laterensem
1153 1929 1270 1961 scribit
1299 1929 1497 1961 existumari
1528 1928 1618 1960 laute
1646 1928 1773 1961 fecisse.
1815 1929 2034 1961 SCHUszs.

172 1989 244 2024 Cfr.
269 1988 369 2020 huius
394 1997 442 2017 or.
468 1985 506 2016 C.
529 1983 574 2015 V.
600 1983 629 2023 ἕ.
657 1982 723 2013 13..

257 2041 371 2081 Quam
393 2036 588 2070 ambitionis
611 2035 701 2066 ratio
718 2034 932 2078 postulabat)
975 2036 1056 2067 Non
1081 2034 1221 2066 debebas
1244 2039 1295 2074 te,
1333 2045 1409 2065 cum
1432 2034 1640 2066 tribunatum
1666 2033 1774 2076 plebis
1799 2038 1949 2076 peteres,
1983 2040 2035 2066 η.

172 2097 240 2129 lem
263 2091 456 2128 ostendere,
481 2088 539 2130 qui
560 2087 798 2131 optumatibus,
820 2086 856 2118 id
879 2087 970 2130 quod
991 2098 1062 2119 non
1081 2086 1223 2118 iurando
1247 2086 1283 2117 in
1304 2086 1413 2129 legem
1436 2087 1586 2119 Caesaris
1609 2086 1793 2127 declarasti,
1815 2086 1919 2129 magis
1937 2097 2036 2129 quam

174 2148 303 2193 populo
326 2144 467 2176 faueres.

172 2219 605 2235 s—

253 2269 281 2306 1)
320 2266 426 2296 Scribe
453 2265 478 2294 si
498 2264 584 2293 lubet
605 2265 789 2292 triumuiris.
829 2263 967 2302 Namque
993 2273 1064 2302 ager
1092 2263 1286 2292 diuidebatur
1311 2273 1367 2302 per
1386 2263 1519 2293 delectos
1540 2264 1719 2293 triumuiros
1747 2268 1797 2292 aut
1817 2262 2036 2302 quinqueuiros

179 2322 231 2346 ant
251 2314 448 2344 decemuiros.
488 2313 583 2340 Immo
599 2311 752 2349 Augustus
773 2321 874 2350 agrum
891 2312 1076 2351 Campanum
1097 2312 1164 2350 lege
1183 2312 1249 2351 ipsa
1269 2310 1348 2340 Iulia
1367 2311 1474 2341 diuisit
1495 2323 1550 2351 per
1570 2313 1703 2341 delectos
1719 2311 1787 2340 XX
1800 2311 1890 2340 uiros.
1912 2311 2035 2340 Sucton.

179 2366 257 2402 Aug.
279 2364 312 2392 C.
334 2363 404 2390 IV..
444 2361 480 2388 A.
502 2361 619 2388 ΜΑιιέ.

253 2411 282 2448 ²)
319 2411 402 2445 Lege
423 2408 547 2435 sueton.
576 2405 630 2433 Iul.
652 2405 685 2433 C.
705 2405 801 2434 XX..

254 2458 284 2494 3)
322 2455 437 2494 Supple
457 2454 551 2483 uerba
570 2453 639 2481 duo.
678 2454 717 2481 A.
736 2454 852 2482 Mucs.
