<?xml version="1.0" encoding="UTF-8"?>
<!DOCTYPE html PUBLIC "-//W3C//DTD XHTML 1.0 Transitional//EN"
    "http://www.w3.org/TR/xhtml1/DTD/xhtml1-transitional.dtd">
<html xmlns="http://www.w3.org/1999/xhtml" xml:lang="en" lang="en">
 <head>
  <title>
</title>
<meta http-equiv="Content-Type" content="text/html;charset=utf-8" />
  <meta name='ocr-system' content='tesseract 3.04.00' />
  <meta name='ocr-capabilities' content='ocr_page ocr_carea ocr_par ocr_line ocrx_word'/>
</head>
<body>
  <div class='ocr_page' id='page_1' title='image "./oratioprocnplanc00ciceuoft/oratioprocnplanc00ciceuoft_0222.png"; bbox 0 0 2185 2720; ppageno 0'>
   <div class='ocr_carea' id='block_1_1' title="bbox 137 163 1355 205">
    <p class='ocr_par' dir='ltr' id='par_1_1' title="bbox 137 163 1355 205">
     <span class='ocr_line' id='line_1_1' title="bbox 137 163 1355 205; baseline -0.011 -1"><span class='ocrx_word' id='word_1_1' title='bbox 137 179 189 205; x_wconf 82' lang='lat'><strong>106</strong></span> <span class='ocrx_word' id='word_1_2' title='bbox 788 163 1355 194; x_wconf 85' lang='lat' dir='ltr'><strong>COMMENTARIUS.</strong></span> 
     </span>
    </p>
   </div>
   <div class='ocr_carea' id='block_1_2' title="bbox 131 237 2014 498">
    <p class='ocr_par' dir='ltr' id='par_1_2' title="bbox 131 237 2014 498">
     <span class='ocr_line' id='line_1_2' title="bbox 213 237 2011 287; baseline -0.003 -11"><span class='ocrx_word' id='word_1_3' title='bbox 213 245 262 277; x_wconf 88' lang='lat' dir='ltr'><strong>Et</strong></span> <span class='ocrx_word' id='word_1_4' title='bbox 291 243 429 287; x_wconf 82' lang='lat' dir='ltr'><strong>quidem</strong></span> <span class='ocrx_word' id='word_1_5' title='bbox 461 240 615 281; x_wconf 83' lang='lat' dir='ltr'><strong>emissus)</strong></span> <span class='ocrx_word' id='word_1_6' title='bbox 658 240 709 272; x_wconf 81' lang='lat' dir='ltr'><strong>Et</strong></span> <span class='ocrx_word' id='word_1_7' title='bbox 734 240 872 284; x_wconf 78' lang='lat' dir='ltr'><strong>quidem</strong></span> <span class='ocrx_word' id='word_1_8' title='bbox 900 238 1092 272; x_wconf 85' lang='lat' dir='ltr'><strong>confitentis</strong></span> <span class='ocrx_word' id='word_1_9' title='bbox 1115 237 1373 280; x_wconf 75' lang='lat' dir='ltr'><strong>responsionem</strong></span> <span class='ocrx_word' id='word_1_10' title='bbox 1394 237 1578 280; x_wconf 81' lang='lat' dir='ltr'><strong>significat,</strong></span> <span class='ocrx_word' id='word_1_11' title='bbox 1614 250 1680 280; x_wconf 85' lang='lat' dir='ltr'><strong>qua</strong></span> <span class='ocrx_word' id='word_1_12' title='bbox 1710 244 1916 271; x_wconf 82' lang='lat' dir='ltr'><strong>excussatur.</strong></span> <span class='ocrx_word' id='word_1_13' title='bbox 1960 238 2011 271; x_wconf 82' lang='lat' dir='ltr'><strong>Ita</strong></span> 
     </span>
     <span class='ocr_line' id='line_1_3' title="bbox 131 290 2012 342; baseline -0.004 -12"><span class='ocrx_word' id='word_1_14' title='bbox 131 311 192 342; x_wconf 81' lang='lat' dir='ltr'><strong>pro</strong></span> <span class='ocrx_word' id='word_1_15' title='bbox 217 296 302 328; x_wconf 83' lang='lat' dir='ltr'><strong>Rab.</strong></span> <span class='ocrx_word' id='word_1_16' title='bbox 328 295 416 326; x_wconf 87' lang='lat' dir='ltr'><strong>Post.</strong></span> <span class='ocrx_word' id='word_1_17' title='bbox 437 295 467 326; x_wconf 80' lang='lat'><strong>8.</strong></span> <span class='ocrx_word' id='word_1_18' title='bbox 491 293 541 326; x_wconf 82' lang='lat' dir='ltr'><strong>At</strong></span> <span class='ocrx_word' id='word_1_19' title='bbox 563 292 743 326; x_wconf 77' lang='lat' dir='ltr'><strong>Dioecetes</strong></span> <span class='ocrx_word' id='word_1_20' title='bbox 756 291 839 336; x_wconf 79' lang='lat' dir='ltr'><strong>fuit</strong></span> <span class='ocrx_word' id='word_1_21' title='bbox 861 292 990 334; x_wconf 66' lang='lat' dir='ltr'><strong>regim.</strong></span> <span class='ocrx_word' id='word_1_22' title='bbox 1019 292 1069 323; x_wconf 83' lang='lat' dir='ltr'><strong>Et</strong></span> <span class='ocrx_word' id='word_1_23' title='bbox 1093 292 1230 335; x_wconf 80' lang='lat' dir='ltr'><strong>quidem</strong></span> <span class='ocrx_word' id='word_1_24' title='bbox 1256 291 1293 321; x_wconf 86' lang='lat' dir='ltr'><strong>in</strong></span> <span class='ocrx_word' id='word_1_25' title='bbox 1314 291 1473 323; x_wconf 73' lang='lat' dir='ltr'><strong>custodia</strong></span> <span class='ocrx_word' id='word_1_26' title='bbox 1496 291 1599 323; x_wconf 80' lang='lat' dir='ltr'><strong>etiam</strong></span> <span class='ocrx_word' id='word_1_27' title='bbox 1614 290 1696 334; x_wconf 75' lang='lat' dir='ltr'><strong>fait</strong></span> <span class='ocrx_word' id='word_1_28' title='bbox 1718 292 1828 334; x_wconf 84' lang='lat' dir='ltr'><strong>regia.</strong></span> <span class='ocrx_word' id='word_1_29' title='bbox 1858 292 1898 323; x_wconf 89' lang='lat' dir='ltr'><strong>In</strong></span> <span class='ocrx_word' id='word_1_30' title='bbox 1922 292 2012 324; x_wconf 89' lang='lat' dir='ltr'><strong>Lae-</strong></span> 
     </span>
     <span class='ocr_line' id='line_1_4' title="bbox 133 342 2014 390; baseline -0.005 -7"><span class='ocrx_word' id='word_1_31' title='bbox 133 353 178 384; x_wconf 86' lang='lat' dir='ltr'><strong>lio</strong></span> <span class='ocrx_word' id='word_1_32' title='bbox 203 361 254 382; x_wconf 79' lang='grc'><strong>21.</strong></span> <span class='ocrx_word' id='word_1_33' title='bbox 287 350 422 381; x_wconf 76' lang='lat' dir='ltr'><strong>Rarum</strong></span> <span class='ocrx_word' id='word_1_34' title='bbox 448 358 571 390; x_wconf 80' lang='lat' dir='ltr'><strong>genas.</strong></span> <span class='ocrx_word' id='word_1_35' title='bbox 613 344 664 377; x_wconf 76' lang='lat' dir='ltr'><strong>Et</strong></span> <span class='ocrx_word' id='word_1_36' title='bbox 691 345 829 388; x_wconf 78' lang='lat' dir='ltr'><strong>quidem</strong></span> <span class='ocrx_word' id='word_1_37' title='bbox 855 344 972 376; x_wconf 81' lang='lat' dir='ltr'><strong>omnia</strong></span> <span class='ocrx_word' id='word_1_38' title='bbox 995 344 1182 387; x_wconf 83' lang='lat' dir='ltr'><strong>praeclara</strong></span> <span class='ocrx_word' id='word_1_39' title='bbox 1212 354 1306 374; x_wconf 85' lang='lat' dir='ltr'><strong>rara.</strong></span> <span class='ocrx_word' id='word_1_40' title='bbox 1350 343 1461 381; x_wconf 79' lang='lat' dir='ltr'><strong>Nemo</strong></span> <span class='ocrx_word' id='word_1_41' title='bbox 1489 342 1748 381; x_wconf 78' lang='lat' dir='ltr'><strong>animaduertit3</strong></span> <span class='ocrx_word' id='word_1_42' title='bbox 1783 343 1871 374; x_wconf 83' lang='lat' dir='ltr'><strong>male</strong></span> <span class='ocrx_word' id='word_1_43' title='bbox 1899 343 2014 385; x_wconf 87' lang='lat' dir='ltr'><strong>itaque</strong></span> 
     </span>
     <span class='ocr_line' id='line_1_5' title="bbox 134 394 2014 442; baseline -0.004 -6"><span class='ocrx_word' id='word_1_44' title='bbox 134 415 250 436; x_wconf 71' lang='lat' dir='ltr'><strong>omues</strong></span> <span class='ocrx_word' id='word_1_45' title='bbox 274 401 573 442; x_wconf 80' lang='lat' dir='ltr'><strong>interpuuxerunt.</strong></span> <span class='ocrx_word' id='word_1_46' title='bbox 598 397 859 429; x_wconf 75' lang='lat' dir='ltr'><strong>GARATONIUS.</strong></span> <span class='ocrx_word' id='word_1_47' title='bbox 903 395 1015 428; x_wconf 81' lang='lat' dir='ltr'>Addit</span> <span class='ocrx_word' id='word_1_48' title='bbox 1038 395 1159 427; x_wconf 83' lang='lat' dir='ltr'><strong>Bakius</strong></span> <span class='ocrx_word' id='word_1_49' title='bbox 1182 394 1224 426; x_wconf 88' lang='lat' dir='ltr'><strong>de</strong></span> <span class='ocrx_word' id='word_1_50' title='bbox 1248 394 1437 437; x_wconf 82' lang='lat' dir='ltr'><strong>Legg.&#39;111‚</strong></span> <span class='ocrx_word' id='word_1_51' title='bbox 1465 406 1513 427; x_wconf 89' lang='lat'><strong>10.</strong></span> <span class='ocrx_word' id='word_1_52' title='bbox 1537 401 1576 427; x_wconf 83' lang='lat' dir='ltr'><strong>at</strong></span> <span class='ocrx_word' id='word_1_53' title='bbox 1597 395 1786 439; x_wconf 77' lang='lat' dir='ltr'><strong>aliquando</strong></span> <span class='ocrx_word' id='word_1_54' title='bbox 1809 395 2014 429; x_wconf 78' lang='lat' dir='ltr'><em>incenditur.</em></span> 
     </span>
     <span class='ocr_line' id='line_1_6' title="bbox 134 446 1526 498; baseline -0.006 -12"><span class='ocrx_word' id='word_1_55' title='bbox 134 458 182 489; x_wconf 83' lang='lat' dir='ltr'><strong>Et</strong></span> <span class='ocrx_word' id='word_1_56' title='bbox 208 454 345 498; x_wconf 74' lang='lat' dir='ltr'><strong>quidem</strong></span> <span class='ocrx_word' id='word_1_57' title='bbox 367 463 467 494; x_wconf 74' lang='lat' dir='ltr'><strong>saepe</strong></span> <span class='ocrx_word' id='word_1_58' title='bbox 489 450 642 483; x_wconf 73' lang='lat' dir='ltr'><strong>sedatur.</strong></span> <span class='ocrx_word' id='word_1_59' title='bbox 1518 446 1526 452; x_wconf 84' lang='grc'><em>”</em></span> 
     </span>
    </p>
   </div>
   <div class='ocr_carea' id='block_1_3' title="bbox 135 550 2027 2474">
    <p class='ocr_par' dir='ltr' id='par_1_3' title="bbox 135 550 2027 2474">
     <span class='ocr_line' id='line_1_7' title="bbox 217 550 2017 600; baseline -0.003 -11"><span class='ocrx_word' id='word_1_60' title='bbox 217 558 315 590; x_wconf 79' lang='lat' dir='ltr'><strong>Idem.</strong></span> <span class='ocrx_word' id='word_1_61' title='bbox 334 561 454 600; x_wconf 83' lang='lat' dir='ltr'><strong>postea</strong></span> <span class='ocrx_word' id='word_1_62' title='bbox 470 554 736 599; x_wconf 76' lang='lat' dir='ltr'><em>praemandatis</em></span> <span class='ocrx_word' id='word_1_63' title='bbox 761 553 961 598; x_wconf 77' lang='lat' dir='ltr'><strong>requisitus)</strong></span> <span class='ocrx_word' id='word_1_64' title='bbox 1005 552 1215 595; x_wconf 84' lang='lat' dir='ltr'><strong>Magnopere</strong></span> <span class='ocrx_word' id='word_1_65' title='bbox 1244 550 1278 583; x_wconf 88' lang='lat' dir='ltr'><strong>in</strong></span> <span class='ocrx_word' id='word_1_66' title='bbox 1302 551 1366 583; x_wconf 90' lang='lat' dir='ltr'><strong>hoc</strong></span> <span class='ocrx_word' id='word_1_67' title='bbox 1388 551 1463 582; x_wconf 89' lang='lat' dir='ltr'><strong>loco</strong></span> <span class='ocrx_word' id='word_1_68' title='bbox 1487 550 1634 584; x_wconf 77' lang='lat' dir='ltr'><strong>editores</strong></span> <span class='ocrx_word' id='word_1_69' title='bbox 1655 551 1879 594; x_wconf 83' lang='lat' dir='ltr'><strong>hominesque</strong></span> <span class='ocrx_word' id='word_1_70' title='bbox 1901 551 2017 584; x_wconf 76' lang='lat' dir='ltr'><strong>doctos</strong></span> 
     </span>
     <span class='ocr_line' id='line_1_8' title="bbox 135 603 2020 652; baseline -0.004 -8"><span class='ocrx_word' id='word_1_71' title='bbox 135 611 276 644; x_wconf 82' lang='lat' dir='ltr'><strong>uerbum</strong></span> <span class='ocrx_word' id='word_1_72' title='bbox 300 608 565 652; x_wconf 80' lang='lat' dir='ltr'><strong>praemandatis</strong></span> <span class='ocrx_word' id='word_1_73' title='bbox 590 606 700 639; x_wconf 86' lang='lat' dir='ltr'><strong>torsit.</strong></span> <span class='ocrx_word' id='word_1_74' title='bbox 741 607 794 639; x_wconf 91' lang='lat' dir='ltr'><strong>Ac</strong></span> <span class='ocrx_word' id='word_1_75' title='bbox 810 605 966 649; x_wconf 83' lang='lat' dir='ltr'><strong>plerique</strong></span> <span class='ocrx_word' id='word_1_76' title='bbox 990 605 1127 647; x_wconf 87' lang='lat' dir='ltr'><strong>quidem</strong></span> <span class='ocrx_word' id='word_1_77' title='bbox 1149 615 1218 636; x_wconf 89' lang='lat' dir='ltr'><strong>non</strong></span> <span class='ocrx_word' id='word_1_78' title='bbox 1243 603 1452 643; x_wconf 78' lang='lat' dir='ltr'><strong>dubitarunt,</strong></span> <span class='ocrx_word' id='word_1_79' title='bbox 1479 603 1561 646; x_wconf 91' lang='lat' dir='ltr'><strong>quin</strong></span> <span class='ocrx_word' id='word_1_80' title='bbox 1585 609 1784 646; x_wconf 82' lang='lat' dir='ltr'><strong>corruptum</strong></span> <span class='ocrx_word' id='word_1_81' title='bbox 1807 609 1904 635; x_wconf 80' lang='lat' dir='ltr'><strong>esset.</strong></span> <span class='ocrx_word' id='word_1_82' title='bbox 1926 604 2020 636; x_wconf 86' lang='lat' dir='ltr'><strong>Hinc</strong></span> 
     </span>
     <span class='ocr_line' id='line_1_9' title="bbox 137 655 2020 702; baseline -0.002 -10"><span class='ocrx_word' id='word_1_83' title='bbox 137 661 321 699; x_wconf 40' lang='lat' dir='ltr'><strong>&#39;sm-,nebus</strong></span> <span class='ocrx_word' id='word_1_84' title='bbox 345 659 464 690; x_wconf 85' lang='lat' dir='ltr'><strong>coiecit</strong></span> <span class='ocrx_word' id='word_1_85' title='bbox 483 659 659 702; x_wconf 82' lang='lat' dir='ltr'><strong>praetoris</strong></span> <span class='ocrx_word' id='word_1_86' title='bbox 686 660 868 696; x_wconf 81' lang='lat' dir='ltr'><strong>mandata,</strong></span> <span class='ocrx_word' id='word_1_87' title='bbox 920 657 1152 700; x_wconf 83' lang='lat' dir='ltr'><strong>persuasitque</strong></span> <span class='ocrx_word' id='word_1_88' title='bbox 1175 667 1292 687; x_wconf 88' lang='lat' dir='ltr'><strong>ueram</strong></span> <span class='ocrx_word' id='word_1_89' title='bbox 1315 655 1561 687; x_wconf 81' lang='lat' dir='ltr'><strong>correctionem</strong></span> <span class='ocrx_word' id='word_1_90' title='bbox 1582 667 1654 687; x_wconf 90' lang='lat' dir='ltr'><strong>esse</strong></span> <span class='ocrx_word' id='word_1_91' title='bbox 1676 655 1866 697; x_wconf 86' lang='lat' dir='ltr'><strong>Lambino,</strong></span> <span class='ocrx_word' id='word_1_92' title='bbox 1908 657 2020 688; x_wconf 86' lang='lat' dir='ltr'><strong>Grae-</strong></span> 
     </span>
     <span class='ocr_line' id='line_1_10' title="bbox 136 707 2019 751; baseline -0.004 -3"><span class='ocrx_word' id='word_1_93' title='bbox 136 717 211 751; x_wconf 77' lang='lat' dir='ltr'><strong>uio,</strong></span> <span class='ocrx_word' id='word_1_94' title='bbox 236 710 408 749; x_wconf 71' lang='lat' dir='ltr'><strong>Feri-atio,</strong></span> <span class='ocrx_word' id='word_1_95' title='bbox 433 711 458 741; x_wconf 92' lang='lat' dir='ltr'><strong>I.</strong></span> <span class='ocrx_word' id='word_1_96' title='bbox 483 710 540 741; x_wconf 85' lang='lat' dir='ltr'><strong>Fr.</strong></span> <span class='ocrx_word' id='word_1_97' title='bbox 565 709 744 741; x_wconf 91' lang='lat' dir='ltr'><strong>Gronouio</strong></span> <span class='ocrx_word' id='word_1_98' title='bbox 768 710 803 741; x_wconf 90' lang='lat' dir='ltr'><strong>in</strong></span> <span class='ocrx_word' id='word_1_99' title='bbox 826 709 916 740; x_wconf 89' lang='lat' dir='ltr'><strong>notis</strong></span> <span class='ocrx_word' id='word_1_100' title='bbox 936 708 979 739; x_wconf 83' lang='lat' dir='ltr'><strong>ad</strong></span> <span class='ocrx_word' id='word_1_101' title='bbox 1003 709 1095 740; x_wconf 80' lang='lat' dir='ltr'><strong>Gelli</strong></span> <span class='ocrx_word' id='word_1_102' title='bbox 1118 710 1164 741; x_wconf 90' lang='lat' dir='ltr'><strong>N.</strong></span> <span class='ocrx_word' id='word_1_103' title='bbox 1187 709 1231 740; x_wconf 93' lang='lat' dir='ltr'><strong>A.</strong></span> <span class='ocrx_word' id='word_1_104' title='bbox 1255 708 1325 747; x_wconf 86' lang='lat' dir='ltr'><strong>IV,</strong></span> <span class='ocrx_word' id='word_1_105' title='bbox 1354 719 1380 739; x_wconf 92' lang='grc'><strong>1.</strong></span> <span class='ocrx_word' id='word_1_106' title='bbox 1403 719 1437 750; x_wconf 90' lang='lat' dir='ltr'><strong>p.</strong></span> <span class='ocrx_word' id='word_1_107' title='bbox 1462 707 1534 748; x_wconf 84' lang='lat'><strong>86.,</strong></span> <span class='ocrx_word' id='word_1_108' title='bbox 1562 707 1742 746; x_wconf 86' lang='lat' dir='ltr'><strong>Schutzio‚</strong></span> <span class='ocrx_word' id='word_1_109' title='bbox 1763 707 1916 750; x_wconf 84' lang='lat' dir='ltr'><strong>aliisque.</strong></span> <span class='ocrx_word' id='word_1_110' title='bbox 1947 710 2019 741; x_wconf 88' lang='lat' dir='ltr'><strong>Iam</strong></span> 
     </span>
     <span class='ocr_line' id='line_1_11' title="bbox 137 759 2020 807; baseline -0.004 -6"><span class='ocrx_word' id='word_1_111' title='bbox 137 769 198 801; x_wconf 78' lang='lat' dir='ltr'><strong>elsi</strong></span> <span class='ocrx_word' id='word_1_112' title='bbox 222 778 259 797; x_wconf 83' lang='lat' dir='ltr'><strong>ea</strong></span> <span class='ocrx_word' id='word_1_113' title='bbox 282 765 355 807; x_wconf 86' lang='lat' dir='ltr'><strong>ipsa</strong></span> <span class='ocrx_word' id='word_1_114' title='bbox 378 761 542 792; x_wconf 86' lang='lat' dir='ltr'><strong>correctio</strong></span> <span class='ocrx_word' id='word_1_115' title='bbox 566 763 672 793; x_wconf 86' lang='lat' dir='ltr'><strong>trium</strong></span> <span class='ocrx_word' id='word_1_116' title='bbox 695 762 848 793; x_wconf 88' lang='lat' dir='ltr'><strong>codicum</strong></span> <span class='ocrx_word' id='word_1_117' title='bbox 873 761 1072 793; x_wconf 79' lang='lat' dir='ltr'><strong>auctoritate</strong></span> <span class='ocrx_word' id='word_1_118' title='bbox 1095 759 1288 792; x_wconf 86' lang='lat' dir='ltr'><strong>confirmari</strong></span> <span class='ocrx_word' id='word_1_119' title='bbox 1310 766 1422 802; x_wconf 87' lang='lat' dir='ltr'><strong>potest</strong></span> <span class='ocrx_word' id='word_1_120' title='bbox 1444 760 1565 800; x_wconf 85' lang='lat' dir='ltr'><strong>uideri,</strong></span> <span class='ocrx_word' id='word_1_121' title='bbox 1589 771 1736 802; x_wconf 84' lang='lat' dir='ltr'><strong>quorum</strong></span> <span class='ocrx_word' id='word_1_122' title='bbox 1757 759 1794 790; x_wconf 91' lang='lat' dir='ltr'><strong>in</strong></span> <span class='ocrx_word' id='word_1_123' title='bbox 1815 771 1884 791; x_wconf 91' lang='lat' dir='ltr'><strong>uno</strong></span> <span class='ocrx_word' id='word_1_124' title='bbox 1907 761 2020 804; x_wconf 87' lang='lat' dir='ltr'><strong>ipsum</strong></span> 
     </span>
     <span class='ocr_line' id='line_1_12' title="bbox 138 812 2021 862; baseline -0.004 -9"><span class='ocrx_word' id='word_1_125' title='bbox 138 822 215 853; x_wconf 86' lang='lat' dir='ltr'><strong>illut</strong></span> <span class='ocrx_word' id='word_1_126' title='bbox 239 815 413 862; x_wconf 70' lang='lat' dir='ltr'><strong>praetoris</strong></span> <span class='ocrx_word' id='word_1_127' title='bbox 436 814 624 853; x_wconf 77' lang='lat' dir='ltr'><strong>mandata,</strong></span> <span class='ocrx_word' id='word_1_128' title='bbox 656 814 693 846; x_wconf 91' lang='lat' dir='ltr'><strong>in</strong></span> <span class='ocrx_word' id='word_1_129' title='bbox 716 814 846 845; x_wconf 89' lang='lat' dir='ltr'><strong>duobus</strong></span> <span class='ocrx_word' id='word_1_130' title='bbox 878 813 1018 856; x_wconf 88' lang='lat' dir='ltr'><strong>reliquis</strong></span> <span class='ocrx_word' id='word_1_131' title='bbox 1044 814 1219 856; x_wconf 80' lang='lat' dir='ltr'><strong>praetoris</strong></span> <span class='ocrx_word' id='word_1_132' title='bbox 1241 813 1418 845; x_wconf 81' lang='lat' dir='ltr'><strong>mandatis</strong></span> <span class='ocrx_word' id='word_1_133' title='bbox 1447 812 1612 855; x_wconf 88' lang='lat' dir='ltr'><strong>scriptum</strong></span> <span class='ocrx_word' id='word_1_134' title='bbox 1633 818 1743 851; x_wconf 82' lang='lat' dir='ltr'><strong>extet,</strong></span> <span class='ocrx_word' id='word_1_135' title='bbox 1776 818 1889 844; x_wconf 88' lang='lat' dir='ltr'><strong>tamen</strong></span> <span class='ocrx_word' id='word_1_136' title='bbox 1910 825 2021 856; x_wconf 88' lang='lat' dir='ltr'><strong>neque</strong></span> 
     </span>
     <span class='ocr_line' id='line_1_13' title="bbox 139 864 2023 908; baseline -0.005 -3"><span class='ocrx_word' id='word_1_137' title='bbox 139 872 295 905; x_wconf 84' lang='lat' dir='ltr'><strong>codicum</strong></span> <span class='ocrx_word' id='word_1_138' title='bbox 320 866 461 899; x_wconf 88' lang='lat' dir='ltr'><strong>illorum</strong></span> <span class='ocrx_word' id='word_1_139' title='bbox 484 876 604 897; x_wconf 88' lang='lat' dir='ltr'><strong>reuera</strong></span> <span class='ocrx_word' id='word_1_140' title='bbox 626 867 728 898; x_wconf 87' lang='lat' dir='ltr'><strong>ullast</strong></span> <span class='ocrx_word' id='word_1_141' title='bbox 749 865 947 905; x_wconf 81' lang='lat' dir='ltr'><strong>auctoritas,</strong></span> <span class='ocrx_word' id='word_1_142' title='bbox 972 871 1005 896; x_wconf 91' lang='lat' dir='ltr'><strong>et</strong></span> <span class='ocrx_word' id='word_1_143' title='bbox 1027 876 1045 895; x_wconf 90' lang='lat' dir='ltr'><strong>e</strong></span> <span class='ocrx_word' id='word_1_144' title='bbox 1067 866 1233 897; x_wconf 87' lang='lat' dir='ltr'><strong>sententia</strong></span> <span class='ocrx_word' id='word_1_145' title='bbox 1255 865 1322 897; x_wconf 90' lang='lat' dir='ltr'><strong>loci</strong></span> <span class='ocrx_word' id='word_1_146' title='bbox 1344 865 1540 897; x_wconf 86' lang='lat' dir='ltr'><strong>certissume</strong></span> <span class='ocrx_word' id='word_1_147' title='bbox 1562 871 1674 908; x_wconf 86' lang='lat' dir='ltr'><strong>potest</strong></span> <span class='ocrx_word' id='word_1_148' title='bbox 1696 864 1938 905; x_wconf 78' lang='lat' dir='ltr'><strong>demonstrari,</strong></span> <span class='ocrx_word' id='word_1_149' title='bbox 1963 865 2023 897; x_wconf 93' lang='lat' dir='ltr'><strong>Ci-</strong></span> 
     </span>
     <span class='ocr_line' id='line_1_14' title="bbox 137 916 2022 961; baseline -0.004 -4"><span class='ocrx_word' id='word_1_150' title='bbox 137 933 297 957; x_wconf 87' lang='lat' dir='ltr'><strong>ceronem</strong></span> <span class='ocrx_word' id='word_1_151' title='bbox 326 919 373 950; x_wconf 84' lang='lat' dir='ltr'><strong>ita</strong></span> <span class='ocrx_word' id='word_1_152' title='bbox 394 919 490 950; x_wconf 90' lang='lat' dir='ltr'><strong>nullo</strong></span> <span class='ocrx_word' id='word_1_153' title='bbox 521 924 618 961; x_wconf 86' lang='lat' dir='ltr'><strong>pacto</strong></span> <span class='ocrx_word' id='word_1_154' title='bbox 641 919 791 961; x_wconf 87' lang='lat' dir='ltr'><strong>potuisse</strong></span> <span class='ocrx_word' id='word_1_155' title='bbox 814 918 977 956; x_wconf 74' lang='lat' dir='ltr'><strong>scribere,</strong></span> <span class='ocrx_word' id='word_1_156' title='bbox 1001 917 1037 948; x_wconf 87' lang='lat' dir='ltr'><strong>id</strong></span> <span class='ocrx_word' id='word_1_157' title='bbox 1061 916 1152 958; x_wconf 87' lang='lat' dir='ltr'><strong>quod</strong></span> <span class='ocrx_word' id='word_1_158' title='bbox 1174 917 1366 955; x_wconf 81' lang='lat' dir='ltr'><strong>Manutius,</strong></span> <span class='ocrx_word' id='word_1_159' title='bbox 1398 918 1592 957; x_wconf 88' lang='lat' dir='ltr'><strong>Ernestius‚</strong></span> <span class='ocrx_word' id='word_1_160' title='bbox 1623 928 1851 959; x_wconf 81' lang='lat' dir='ltr'><strong>maxumeque</strong></span> <span class='ocrx_word' id='word_1_161' title='bbox 1875 918 2022 949; x_wconf 81' lang='lat' dir='ltr'><strong>Garato-</strong></span> 
     </span>
     <span class='ocr_line' id='line_1_15' title="bbox 137 969 2022 1012; baseline -0.004 -3"><span class='ocrx_word' id='word_1_162' title='bbox 137 977 213 1009; x_wconf 88' lang='lat' dir='ltr'><strong>uius</strong></span> <span class='ocrx_word' id='word_1_163' title='bbox 235 972 335 1005; x_wconf 85' lang='lat' dir='ltr'><strong>uidit.</strong></span> <span class='ocrx_word' id='word_1_164' title='bbox 379 970 534 1001; x_wconf 87' lang='lat' dir='ltr'><strong>Primum</strong></span> <span class='ocrx_word' id='word_1_165' title='bbox 556 970 647 1002; x_wconf 87' lang='lat' dir='ltr'><strong>enim</strong></span> <span class='ocrx_word' id='word_1_166' title='bbox 674 971 818 1002; x_wconf 87' lang='lat' dir='ltr'><strong>uerbum</strong></span> <span class='ocrx_word' id='word_1_167' title='bbox 840 971 1010 1003; x_wconf 66' lang='lat' dir='ltr'><strong>mandcda</strong></span> <span class='ocrx_word' id='word_1_168' title='bbox 1035 969 1184 1000; x_wconf 86' lang='lat' dir='ltr'><strong>alienum</strong></span> <span class='ocrx_word' id='word_1_169' title='bbox 1215 969 1256 1000; x_wconf 89' lang='lat' dir='ltr'><strong>ab</strong></span> <span class='ocrx_word' id='word_1_170' title='bbox 1279 969 1412 1012; x_wconf 86' lang='lat' dir='ltr'><strong>inperio</strong></span> <span class='ocrx_word' id='word_1_171' title='bbox 1436 976 1469 1001; x_wconf 82' lang='lat' dir='ltr'><strong>et</strong></span> <span class='ocrx_word' id='word_1_172' title='bbox 1491 969 1723 1001; x_wconf 88' lang='lat' dir='ltr'><strong>iurisdictione</strong></span> <span class='ocrx_word' id='word_1_173' title='bbox 1745 969 1916 1012; x_wconf 88' lang='lat' dir='ltr'><strong>praetoria</strong></span> <span class='ocrx_word' id='word_1_174' title='bbox 1941 981 2022 1010; x_wconf 85' lang='lat' dir='ltr'><strong>esse,</strong></span> 
     </span>
     <span class='ocr_line' id='line_1_16' title="bbox 138 1021 2024 1065; baseline -0.003 -5"><span class='ocrx_word' id='word_1_175' title='bbox 138 1025 393 1065; x_wconf 83' lang='lat' dir='ltr'><strong>necessarioque</strong></span> <span class='ocrx_word' id='word_1_176' title='bbox 415 1023 534 1054; x_wconf 85' lang='lat' dir='ltr'><strong>saltem</strong></span> <span class='ocrx_word' id='word_1_177' title='bbox 560 1023 658 1055; x_wconf 73' lang='lat' dir='ltr'><strong>iussu</strong></span> <span class='ocrx_word' id='word_1_178' title='bbox 682 1021 785 1055; x_wconf 88' lang='lat' dir='ltr'><strong>fuisse</strong></span> <span class='ocrx_word' id='word_1_179' title='bbox 808 1022 1008 1061; x_wconf 87' lang='lat' dir='ltr'><strong>dicendum,</strong></span> <span class='ocrx_word' id='word_1_180' title='bbox 1041 1027 1132 1053; x_wconf 85' lang='lat' dir='ltr'><strong>recte</strong></span> <span class='ocrx_word' id='word_1_181' title='bbox 1157 1022 1361 1054; x_wconf 82' lang='lat' dir='ltr'><strong>Garatonius</strong></span> <span class='ocrx_word' id='word_1_182' title='bbox 1383 1022 1528 1053; x_wconf 87' lang='lat' dir='ltr'><strong>monuit.</strong></span> <span class='ocrx_word' id='word_1_183' title='bbox 1571 1021 1706 1054; x_wconf 86' lang='lat' dir='ltr'><strong>Deinde</strong></span> <span class='ocrx_word' id='word_1_184' title='bbox 1729 1021 1883 1053; x_wconf 85' lang='lat' dir='ltr'><strong>minume</strong></span> <span class='ocrx_word' id='word_1_185' title='bbox 1900 1033 2024 1054; x_wconf 77' lang='lat' dir='ltr'><strong>excus-</strong></span> 
     </span>
     <span class='ocr_line' id='line_1_17' title="bbox 139 1073 2023 1118; baseline -0.004 -5"><span class='ocrx_word' id='word_1_186' title='bbox 139 1087 232 1113; x_wconf 87' lang='lat' dir='ltr'><strong>satur</strong></span> <span class='ocrx_word' id='word_1_187' title='bbox 253 1075 424 1115; x_wconf 83' lang='lat' dir='ltr'><strong>Plancius,</strong></span> <span class='ocrx_word' id='word_1_188' title='bbox 448 1075 477 1106; x_wconf 90' lang='lat' dir='ltr'><strong>si</strong></span> <span class='ocrx_word' id='word_1_189' title='bbox 500 1074 591 1116; x_wconf 91' lang='lat' dir='ltr'><strong>quod</strong></span> <span class='ocrx_word' id='word_1_190' title='bbox 614 1074 686 1117; x_wconf 85' lang='lat' dir='ltr'><strong>ipse</strong></span> <span class='ocrx_word' id='word_1_191' title='bbox 707 1086 770 1117; x_wconf 89' lang='lat' dir='ltr'><strong>per</strong></span> <span class='ocrx_word' id='word_1_192' title='bbox 792 1074 1046 1118; x_wconf 83' lang='lat' dir='ltr'><strong>inprudentiam</strong></span> <span class='ocrx_word' id='word_1_193' title='bbox 1070 1073 1246 1114; x_wconf 86' lang='lat' dir='ltr'><strong>conmisit,</strong></span> <span class='ocrx_word' id='word_1_194' title='bbox 1269 1074 1380 1105; x_wconf 86' lang='lat' dir='ltr'><strong>alieno</strong></span> <span class='ocrx_word' id='word_1_195' title='bbox 1402 1074 1568 1116; x_wconf 83' lang='lat' dir='ltr'><strong>praetoris</strong></span> <span class='ocrx_word' id='word_1_196' title='bbox 1591 1074 1732 1105; x_wconf 90' lang='lat' dir='ltr'><strong>consilio</strong></span> <span class='ocrx_word' id='word_1_197' title='bbox 1755 1080 1945 1106; x_wconf 88' lang='lat' dir='ltr'><strong>correctum</strong></span> <span class='ocrx_word' id='word_1_198' title='bbox 1968 1074 2023 1106; x_wconf 90' lang='lat' dir='ltr'><strong>di-</strong></span> 
     </span>
     <span class='ocr_line' id='line_1_18' title="bbox 138 1126 2023 1170; baseline -0.003 -6"><span class='ocrx_word' id='word_1_199' title='bbox 138 1133 237 1164; x_wconf 85' lang='lat' dir='ltr'><strong>citur.</strong></span> <span class='ocrx_word' id='word_1_200' title='bbox 282 1129 400 1169; x_wconf 77' lang='lat' dir='ltr'><strong>Itaque</strong></span> <span class='ocrx_word' id='word_1_201' title='bbox 421 1126 594 1159; x_wconf 59' lang='lat' dir='ltr'><strong>llIauutius</strong></span> <span class='ocrx_word' id='word_1_202' title='bbox 617 1127 683 1169; x_wconf 86' lang='lat' dir='ltr'><strong>legi</strong></span> <span class='ocrx_word' id='word_1_203' title='bbox 712 1127 822 1158; x_wconf 86' lang='lat' dir='ltr'><strong>uoluit</strong></span> <span class='ocrx_word' id='word_1_204' title='bbox 844 1133 902 1157; x_wconf 89' lang='lat' dir='ltr'><strong>aut</strong></span> <span class='ocrx_word' id='word_1_205' title='bbox 918 1138 1068 1170; x_wconf 76' lang='lat' dir='ltr'><strong>propere</strong></span> <span class='ocrx_word' id='word_1_206' title='bbox 1089 1127 1284 1165; x_wconf 77' lang='lat' dir='ltr'><strong>mandatis,</strong></span> <span class='ocrx_word' id='word_1_207' title='bbox 1322 1132 1381 1157; x_wconf 86' lang='lat' dir='ltr'><strong>aut</strong></span> <span class='ocrx_word' id='word_1_208' title='bbox 1396 1138 1463 1169; x_wconf 80' lang='lat' dir='ltr'><strong>per</strong></span> <span class='ocrx_word' id='word_1_209' title='bbox 1482 1127 1659 1159; x_wconf 80' lang='lat' dir='ltr'><strong>mandata.</strong></span> <span class='ocrx_word' id='word_1_210' title='bbox 1703 1126 1909 1158; x_wconf 84' lang='lat' dir='ltr'><strong>Garatonius</strong></span> <span class='ocrx_word' id='word_1_211' title='bbox 1939 1126 2023 1158; x_wconf 83' lang='lat' dir='ltr'><strong>haec</strong></span> 
     </span>
     <span class='ocr_line' id='line_1_19' title="bbox 140 1176 2022 1223; baseline -0.005 -6"><span class='ocrx_word' id='word_1_212' title='bbox 140 1182 294 1217; x_wconf 86' lang='lat' dir='ltr'><strong>monuit:</strong></span> <span class='ocrx_word' id='word_1_213' title='bbox 331 1179 483 1219; x_wconf 87' lang='lat' dir='ltr'><strong>„Statim</strong></span> <span class='ocrx_word' id='word_1_214' title='bbox 507 1178 543 1209; x_wconf 88' lang='lat' dir='ltr'><strong>in</strong></span> <span class='ocrx_word' id='word_1_215' title='bbox 565 1185 715 1210; x_wconf 84' lang='lat' dir='ltr'><strong>mentem</strong></span> <span class='ocrx_word' id='word_1_216' title='bbox 737 1179 848 1218; x_wconf 87' lang='lat' dir='ltr'><strong>uenit,</strong></span> <span class='ocrx_word' id='word_1_217' title='bbox 882 1184 921 1209; x_wconf 85' lang='lat' dir='ltr'><strong>ut</strong></span> <span class='ocrx_word' id='word_1_218' title='bbox 945 1179 1162 1211; x_wconf 78' lang='lat' dir='ltr'><strong>emendarem</strong></span> <span class='ocrx_word' id='word_1_219' title='bbox 1186 1179 1356 1223; x_wconf 80' lang='lat' dir='ltr'><strong>praemiis</strong></span> <span class='ocrx_word' id='word_1_220' title='bbox 1378 1179 1482 1212; x_wconf 80' lang='lat' dir='ltr'><strong>datis.</strong></span> <span class='ocrx_word' id='word_1_221' title='bbox 1525 1180 1657 1211; x_wconf 88' lang='lat' dir='ltr'><strong>Uerum</strong></span> <span class='ocrx_word' id='word_1_222' title='bbox 1678 1178 1805 1217; x_wconf 86' lang='lat' dir='ltr'><strong>obstat,</strong></span> <span class='ocrx_word' id='word_1_223' title='bbox 1839 1176 1932 1219; x_wconf 82' lang='lat' dir='ltr'><strong>quod</strong></span> <span class='ocrx_word' id='word_1_224' title='bbox 1952 1189 2022 1209; x_wconf 86' lang='lat' dir='ltr'><strong>non</strong></span> 
     </span>
     <span class='ocr_line' id='line_1_20' title="bbox 140 1230 2024 1275; baseline -0.003 -6"><span class='ocrx_word' id='word_1_225' title='bbox 140 1240 304 1270; x_wconf 79' lang='lat' dir='ltr'><strong>retractus</strong></span> <span class='ocrx_word' id='word_1_226' title='bbox 327 1232 386 1262; x_wconf 87' lang='lat' dir='ltr'><strong>ille</strong></span> <span class='ocrx_word' id='word_1_227' title='bbox 407 1230 634 1273; x_wconf 85' lang='lat' dir='ltr'><strong>reductusque</strong></span> <span class='ocrx_word' id='word_1_228' title='bbox 657 1231 801 1271; x_wconf 87' lang='lat' dir='ltr'><strong>dieitur,</strong></span> <span class='ocrx_word' id='word_1_229' title='bbox 832 1237 882 1262; x_wconf 85' lang='lat' dir='ltr'><strong>set</strong></span> <span class='ocrx_word' id='word_1_230' title='bbox 903 1237 1036 1262; x_wconf 87' lang='lat' dir='ltr'><strong>tantum</strong></span> <span class='ocrx_word' id='word_1_231' title='bbox 1060 1232 1257 1275; x_wconf 78' lang='lat' dir='ltr'><strong>requisitus.</strong></span> <span class='ocrx_word' id='word_1_232' title='bbox 1303 1231 1407 1262; x_wconf 90' lang='lat' dir='ltr'><strong>Corn.</strong></span> <span class='ocrx_word' id='word_1_233' title='bbox 1430 1232 1520 1274; x_wconf 87' lang='lat' dir='ltr'><strong>Nep.</strong></span> <span class='ocrx_word' id='word_1_234' title='bbox 1543 1232 1645 1263; x_wconf 87' lang='lat' dir='ltr'><strong>Eum.</strong></span> <span class='ocrx_word' id='word_1_235' title='bbox 1667 1231 1711 1271; x_wconf 89' lang='lat' dir='ltr'><strong>II,</strong></span> <span class='ocrx_word' id='word_1_236' title='bbox 1735 1241 1766 1262; x_wconf 77' lang='lat'><strong>2.</strong></span> <span class='ocrx_word' id='word_1_237' title='bbox 1789 1231 1852 1263; x_wconf 81' lang='lat' dir='ltr'><strong>hoc</strong></span> <span class='ocrx_word' id='word_1_238' title='bbox 1873 1235 2024 1274; x_wconf 82' lang='lat' dir='ltr'><strong>tempore</strong></span> 
     </span>
     <span class='ocr_line' id='line_1_21' title="bbox 142 1282 2024 1327; baseline -0.005 -4"><span class='ocrx_word' id='word_1_239' title='bbox 142 1293 225 1323; x_wconf 77' lang='lat' dir='ltr'><strong>data</strong></span> <span class='ocrx_word' id='word_1_240' title='bbox 250 1292 299 1319; x_wconf 84' lang='lat' dir='ltr'><strong>est</strong></span> <span class='ocrx_word' id='word_1_241' title='bbox 323 1284 474 1316; x_wconf 70' lang='lat' dir='ltr'><strong>Ezmzeni</strong></span> <span class='ocrx_word' id='word_1_242' title='bbox 497 1282 733 1326; x_wconf 77' lang='lat' dir='ltr'><strong>Cappadocia,</strong></span> <span class='ocrx_word' id='word_1_243' title='bbox 759 1285 834 1316; x_wconf 73' lang='lat' dir='ltr'><strong>sine</strong></span> <span class='ocrx_word' id='word_1_244' title='bbox 850 1284 971 1327; x_wconf 74' lang='lat' dir='ltr'><strong>potius</strong></span> <span class='ocrx_word' id='word_1_245' title='bbox 996 1285 1109 1316; x_wconf 74' lang='lat' dir='ltr'><strong>clieta:</strong></span> <span class='ocrx_word' id='word_1_246' title='bbox 1139 1296 1221 1316; x_wconf 83' lang='lat' dir='ltr'><strong>nam</strong></span> <span class='ocrx_word' id='word_1_247' title='bbox 1242 1289 1318 1315; x_wconf 83' lang='lat' dir='ltr'><strong>tum</strong></span> <span class='ocrx_word' id='word_1_248' title='bbox 1339 1289 1415 1315; x_wconf 81' lang='lat' dir='ltr'><strong>erat</strong></span> <span class='ocrx_word' id='word_1_249' title='bbox 1436 1285 1472 1316; x_wconf 76' lang='lat' dir='ltr'><strong>in</strong></span> <span class='ocrx_word' id='word_1_250' title='bbox 1495 1285 1646 1317; x_wconf 73' lang='lat' dir='ltr'><strong>hostium</strong></span> <span class='ocrx_word' id='word_1_251' title='bbox 1663 1288 1846 1327; x_wconf 79' lang='lat' dir='ltr'><strong>potestate.</strong></span> <span class='ocrx_word' id='word_1_252' title='bbox 1891 1282 2024 1325; x_wconf 85' lang='lat' dir='ltr'><strong>Quam-</strong></span> 
     </span>
     <span class='ocr_line' id='line_1_22' title="bbox 142 1334 2025 1385; baseline -0.003 -12"><span class='ocrx_word' id='word_1_253' title='bbox 142 1351 242 1385; x_wconf 84' lang='lat' dir='ltr'><strong>quam</strong></span> <span class='ocrx_word' id='word_1_254' title='bbox 266 1337 370 1379; x_wconf 90' lang='lat' dir='ltr'><strong>igitur</strong></span> <span class='ocrx_word' id='word_1_255' title='bbox 391 1335 543 1378; x_wconf 87' lang='lat' dir='ltr'><strong>praemia</strong></span> <span class='ocrx_word' id='word_1_256' title='bbox 565 1335 775 1377; x_wconf 81' lang='lat' dir='ltr'><strong>diligentiae,</strong></span> <span class='ocrx_word' id='word_1_257' title='bbox 806 1346 843 1366; x_wconf 85' lang='lat' dir='ltr'><strong>re</strong></span> <span class='ocrx_word' id='word_1_258' title='bbox 862 1335 940 1366; x_wconf 86' lang='lat' dir='ltr'><strong>licet</strong></span> <span class='ocrx_word' id='word_1_259' title='bbox 961 1335 1102 1375; x_wconf 84' lang='lat' dir='ltr'><strong>infecta,</strong></span> <span class='ocrx_word' id='word_1_260' title='bbox 1134 1335 1418 1377; x_wconf 85' lang='lat' dir='ltr'><strong>conquisitoribus</strong></span> <span class='ocrx_word' id='word_1_261' title='bbox 1442 1336 1515 1368; x_wconf 83' lang='lat' dir='ltr'><strong>dari</strong></span> <span class='ocrx_word' id='word_1_262' title='bbox 1536 1342 1739 1379; x_wconf 87' lang='lat' dir='ltr'><strong>potuerunt,</strong></span> <span class='ocrx_word' id='word_1_263' title='bbox 1765 1341 1880 1366; x_wconf 87' lang='lat' dir='ltr'><strong>tamen</strong></span> <span class='ocrx_word' id='word_1_264' title='bbox 1900 1334 2025 1367; x_wconf 81' lang='lat' dir='ltr'><strong>rectius</strong></span> 
     </span>
     <span class='ocr_line' id='line_1_23' title="bbox 141 1387 2024 1432; baseline -0.004 -8"><span class='ocrx_word' id='word_1_265' title='bbox 141 1390 321 1426; x_wconf 87' lang='lat' dir='ltr'><strong>emendare</strong></span> <span class='ocrx_word' id='word_1_266' title='bbox 344 1387 550 1418; x_wconf 89' lang='lat' dir='ltr'><strong>uidebimur:</strong></span> <span class='ocrx_word' id='word_1_267' title='bbox 577 1388 668 1419; x_wconf 79' lang='lat' dir='ltr'><strong>idem</strong></span> <span class='ocrx_word' id='word_1_268' title='bbox 683 1394 823 1431; x_wconf 78' lang='lat' dir='ltr'><strong>postea,</strong></span> <span class='ocrx_word' id='word_1_269' title='bbox 840 1389 1011 1431; x_wconf 82' lang='lat' dir='ltr'><strong>praemiis</strong></span> <span class='ocrx_word' id='word_1_270' title='bbox 1034 1389 1154 1428; x_wconf 77' lang='lat' dir='ltr'><strong>dictis,</strong></span> <span class='ocrx_word' id='word_1_271' title='bbox 1179 1388 1376 1432; x_wconf 69' lang='lat' dir='ltr'><strong>requisitas.</strong></span> <span class='ocrx_word' id='word_1_272' title='bbox 1420 1388 1510 1421; x_wconf 86' lang='lat' dir='ltr'><strong>Uide</strong></span> <span class='ocrx_word' id='word_1_273' title='bbox 1533 1388 1687 1420; x_wconf 88' lang='lat' dir='ltr'><strong>Nonium</strong></span> <span class='ocrx_word' id='word_1_274' title='bbox 1709 1399 1742 1430; x_wconf 90' lang='lat' dir='ltr'><strong>p.</strong></span> <span class='ocrx_word' id='word_1_275' title='bbox 1767 1387 1840 1420; x_wconf 81' lang='lat'><strong>280.</strong></span> <span class='ocrx_word' id='word_1_276' title='bbox 1859 1387 1966 1419; x_wconf 77' lang='lat' dir='ltr'><strong>Mero.</strong></span> <span class='ocrx_word' id='word_1_277' title='bbox 1989 1391 2024 1418; x_wconf 89' lang='lat' dir='ltr'><strong>et</strong></span> 
     </span>
     <span class='ocr_line' id='line_1_24' title="bbox 142 1438 2026 1484; baseline -0.004 -8"><span class='ocrx_word' id='word_1_278' title='bbox 142 1446 219 1478; x_wconf 73' lang='lat' dir='ltr'><strong>Nic.</strong></span> <span class='ocrx_word' id='word_1_279' title='bbox 245 1440 364 1474; x_wconf 80' lang='lat' dir='ltr'><strong>Heins.</strong></span> <span class='ocrx_word' id='word_1_280' title='bbox 387 1439 431 1469; x_wconf 89' lang='lat' dir='ltr'><strong>ad</strong></span> <span class='ocrx_word' id='word_1_281' title='bbox 454 1440 557 1481; x_wconf 86' lang='lat' dir='ltr'><strong>Uerg.</strong></span> <span class='ocrx_word' id='word_1_282' title='bbox 581 1440 627 1471; x_wconf 78' lang='lat' dir='ltr'><strong>V.</strong></span> <span class='ocrx_word' id='word_1_283' title='bbox 650 1440 739 1472; x_wconf 90' lang='lat' dir='ltr'><strong>Aen.</strong></span> <span class='ocrx_word' id='word_1_284' title='bbox 762 1441 836 1472; x_wconf 78' lang='lat'><strong>486.</strong></span> <span class='ocrx_word' id='word_1_285' title='bbox 880 1440 999 1472; x_wconf 71' lang='lat' dir='ltr'><strong>Dictis</strong></span> <span class='ocrx_word' id='word_1_286' title='bbox 1022 1447 1108 1471; x_wconf 87' lang='lat' dir='ltr'><strong>esset</strong></span> <span class='ocrx_word' id='word_1_287' title='bbox 1128 1441 1320 1483; x_wconf 81' lang='lat' dir='ltr'><strong>promissis,</strong></span> <span class='ocrx_word' id='word_1_288' title='bbox 1346 1440 1552 1480; x_wconf 87' lang='lat' dir='ltr'><strong>constitutis,</strong></span> <span class='ocrx_word' id='word_1_289' title='bbox 1575 1440 1779 1484; x_wconf 83' lang='lat' dir='ltr'><strong>propositis,</strong></span> <span class='ocrx_word' id='word_1_290' title='bbox 1801 1438 1993 1481; x_wconf 76' lang='lat' dir='ltr'><strong>adsignatis.</strong></span> <span class='ocrx_word' id='word_1_291' title='bbox 2003 1441 2026 1457; x_wconf 86' lang='lat'><strong>“</strong></span> 
     </span>
     <span class='ocr_line' id='line_1_25' title="bbox 140 1490 2024 1536; baseline -0.004 -7"><span class='ocrx_word' id='word_1_292' title='bbox 140 1499 237 1531; x_wconf 83' lang='lat' dir='ltr'><strong>Idem</strong></span> <span class='ocrx_word' id='word_1_293' title='bbox 267 1495 303 1525; x_wconf 90' lang='grc'><strong>111</strong></span> <span class='ocrx_word' id='word_1_294' title='bbox 330 1491 430 1524; x_wconf 84' lang='lat' dir='ltr'><strong>Curis</strong></span> <span class='ocrx_word' id='word_1_295' title='bbox 461 1491 623 1523; x_wconf 86' lang='lat' dir='ltr'><strong>Secundis</strong></span> <span class='ocrx_word' id='word_1_296' title='bbox 653 1491 848 1524; x_wconf 86' lang='lat' dir='ltr'><strong>aduotauit:</strong></span> <span class='ocrx_word' id='word_1_297' title='bbox 888 1491 1203 1531; x_wconf 84' lang='lat' dir='ltr'><strong>„Emendationem</strong></span> <span class='ocrx_word' id='word_1_298' title='bbox 1234 1493 1404 1535; x_wconf 83' lang='lat' dir='ltr'><strong>duplicem</strong></span> <span class='ocrx_word' id='word_1_299' title='bbox 1430 1493 1689 1535; x_wconf 85' lang='lat' dir='ltr'><strong>proposuimus,</strong></span> <span class='ocrx_word' id='word_1_300' title='bbox 1720 1491 1890 1536; x_wconf 82' lang='lat' dir='ltr'><strong>praemiis</strong></span> <span class='ocrx_word' id='word_1_301' title='bbox 1919 1490 2024 1530; x_wconf 75' lang='lat' dir='ltr'><strong>datis,</strong></span> 
     </span>
     <span class='ocr_line' id='line_1_26' title="bbox 141 1543 2026 1594; baseline -0.003 -15"><span class='ocrx_word' id='word_1_302' title='bbox 141 1548 284 1594; x_wconf 83' lang='lat' dir='ltr'><strong>propius</strong></span> <span class='ocrx_word' id='word_1_303' title='bbox 306 1544 348 1576; x_wconf 89' lang='lat' dir='ltr'><strong>ad</strong></span> <span class='ocrx_word' id='word_1_304' title='bbox 373 1544 519 1583; x_wconf 82' lang='lat' dir='ltr'><strong>litteras,</strong></span> <span class='ocrx_word' id='word_1_305' title='bbox 554 1549 587 1574; x_wconf 85' lang='lat' dir='ltr'><strong>et</strong></span> <span class='ocrx_word' id='word_1_306' title='bbox 603 1545 774 1587; x_wconf 75' lang='lat' dir='ltr'><strong>praemii-s</strong></span> <span class='ocrx_word' id='word_1_307' title='bbox 796 1545 918 1584; x_wconf 78' lang='lat' dir='ltr'><strong>dictis,</strong></span> <span class='ocrx_word' id='word_1_308' title='bbox 943 1550 981 1575; x_wconf 90' lang='lat' dir='ltr'><strong>ut</strong></span> <span class='ocrx_word' id='word_1_309' title='bbox 1004 1544 1105 1576; x_wconf 87' lang='lat' dir='ltr'><strong>etiam</strong></span> <span class='ocrx_word' id='word_1_310' title='bbox 1125 1545 1169 1576; x_wconf 93' lang='lat' dir='ltr'><strong>II.</strong></span> <span class='ocrx_word' id='word_1_311' title='bbox 1192 1544 1233 1575; x_wconf 86' lang='lat' dir='ltr'><strong>ad</strong></span> <span class='ocrx_word' id='word_1_312' title='bbox 1257 1545 1330 1577; x_wconf 92' lang='lat' dir='ltr'><strong>Att.</strong></span> <span class='ocrx_word' id='word_1_313' title='bbox 1355 1556 1405 1587; x_wconf 74' lang='lat'><strong>7⁴&gt;</strong></span> <span class='ocrx_word' id='word_1_314' title='bbox 1440 1545 1530 1587; x_wconf 88' lang='lat' dir='ltr'><strong>quod</strong></span> <span class='ocrx_word' id='word_1_315' title='bbox 1553 1545 1711 1576; x_wconf 88' lang='lat' dir='ltr'><strong>inuentus</strong></span> <span class='ocrx_word' id='word_1_316' title='bbox 1734 1544 1812 1584; x_wconf 85' lang='lat' dir='ltr'><strong>ille,</strong></span> <span class='ocrx_word' id='word_1_317' title='bbox 1842 1543 1900 1586; x_wconf 89' lang='lat' dir='ltr'><strong>qui</strong></span> <span class='ocrx_word' id='word_1_318' title='bbox 1922 1543 2026 1574; x_wconf 85' lang='lat' dir='ltr'><strong>emis-</strong></span> 
     </span>
     <span class='ocr_line' id='line_1_27' title="bbox 142 1595 2026 1638; baseline -0.005 -3"><span class='ocrx_word' id='word_1_319' title='bbox 142 1614 197 1635; x_wconf 93' lang='lat' dir='ltr'><strong>sus</strong></span> <span class='ocrx_word' id='word_1_320' title='bbox 221 1611 240 1630; x_wconf 89' lang='lat' dir='ltr'><strong>a</strong></span> <span class='ocrx_word' id='word_1_321' title='bbox 261 1596 397 1629; x_wconf 84' lang='lat' dir='ltr'><strong>Plancio</strong></span> <span class='ocrx_word' id='word_1_322' title='bbox 422 1596 560 1626; x_wconf 85' lang='lat' dir='ltr'><strong>tribuno</strong></span> <span class='ocrx_word' id='word_1_323' title='bbox 583 1595 691 1638; x_wconf 87' lang='lat' dir='ltr'><strong>plebis</strong></span> <span class='ocrx_word' id='word_1_324' title='bbox 715 1595 842 1636; x_wconf 85' lang='lat' dir='ltr'><strong>fuerat,</strong></span> <span class='ocrx_word' id='word_1_325' title='bbox 875 1608 944 1627; x_wconf 89' lang='lat' dir='ltr'><strong>non</strong></span> <span class='ocrx_word' id='word_1_326' title='bbox 966 1596 1152 1628; x_wconf 79' lang='lat' dir='ltr'><strong>uideretur.</strong></span> <span class='ocrx_word' id='word_1_327' title='bbox 1197 1597 1355 1628; x_wconf 88' lang='lat' dir='ltr'><strong>Barthius</strong></span> <span class='ocrx_word' id='word_1_328' title='bbox 1387 1596 1429 1628; x_wconf 87' lang='lat' dir='ltr'><strong>ad</strong></span> <span class='ocrx_word' id='word_1_329' title='bbox 1452 1597 1596 1628; x_wconf 85' lang='lat' dir='ltr'><strong>Statium</strong></span> <span class='ocrx_word' id='word_1_330' title='bbox 1620 1598 1663 1629; x_wconf 85' lang='lat' dir='ltr'><strong>II.</strong></span> <span class='ocrx_word' id='word_1_331' title='bbox 1696 1597 1805 1628; x_wconf 83' lang='lat' dir='ltr'><strong>Theb.</strong></span> <span class='ocrx_word' id='word_1_332' title='bbox 1830 1595 1903 1638; x_wconf 78' lang='grc'><strong>595.</strong></span> <span class='ocrx_word' id='word_1_333' title='bbox 1935 1595 2026 1626; x_wconf 85' lang='lat' dir='ltr'><strong>hunc</strong></span> 
     </span>
     <span class='ocr_line' id='line_1_28' title="bbox 142 1646 2025 1691; baseline -0.004 -5"><span class='ocrx_word' id='word_1_334' title='bbox 142 1652 242 1686; x_wconf 88' lang='lat' dir='ltr'><strong>uerbi</strong></span> <span class='ocrx_word' id='word_1_335' title='bbox 271 1651 384 1682; x_wconf 83' lang='lat' dir='ltr'><strong>dicere</strong></span> <span class='ocrx_word' id='word_1_336' title='bbox 414 1659 513 1679; x_wconf 87' lang='grc'><strong>11511111</strong></span> <span class='ocrx_word' id='word_1_337' title='bbox 543 1647 712 1679; x_wconf 86' lang='lat' dir='ltr'><strong>inlustrat.</strong></span> <span class='ocrx_word' id='word_1_338' title='bbox 756 1649 858 1679; x_wconf 76' lang='lat' dir='ltr'><strong>Nunc</strong></span> <span class='ocrx_word' id='word_1_339' title='bbox 886 1648 997 1686; x_wconf 83' lang='lat' dir='ltr'><strong>datis,</strong></span> <span class='ocrx_word' id='word_1_340' title='bbox 1031 1648 1122 1689; x_wconf 87' lang='lat' dir='ltr'><strong>quod</strong></span> <span class='ocrx_word' id='word_1_341' title='bbox 1148 1648 1260 1691; x_wconf 88' lang='lat' dir='ltr'><strong>ipsum</strong></span> <span class='ocrx_word' id='word_1_342' title='bbox 1283 1649 1317 1680; x_wconf 89' lang='lat' dir='ltr'><strong>in</strong></span> <span class='ocrx_word' id='word_1_343' title='bbox 1341 1649 1510 1680; x_wconf 84' lang='lat' dir='ltr'><strong>codicibus</strong></span> <span class='ocrx_word' id='word_1_344' title='bbox 1533 1649 1711 1687; x_wconf 84' lang='lat' dir='ltr'><strong>remansit,</strong></span> <span class='ocrx_word' id='word_1_345' title='bbox 1744 1647 1894 1689; x_wconf 87' lang='lat' dir='ltr'><strong>relinqui</strong></span> <span class='ocrx_word' id='word_1_346' title='bbox 1923 1646 2025 1678; x_wconf 86' lang='lat' dir='ltr'><strong>etiam</strong></span> 
     </span>
     <span class='ocr_line' id='line_1_29' title="bbox 144 1700 2024 1750; baseline -0.004 -12"><span class='ocrx_word' id='word_1_347' title='bbox 144 1716 241 1750; x_wconf 84' lang='lat' dir='ltr'><strong>posse</strong></span> <span class='ocrx_word' id='word_1_348' title='bbox 271 1713 341 1734; x_wconf 90' lang='lat' dir='ltr'><strong>non</strong></span> <span class='ocrx_word' id='word_1_349' title='bbox 368 1700 543 1731; x_wconf 81' lang='lat' dir='ltr'><strong>inficior.“</strong></span> <span class='ocrx_word' id='word_1_350' title='bbox 589 1700 685 1740; x_wconf 86' lang='lat' dir='ltr'><strong>Quae</strong></span> <span class='ocrx_word' id='word_1_351' title='bbox 713 1700 925 1731; x_wconf 82' lang='lat' dir='ltr'><strong>coniecturae</strong></span> <span class='ocrx_word' id='word_1_352' title='bbox 949 1700 1113 1731; x_wconf 87' lang='lat' dir='ltr'><strong>Garatoni</strong></span> <span class='ocrx_word' id='word_1_353' title='bbox 1140 1701 1219 1732; x_wconf 85' lang='lat' dir='ltr'><strong>licet</strong></span> <span class='ocrx_word' id='word_1_354' title='bbox 1246 1713 1380 1732; x_wconf 87' lang='lat' dir='ltr'><strong>sensum</strong></span> <span class='ocrx_word' id='word_1_355' title='bbox 1406 1702 1586 1744; x_wconf 85' lang='lat' dir='ltr'><strong>praebeant</strong></span> <span class='ocrx_word' id='word_1_356' title='bbox 1614 1711 1683 1730; x_wconf 87' lang='lat' dir='ltr'><strong>non</strong></span> <span class='ocrx_word' id='word_1_357' title='bbox 1705 1700 1877 1742; x_wconf 87' lang='lat' dir='ltr'><strong>ineptum,</strong></span> <span class='ocrx_word' id='word_1_358' title='bbox 1910 1705 2024 1731; x_wconf 86' lang='lat' dir='ltr'><strong>tamen</strong></span> 
     </span>
     <span class='ocr_line' id='line_1_30' title="bbox 145 1751 2024 1795; baseline -0.003 -6"><span class='ocrx_word' id='word_1_359' title='bbox 145 1771 184 1790; x_wconf 84' lang='lat' dir='ltr'><strong>eo</strong></span> <span class='ocrx_word' id='word_1_360' title='bbox 214 1755 327 1788; x_wconf 84' lang='lat' dir='ltr'><strong>minus</strong></span> <span class='ocrx_word' id='word_1_361' title='bbox 358 1752 552 1795; x_wconf 85' lang='lat' dir='ltr'><strong>probandae</strong></span> <span class='ocrx_word' id='word_1_362' title='bbox 582 1758 676 1788; x_wconf 82' lang='lat' dir='ltr'><strong>sunt,</strong></span> <span class='ocrx_word' id='word_1_363' title='bbox 711 1763 777 1794; x_wconf 89' lang='lat' dir='ltr'><strong>quo</strong></span> <span class='ocrx_word' id='word_1_364' title='bbox 807 1753 912 1794; x_wconf 85' lang='lat' dir='ltr'><strong>magis</strong></span> <span class='ocrx_word' id='word_1_365' title='bbox 935 1763 953 1783; x_wconf 87' lang='lat' dir='ltr'><strong>a</strong></span> <span class='ocrx_word' id='word_1_366' title='bbox 974 1752 1129 1794; x_wconf 83' lang='lat' dir='ltr'><strong>uolgatae</strong></span> <span class='ocrx_word' id='word_1_367' title='bbox 1158 1752 1344 1795; x_wconf 86' lang='lat' dir='ltr'><strong>scripturae</strong></span> <span class='ocrx_word' id='word_1_368' title='bbox 1368 1753 1520 1785; x_wconf 76' lang='lat' dir='ltr'><strong>ductibus</strong></span> <span class='ocrx_word' id='word_1_369' title='bbox 1544 1752 1721 1791; x_wconf 87' lang='lat' dir='ltr'><strong>recedunt,</strong></span> <span class='ocrx_word' id='word_1_370' title='bbox 1756 1763 1890 1793; x_wconf 89' lang='lat' dir='ltr'><strong>quoque</strong></span> <span class='ocrx_word' id='word_1_371' title='bbox 1912 1751 2024 1783; x_wconf 86' lang='lat' dir='ltr'><strong>minus</strong></span> 
     </span>
     <span class='ocr_line' id='line_1_31' title="bbox 144 1803 2024 1850; baseline -0.001 -14"><span class='ocrx_word' id='word_1_372' title='bbox 144 1823 163 1842; x_wconf 73' lang='lat' dir='ltr'><strong>a</strong></span> <span class='ocrx_word' id='word_1_373' title='bbox 193 1816 364 1850; x_wconf 83' lang='lat' dir='ltr'><strong>quoquam</strong></span> <span class='ocrx_word' id='word_1_374' title='bbox 394 1804 573 1835; x_wconf 88' lang='lat' dir='ltr'><strong>hominum</strong></span> <span class='ocrx_word' id='word_1_375' title='bbox 611 1804 788 1835; x_wconf 82' lang='lat' dir='ltr'><strong>doctorum</strong></span> <span class='ocrx_word' id='word_1_376' title='bbox 826 1803 996 1845; x_wconf 84' lang='lat' dir='ltr'><strong>uolgatam</strong></span> <span class='ocrx_word' id='word_1_377' title='bbox 1027 1804 1230 1847; x_wconf 83' lang='lat' dir='ltr'><strong>scripturam</strong></span> <span class='ocrx_word' id='word_1_378' title='bbox 1267 1816 1286 1835; x_wconf 95' lang='lat' dir='ltr'><strong>a</strong></span> <span class='ocrx_word' id='word_1_379' title='bbox 1314 1816 1412 1836; x_wconf 88' lang='lat' dir='ltr'><strong>sensu</strong></span> <span class='ocrx_word' id='word_1_380' title='bbox 1440 1805 1505 1836; x_wconf 87' lang='lat' dir='ltr'><strong>loci</strong></span> <span class='ocrx_word' id='word_1_381' title='bbox 1539 1806 1683 1836; x_wconf 85' lang='lat' dir='ltr'><strong>alienam</strong></span> <span class='ocrx_word' id='word_1_382' title='bbox 1713 1815 1782 1835; x_wconf 89' lang='lat' dir='ltr'><strong>esse</strong></span> <span class='ocrx_word' id='word_1_383' title='bbox 1810 1809 2024 1846; x_wconf 54' lang='lat' dir='ltr'><strong>ostensumst·</strong></span> 
     </span>
     <span class='ocr_line' id='line_1_32' title="bbox 145 1856 2026 1901; baseline -0.003 -8"><span class='ocrx_word' id='word_1_384' title='bbox 145 1864 352 1900; x_wconf 83' lang='lat' dir='ltr'><strong>Corruptam</strong></span> <span class='ocrx_word' id='word_1_385' title='bbox 375 1867 448 1887; x_wconf 88' lang='lat' dir='ltr'><strong>eam</strong></span> <span class='ocrx_word' id='word_1_386' title='bbox 469 1861 633 1898; x_wconf 76' lang='lat' dir='ltr'><strong>putarunt</strong></span> <span class='ocrx_word' id='word_1_387' title='bbox 658 1857 752 1887; x_wconf 90' lang='lat' dir='ltr'><strong>nulla</strong></span> <span class='ocrx_word' id='word_1_388' title='bbox 774 1856 838 1886; x_wconf 83' lang='lat' dir='ltr'><strong>alia</strong></span> <span class='ocrx_word' id='word_1_389' title='bbox 862 1856 903 1886; x_wconf 90' lang='lat' dir='ltr'><strong>de</strong></span> <span class='ocrx_word' id='word_1_390' title='bbox 925 1868 1049 1896; x_wconf 76' lang='lat' dir='ltr'><strong>caussa,</strong></span> <span class='ocrx_word' id='word_1_391' title='bbox 1075 1857 1139 1888; x_wconf 89' lang='lat' dir='ltr'><strong>nisi</strong></span> <span class='ocrx_word' id='word_1_392' title='bbox 1164 1856 1254 1899; x_wconf 85' lang='lat' dir='ltr'><strong>quod</strong></span> <span class='ocrx_word' id='word_1_393' title='bbox 1277 1857 1357 1888; x_wconf 87' lang='lat' dir='ltr'><strong>alibi</strong></span> <span class='ocrx_word' id='word_1_394' title='bbox 1379 1857 1625 1889; x_wconf 79' lang='lat' dir='ltr'><strong>substantiuom</strong></span> <span class='ocrx_word' id='word_1_395' title='bbox 1641 1856 1935 1901; x_wconf 79' lang='lat' dir='ltr'><strong>praemandatum</strong></span> <span class='ocrx_word' id='word_1_396' title='bbox 1955 1867 2026 1888; x_wconf 89' lang='lat' dir='ltr'><strong>non</strong></span> 
     </span>
     <span class='ocr_line' id='line_1_33' title="bbox 146 1908 2025 1955; baseline -0.002 -10"><span class='ocrx_word' id='word_1_397' title='bbox 146 1917 347 1955; x_wconf 86' lang='lat' dir='ltr'><strong>usurpatum</strong></span> <span class='ocrx_word' id='word_1_398' title='bbox 368 1909 549 1951; x_wconf 84' lang='lat' dir='ltr'><strong>reperitur.</strong></span> <span class='ocrx_word' id='word_1_399' title='bbox 594 1909 644 1939; x_wconf 85' lang='lat' dir='ltr'><strong>Ea</strong></span> <span class='ocrx_word' id='word_1_400' title='bbox 662 1919 744 1938; x_wconf 86' lang='lat' dir='ltr'><strong>uero</strong></span> <span class='ocrx_word' id='word_1_401' title='bbox 769 1919 881 1939; x_wconf 83' lang='lat' dir='ltr'><strong>caussa</strong></span> <span class='ocrx_word' id='word_1_402' title='bbox 904 1908 950 1939; x_wconf 88' lang='lat' dir='ltr'><strong>ita</strong></span> <span class='ocrx_word' id='word_1_403' title='bbox 972 1915 1105 1940; x_wconf 83' lang='lat' dir='ltr'><strong>tantum</strong></span> <span class='ocrx_word' id='word_1_404' title='bbox 1129 1909 1255 1951; x_wconf 87' lang='lat' dir='ltr'><strong>aliquid</strong></span> <span class='ocrx_word' id='word_1_405' title='bbox 1279 1909 1444 1940; x_wconf 85' lang='lat' dir='ltr'><strong>momenti</strong></span> <span class='ocrx_word' id='word_1_406' title='bbox 1470 1910 1624 1949; x_wconf 87' lang='lat' dir='ltr'><strong>haberet,</strong></span> <span class='ocrx_word' id='word_1_407' title='bbox 1660 1909 1689 1941; x_wconf 86' lang='lat' dir='ltr'><strong>si</strong></span> <span class='ocrx_word' id='word_1_408' title='bbox 1710 1918 1820 1950; x_wconf 88' lang='lat' dir='ltr'><strong>neque</strong></span> <span class='ocrx_word' id='word_1_409' title='bbox 1837 1919 2025 1951; x_wconf 77' lang='lat' dir='ltr'><strong>praeman-</strong></span> 
     </span>
     <span class='ocr_line' id='line_1_34' title="bbox 147 1959 2026 2002; baseline -0.004 -3"><span class='ocrx_word' id='word_1_410' title='bbox 147 1968 231 1999; x_wconf 87' lang='lat' dir='ltr'><strong>dare</strong></span> <span class='ocrx_word' id='word_1_411' title='bbox 260 1964 297 1994; x_wconf 88' lang='lat' dir='ltr'><strong>in</strong></span> <span class='ocrx_word' id='word_1_412' title='bbox 325 1972 388 1992; x_wconf 92' lang='lat' dir='ltr'><strong>usu</strong></span> <span class='ocrx_word' id='word_1_413' title='bbox 419 1959 554 1999; x_wconf 82' lang='lat' dir='ltr'><strong>fuisset,</strong></span> <span class='ocrx_word' id='word_1_414' title='bbox 590 1971 701 2001; x_wconf 89' lang='lat' dir='ltr'><strong>neque</strong></span> <span class='ocrx_word' id='word_1_415' title='bbox 730 1959 944 2001; x_wconf 84' lang='lat' dir='ltr'><strong>significatio,</strong></span> <span class='ocrx_word' id='word_1_416' title='bbox 980 1972 1082 2002; x_wconf 87' lang='lat' dir='ltr'><strong>quam</strong></span> <span class='ocrx_word' id='word_1_417' title='bbox 1104 1961 1349 1992; x_wconf 80' lang='lat' dir='ltr'><strong>substantiuom</strong></span> <span class='ocrx_word' id='word_1_418' title='bbox 1375 1962 1453 1992; x_wconf 85' lang='lat' dir='ltr'><strong>illut</strong></span> <span class='ocrx_word' id='word_1_419' title='bbox 1475 1961 1659 1992; x_wconf 87' lang='lat' dir='ltr'><strong>secundum</strong></span> <span class='ocrx_word' id='word_1_420' title='bbox 1684 1959 1873 2002; x_wconf 81' lang='lat' dir='ltr'><strong>analogiam</strong></span> <span class='ocrx_word' id='word_1_421' title='bbox 1901 1960 2026 1991; x_wconf 84' lang='lat' dir='ltr'><strong>habere</strong></span> 
     </span>
     <span class='ocr_line' id='line_1_35' title="bbox 147 2011 2027 2055; baseline -0.003 -6"><span class='ocrx_word' id='word_1_422' title='bbox 147 2018 265 2055; x_wconf 85' lang='lat' dir='ltr'><strong>debet,</strong></span> <span class='ocrx_word' id='word_1_423' title='bbox 301 2013 381 2046; x_wconf 88' lang='lat' dir='ltr'><strong>huic</strong></span> <span class='ocrx_word' id='word_1_424' title='bbox 410 2013 484 2043; x_wconf 88' lang='grc'><strong>1000</strong></span> <span class='ocrx_word' id='word_1_425' title='bbox 517 2011 768 2043; x_wconf 86' lang='lat' dir='ltr'><strong>accommodata</strong></span> <span class='ocrx_word' id='word_1_426' title='bbox 797 2017 898 2050; x_wconf 81' lang='lat' dir='ltr'><strong>esset,</strong></span> <span class='ocrx_word' id='word_1_427' title='bbox 937 2018 970 2043; x_wconf 88' lang='lat' dir='ltr'><strong>et</strong></span> <span class='ocrx_word' id='word_1_428' title='bbox 993 2013 1109 2045; x_wconf 87' lang='lat' dir='ltr'><strong>eadem</strong></span> <span class='ocrx_word' id='word_1_429' title='bbox 1132 2025 1200 2053; x_wconf 90' lang='lat' dir='ltr'><strong>res,</strong></span> <span class='ocrx_word' id='word_1_430' title='bbox 1236 2025 1321 2055; x_wconf 88' lang='lat' dir='ltr'><strong>quae</strong></span> <span class='ocrx_word' id='word_1_431' title='bbox 1344 2014 1400 2044; x_wconf 89' lang='lat' dir='ltr'><strong>hic</strong></span> <span class='ocrx_word' id='word_1_432' title='bbox 1421 2020 1595 2053; x_wconf 84' lang='lat' dir='ltr'><strong>narratur,</strong></span> <span class='ocrx_word' id='word_1_433' title='bbox 1632 2013 1705 2044; x_wconf 85' lang='lat' dir='ltr'><strong>aliis</strong></span> <span class='ocrx_word' id='word_1_434' title='bbox 1726 2013 1761 2043; x_wconf 88' lang='lat' dir='ltr'><strong>in</strong></span> <span class='ocrx_word' id='word_1_435' title='bbox 1784 2013 1865 2044; x_wconf 84' lang='lat' dir='ltr'><strong>locis</strong></span> <span class='ocrx_word' id='word_1_436' title='bbox 1891 2018 2027 2044; x_wconf 85' lang='lat' dir='ltr'><strong>narrata</strong></span> 
     </span>
     <span class='ocr_line' id='line_1_36' title="bbox 146 2063 2025 2109; baseline -0.003 -8"><span class='ocrx_word' id='word_1_437' title='bbox 146 2077 334 2109; x_wconf 86' lang='lat' dir='ltr'><strong>numquam</strong></span> <span class='ocrx_word' id='word_1_438' title='bbox 357 2064 477 2096; x_wconf 85' lang='lat' dir='ltr'><strong>eodem</strong></span> <span class='ocrx_word' id='word_1_439' title='bbox 506 2065 570 2096; x_wconf 89' lang='lat' dir='ltr'><strong>hoc</strong></span> <span class='ocrx_word' id='word_1_440' title='bbox 598 2063 704 2094; x_wconf 86' lang='lat' dir='ltr'><strong>uerbo</strong></span> <span class='ocrx_word' id='word_1_441' title='bbox 728 2063 911 2105; x_wconf 84' lang='lat' dir='ltr'><strong>significata</strong></span> <span class='ocrx_word' id='word_1_442' title='bbox 936 2071 1032 2096; x_wconf 86' lang='lat' dir='ltr'><strong>esset.</strong></span> <span class='ocrx_word' id='word_1_443' title='bbox 1077 2066 1173 2107; x_wconf 86' lang='lat' dir='ltr'><strong>Quae</strong></span> <span class='ocrx_word' id='word_1_444' title='bbox 1201 2078 1278 2098; x_wconf 87' lang='lat' dir='ltr'><strong>cum</strong></span> <span class='ocrx_word' id='word_1_445' title='bbox 1307 2066 1461 2097; x_wconf 86' lang='lat' dir='ltr'><strong>minume</strong></span> <span class='ocrx_word' id='word_1_446' title='bbox 1491 2066 1537 2097; x_wconf 88' lang='lat' dir='ltr'><strong>ita</strong></span> <span class='ocrx_word' id='word_1_447' title='bbox 1566 2066 1648 2105; x_wconf 89' lang='lat' dir='ltr'><strong>sint,</strong></span> <span class='ocrx_word' id='word_1_448' title='bbox 1686 2064 1909 2096; x_wconf 86' lang='lat' dir='ltr'><strong>uerissumam</strong></span> <span class='ocrx_word' id='word_1_449' title='bbox 1942 2071 2025 2108; x_wconf 88' lang='lat' dir='ltr'><strong>puto</strong></span> 
     </span>
     <span class='ocr_line' id='line_1_37' title="bbox 149 2116 2027 2162; baseline -0.002 -10"><span class='ocrx_word' id='word_1_450' title='bbox 149 2121 319 2162; x_wconf 86' lang='lat' dir='ltr'><strong>uolgatam</strong></span> <span class='ocrx_word' id='word_1_451' title='bbox 347 2117 549 2159; x_wconf 84' lang='lat' dir='ltr'><strong>scripturam</strong></span> <span class='ocrx_word' id='word_1_452' title='bbox 581 2127 672 2155; x_wconf 86' lang='lat' dir='ltr'><strong>esse,</strong></span> <span class='ocrx_word' id='word_1_453' title='bbox 706 2122 864 2158; x_wconf 80' lang='lat' dir='ltr'><strong>recteque</strong></span> <span class='ocrx_word' id='word_1_454' title='bbox 886 2129 1083 2149; x_wconf 79' lang='lat' dir='ltr'><strong>maxumam</strong></span> <span class='ocrx_word' id='word_1_455' title='bbox 1104 2125 1236 2160; x_wconf 85' lang='lat' dir='ltr'><strong>partem</strong></span> <span class='ocrx_word' id='word_1_456' title='bbox 1259 2116 1300 2150; x_wconf 84' lang='lat' dir='ltr'><strong>ab</strong></span> <span class='ocrx_word' id='word_1_457' title='bbox 1322 2117 1490 2150; x_wconf 88' lang='lat' dir='ltr'><strong>Huldrico</strong></span> <span class='ocrx_word' id='word_1_458' title='bbox 1514 2119 1733 2160; x_wconf 76' lang='lat' dir='ltr'><strong>explicatam,</strong></span> <span class='ocrx_word' id='word_1_459' title='bbox 1775 2129 1978 2160; x_wconf 85' lang='lat' dir='ltr'><strong>quamquam</strong></span> <span class='ocrx_word' id='word_1_460' title='bbox 1999 2117 2027 2149; x_wconf 84' lang='grc'><strong>15</strong></span> 
     </span>
     <span class='ocr_line' id='line_1_38' title="bbox 150 2168 2024 2213; baseline -0.002 -9"><span class='ocrx_word' id='word_1_461' title='bbox 150 2173 190 2204; x_wconf 86' lang='lat' dir='ltr'><strong>de</strong></span> <span class='ocrx_word' id='word_1_462' title='bbox 220 2170 360 2213; x_wconf 87' lang='lat' dir='ltr'><strong>reliquis</strong></span> <span class='ocrx_word' id='word_1_463' title='bbox 391 2169 491 2206; x_wconf 88' lang='lat' dir='ltr'><strong>locis,</strong></span> <span class='ocrx_word' id='word_1_464' title='bbox 526 2168 562 2199; x_wconf 86' lang='lat' dir='ltr'><strong>in</strong></span> <span class='ocrx_word' id='word_1_465' title='bbox 589 2168 708 2210; x_wconf 87' lang='lat' dir='ltr'><strong>quibus</strong></span> <span class='ocrx_word' id='word_1_466' title='bbox 731 2170 988 2211; x_wconf 75' lang='lat' dir='ltr'><strong>praemandare</strong></span> <span class='ocrx_word' id='word_1_467' title='bbox 1011 2177 1212 2213; x_wconf 86' lang='lat' dir='ltr'><strong>usurpatum</strong></span> <span class='ocrx_word' id='word_1_468' title='bbox 1234 2170 1421 2213; x_wconf 87' lang='lat' dir='ltr'><strong>reperitur,</strong></span> <span class='ocrx_word' id='word_1_469' title='bbox 1454 2181 1524 2201; x_wconf 88' lang='lat' dir='ltr'><strong>non</strong></span> <span class='ocrx_word' id='word_1_470' title='bbox 1547 2171 1625 2202; x_wconf 83' lang='lat' dir='ltr'><strong>satis</strong></span> <span class='ocrx_word' id='word_1_471' title='bbox 1654 2181 1736 2201; x_wconf 90' lang='lat' dir='ltr'><strong>uere</strong></span> <span class='ocrx_word' id='word_1_472' title='bbox 1758 2170 1925 2213; x_wconf 81' lang='lat' dir='ltr'><strong>exposuit.</strong></span> <span class='ocrx_word' id='word_1_473' title='bbox 1969 2170 2024 2201; x_wconf 86' lang='lat' dir='ltr'><strong>Ex</strong></span> 
     </span>
     <span class='ocr_line' id='line_1_39' title="bbox 150 2221 2025 2266; baseline -0.002 -11"><span class='ocrx_word' id='word_1_474' title='bbox 150 2224 388 2266; x_wconf 80' lang='lat' dir='ltr'><strong>conparatione</strong></span> <span class='ocrx_word' id='word_1_475' title='bbox 416 2221 561 2252; x_wconf 85' lang='lat' dir='ltr'><strong>aliorum</strong></span> <span class='ocrx_word' id='word_1_476' title='bbox 591 2221 794 2259; x_wconf 84' lang='lat' dir='ltr'><strong>uerborum,</strong></span> <span class='ocrx_word' id='word_1_477' title='bbox 819 2233 904 2263; x_wconf 90' lang='lat' dir='ltr'><strong>quae</strong></span> <span class='ocrx_word' id='word_1_478' title='bbox 926 2222 1007 2253; x_wconf 88' lang='lat' dir='ltr'><strong>item</strong></span> <span class='ocrx_word' id='word_1_479' title='bbox 1030 2233 1106 2253; x_wconf 89' lang='lat' dir='ltr'><strong>cum</strong></span> <span class='ocrx_word' id='word_1_480' title='bbox 1123 2234 1213 2266; x_wconf 79' lang='lat' dir='ltr'><strong>prae</strong></span> <span class='ocrx_word' id='word_1_481' title='bbox 1235 2222 1486 2264; x_wconf 84' lang='lat' dir='ltr'><strong>praepositione</strong></span> <span class='ocrx_word' id='word_1_482' title='bbox 1511 2224 1666 2266; x_wconf 84' lang='lat' dir='ltr'><strong>copulata</strong></span> <span class='ocrx_word' id='word_1_483' title='bbox 1688 2229 1776 2262; x_wconf 82' lang='lat' dir='ltr'><strong>sunt,</strong></span> <span class='ocrx_word' id='word_1_484' title='bbox 1800 2221 1906 2253; x_wconf 89' lang='lat' dir='ltr'><strong>ueluti</strong></span> <span class='ocrx_word' id='word_1_485' title='bbox 1927 2221 2025 2253; x_wconf 85' lang='lat' dir='ltr'><strong>uerbi</strong></span> 
     </span>
     <span class='ocr_line' id='line_1_40' title="bbox 149 2273 2025 2319; baseline -0.001 -12"><span class='ocrx_word' id='word_1_486' title='bbox 149 2286 386 2319; x_wconf 84' lang='lat' dir='ltr'><strong>praemonere,</strong></span> <span class='ocrx_word' id='word_1_487' title='bbox 408 2274 494 2305; x_wconf 87' lang='lat' dir='ltr'><strong>hanc</strong></span> <span class='ocrx_word' id='word_1_488' title='bbox 516 2279 656 2316; x_wconf 86' lang='lat' dir='ltr'><strong>apparet</strong></span> <span class='ocrx_word' id='word_1_489' title='bbox 677 2273 774 2303; x_wconf 89' lang='lat' dir='ltr'><strong>uerbi</strong></span> <span class='ocrx_word' id='word_1_490' title='bbox 791 2275 1047 2316; x_wconf 78' lang='lat' dir='ltr'><strong>praemandare</strong></span> <span class='ocrx_word' id='word_1_491' title='bbox 1070 2273 1193 2304; x_wconf 86' lang='lat' dir='ltr'><strong>debere</strong></span> <span class='ocrx_word' id='word_1_492' title='bbox 1214 2273 1491 2315; x_wconf 86' lang='lat' dir='ltr'><strong>significationem</strong></span> <span class='ocrx_word' id='word_1_493' title='bbox 1515 2287 1595 2313; x_wconf 87' lang='lat' dir='ltr'><strong>esse,</strong></span> <span class='ocrx_word' id='word_1_494' title='bbox 1618 2282 1657 2307; x_wconf 88' lang='lat' dir='ltr'><strong>ut</strong></span> <span class='ocrx_word' id='word_1_495' title='bbox 1679 2275 1826 2313; x_wconf 87' lang='lat' dir='ltr'><strong>denotet,</strong></span> <span class='ocrx_word' id='word_1_496' title='bbox 1848 2273 2025 2312; x_wconf 81' lang='lat' dir='ltr'><strong>mandare,</strong></span> 
     </span>
     <span class='ocr_line' id='line_1_41' title="bbox 153 2324 2025 2370; baseline -0.001 -11"><span class='ocrx_word' id='word_1_497' title='bbox 153 2333 191 2359; x_wconf 80' lang='lat' dir='ltr'><strong>ut</strong></span> <span class='ocrx_word' id='word_1_498' title='bbox 229 2327 364 2370; x_wconf 78' lang='lat' dir='ltr'><strong>aliquid</strong></span> <span class='ocrx_word' id='word_1_499' title='bbox 395 2331 558 2363; x_wconf 75' lang='lat' dir='ltr'><strong>caretur,</strong></span> <span class='ocrx_word' id='word_1_500' title='bbox 602 2327 703 2369; x_wconf 74' lang='lat' dir='ltr'><strong>prius</strong></span> <span class='ocrx_word' id='word_1_501' title='bbox 741 2337 845 2368; x_wconf 82' lang='lat' dir='ltr'><strong>quam</strong></span> <span class='ocrx_word' id='word_1_502' title='bbox 881 2324 1048 2368; x_wconf 73' lang='lat' dir='ltr'><strong>confec-tio</strong></span> <span class='ocrx_word' id='word_1_503' title='bbox 1077 2327 1186 2369; x_wconf 76' lang='lat' dir='ltr'><strong>ipsius</strong></span> <span class='ocrx_word' id='word_1_504' title='bbox 1220 2327 1270 2358; x_wconf 82' lang='lat' dir='ltr'><strong>rei</strong></span> <span class='ocrx_word' id='word_1_505' title='bbox 1300 2327 1484 2358; x_wconf 78' lang='lat' dir='ltr'><strong>mandatae</strong></span> <span class='ocrx_word' id='word_1_506' title='bbox 1512 2328 1624 2360; x_wconf 77' lang='lat' dir='ltr'><strong>locam</strong></span> <span class='ocrx_word' id='word_1_507' title='bbox 1651 2327 1798 2364; x_wconf 76' lang='lat' dir='ltr'><strong>habeat,</strong></span> <span class='ocrx_word' id='word_1_508' title='bbox 1840 2325 1936 2356; x_wconf 86' lang='lat' dir='ltr'><strong>nobis</strong></span> <span class='ocrx_word' id='word_1_509' title='bbox 1977 2325 2025 2357; x_wconf 89' lang='lat' dir='ltr'><strong>im</strong></span> 
     </span>
     <span class='ocr_line' id='line_1_42' title="bbox 158 2377 2025 2423; baseline -0.001 -13"><span class='ocrx_word' id='word_1_510' title='bbox 158 2378 197 2410; x_wconf 91' lang='lat' dir='ltr'><em>V</em></span> <span class='ocrx_word' id='word_1_511' title='bbox 195 2390 299 2411; x_wconf 70' lang='lat' dir='ltr'><strong>orans</strong></span> <span class='ocrx_word' id='word_1_512' title='bbox 328 2378 425 2410; x_wconf 79' lang='lat' dir='ltr'><strong>einen</strong></span> <span class='ocrx_word' id='word_1_513' title='bbox 455 2377 618 2421; x_wconf 73' lang='lat' dir='ltr'><strong>Aztftrag</strong></span> <span class='ocrx_word' id='word_1_514' title='bbox 644 2377 778 2420; x_wconf 79' lang='lat' dir='ltr'><strong>geben,</strong></span> <span class='ocrx_word' id='word_1_515' title='bbox 819 2377 877 2408; x_wconf 88' lang='lat' dir='ltr'><strong>uel</strong></span> <span class='ocrx_word' id='word_1_516' title='bbox 904 2378 1002 2409; x_wconf 79' lang='lat' dir='ltr'><strong>einen</strong></span> <span class='ocrx_word' id='word_1_517' title='bbox 1033 2377 1252 2421; x_wconf 76' lang='lat' dir='ltr'><strong>vorlc&#39;iufigen</strong></span> <span class='ocrx_word' id='word_1_518' title='bbox 1288 2378 1451 2422; x_wconf 81' lang='lat' dir='ltr'><strong>Austrag</strong></span> <span class='ocrx_word' id='word_1_519' title='bbox 1485 2380 1603 2423; x_wconf 83' lang='lat' dir='ltr'><strong>geben.</strong></span> <span class='ocrx_word' id='word_1_520' title='bbox 1646 2380 1717 2410; x_wconf 85' lang='lat' dir='ltr'><strong>Iam</strong></span> <span class='ocrx_word' id='word_1_521' title='bbox 1747 2377 1893 2408; x_wconf 90' lang='lat' dir='ltr'><strong>duorum</strong></span> <span class='ocrx_word' id='word_1_522' title='bbox 1930 2377 2025 2408; x_wconf 90' lang='lat' dir='ltr'><strong>loco-</strong></span> 
     </span>
     <span class='ocr_line' id='line_1_43' title="bbox 152 2429 2026 2474; baseline -0.001 -13"><span class='ocrx_word' id='word_1_523' title='bbox 152 2442 247 2468; x_wconf 76' lang='lat' dir='ltr'><strong>rum,</strong></span> <span class='ocrx_word' id='word_1_524' title='bbox 279 2429 315 2460; x_wconf 92' lang='lat' dir='ltr'><strong>in</strong></span> <span class='ocrx_word' id='word_1_525' title='bbox 346 2430 465 2469; x_wconf 85' lang='lat' dir='ltr'><strong>quibus</strong></span> <span class='ocrx_word' id='word_1_526' title='bbox 496 2430 592 2469; x_wconf 80' lang='lat' dir='ltr'><strong>solis,</strong></span> <span class='ocrx_word' id='word_1_527' title='bbox 628 2436 792 2471; x_wconf 89' lang='lat' dir='ltr'><strong>quantum</strong></span> <span class='ocrx_word' id='word_1_528' title='bbox 822 2430 907 2468; x_wconf 81' lang='lat' dir='ltr'><strong>scio,</strong></span> <span class='ocrx_word' id='word_1_529' title='bbox 940 2431 1192 2472; x_wconf 78' lang='lat' dir='ltr'><strong>praemandare</strong></span> <span class='ocrx_word' id='word_1_530' title='bbox 1220 2437 1469 2474; x_wconf 86' lang='lat' dir='ltr'><strong>usurpatumst,</strong></span> <span class='ocrx_word' id='word_1_531' title='bbox 1503 2433 1589 2463; x_wconf 89' lang='lat' dir='ltr'><strong>alter</strong></span> <span class='ocrx_word' id='word_1_532' title='bbox 1616 2429 1792 2462; x_wconf 84' lang='lat' dir='ltr'><strong>manifesto</strong></span> <span class='ocrx_word' id='word_1_533' title='bbox 1822 2429 1920 2461; x_wconf 85' lang='lat' dir='ltr'><strong>istam</strong></span> <span class='ocrx_word' id='word_1_534' title='bbox 1942 2440 2026 2461; x_wconf 89' lang='lat' dir='ltr'><strong>con-</strong></span> 
     </span>
    </p>
   </div>
  </div>
 </body>
</html>
