2185 2720
945 138 1084 168 cAP.
1124 138 1164 167 v.
1185 136 1212 178 §.
1233 144 1279 170 12.
2019 154 2053 180 ῃ

159 216 259 248 nulla
272 213 367 258 fiat,
388 221 452 248 aut
474 216 567 248 nillil
587 215 718 248 ualeat.
741 230 785 237 —
827 213 988 246 Ceterum
1011 225 1071 244 cur
1092 212 1279 256 praesentis
1304 213 1359 244 hic
1383 214 1502 246 Cicero
1527 227 1629 258 quam
1652 216 1844 260 imperfecti
1865 221 2057 254 coniuncti-

158 279 238 299 uom
261 268 423 298 maluerit
444 279 583 310 ponere,
608 267 636 299 si
660 267 733 310 quis
757 266 842 298 scire
864 265 963 305 uelit,
990 265 1087 296 adeat
1110 266 1225 297 Rudd.
1251 267 1332 298 Inst.
1358 268 1420 298 Gr.
1444 269 1486 298 L.
1511 269 1553 299 T.
1579 270 1621 300 ΙΙ.
1645 282 1679 312 p.
1705 271 1777 303 580.
1803 272 1855 305 ed.
1880 274 1997 306 Stalll).
2024 282 2057 308 et

159 320 312 352 conserat
335 321 405 352 Cic-
437 320 479 350 de
502 320 578 351 Fin.
603 321 641 351 B.
666 326 700 351 et
725 320 774 351 M.
800 319 868 358 IV,
903 329 961 357 22,
998 319 1049 350 61.
1074 318 1172 358 Quid
1193 320 1225 350 si
1248 320 1465 352 reuiuiscaut
1492 321 1672 354 Platonici
1703 325 1777 363 illi,
1815 332 1847 357 et
1871 331 1981 358 tecum
2005 330 2057 361 ita

158 373 373 417 loquantur?
418 371 467 402 Id.
491 371 574 401 ibid.
599 373 651 411 V,
680 372 735 410 14,
762 372 814 414 59.
849 376 890 403 ut
913 371 1008 414 ipsae
1031 372 1139 409 uites,
1171 372 1203 402 si
1225 373 1321 415 loqui
1340 374 1496 416 possint,
1526 375 1578 406 ita
1605 389 1640 407 se
1663 378 1866 410 tractandas
1893 381 2058 412 tuendas-

160 437 227 469 que
250 438 321 457 esse
335 424 536 468 fateantur.
580 425 643 456 IV.
668 424 703 455 in
728 425 800 456 Cat.
823 424 897 464 XI,
924 422 974 463 2'7.
999 425 1142 456 Etenim
1165 425 1196 456 si
1217 437 1349 456 mecum
1366 427 1490 469 patria
1511 444 1554 450 —
1576 428 1626 459 sic
1649 429 1823 471 loquatur.

245 479 387 522 Semper
409 490 444 509 se
467 479 558 509 clicet
581 478 704 520 rogari
727 477 891 515 uoluisse,
915 489 1048 520 semper
1070 477 1135 509 sibi
1157 477 1365 521 supplicari)
1413 479 1629 519 Garatonius,
1654 481 1712 521 qui
1735 482 1774 512 ab
1792 483 1950 515 Harlesio
1974 496 2058 516 con·-

159 537 313 574 pererat,
338 531 373 561 in
392 531 418 561 B
443 537 521 573 post
543 530 739 573 supplicari
761 529 841 560 addi
863 542 910 568 se,
935 529 1017 560 haec
1039 529 1189 562 monuit:
1214 530 1332 571 „Quid
1355 531 1493 562 additur
1515 534 1575 564 se?
1598 532 1762 564 nimirum
1786 536 1882 566 uerbi
1906 539 2058 570 uoluisse

158 583 316 614 relictum
349 583 581 624 uestigiumst3
620 588 657 613 ut
679 582 849 613 Lambino
872 582 941 613 iam
964 582 1049 613 mihi
1072 583 1172 625 plane
1194 583 1354 614 uideatur
1384 584 1703 627 obtemperandum.
1750 587 1797 618 Ut
1820 589 1971 629 primum
1995 603 2059 622 ηο-

159 635 266 668 luisse
288 635 474 677 repetitum
497 635 563 666 suit
587 635 794 677 explanandi
819 646 952 673 caussa,
988 634 1078 676 quod
1103 635 1193 666 inter
1213 635 1400 667 uersiculos
1424 636 1497 667 fieri
1518 638 1663 677 solebat,
1694 650 1811 671 ueram
1834 642 1948 673 sedem
1972 644 2059 674 ami-

156 687 200 719 sit
221 688 257 718 in
277 687 435 718 clausula.
484 688 619 719 Deinde
641 687 719 726 alii,
758 687 816 729 qui
838 699 990 718 mancam
1014 699 1084 719 esse
1105 689 1432 731 conprehensionem
1458 690 1593 721 aurium
1617 690 1742 723 iudicio
1766 694 1956 734 sensissent,
1975 697 2059 739 pla-

161 741 273 772 cuisse
296 740 517 779 addiderunt,
557 740 648 783 quod
675 745 725 770 est
747 740 849 771 etiam
875 740 912 771 in
935 740 1086 782 quinque
1111 741 1377 772 oxoniensibus.
1425 742 1577 783 Optume
1600 743 1705 785 igitur
1728 746 1933 780 Lambinus:
1971 762 2059 781 sem-

153 805 221 836 per
240 805 275 825 se
299 794 388 824 (licet
412 794 551 835 rogari,
589 804 721 836 semper
751 792 817 824 sibi
847 793 1042 836 supplicari
1069 794 1263 826 uoluisse.“
1285 811 1327 817 -
1372 794 1422 826 At
1445 794 1545 836 longe
1568 795 1624 826 uir
1646 809 1786 840 magnus
1811 812 1829 830 a
1851 812 1934 832 uero
1958 803 2059 834 aber-

158 845 259 877 rauit.
305 846 392 877 Cum
411 846 581 877 Lambino
609 844 791 887 quominus
814 851 892 887 post
915 847 1040 888 rogari
1063 847 1207 878 uerbum
1231 848 1383 879 uoluisse
1409 847 1591 885 deleamus,
1617 859 1852 893 ponamusque
1875 860 1952 895 post
1976 868 2060 899 sup-

156 899 308 943 plicari,
348 898 615 940 inpediinentost
644 897 801 928 codicum
830 903 860 928 et
892 904 1115 940 optumorum
1145 907 1178 932 et:
1209 901 1451 944 plurrimorum
1486 901 1678 933 auctoritas.
1725 904 1863 935 Etenim
1898 914 2060 947 quattuor

160 957 293 983 tantum
317 951 397 982 libri
422 950 599 981 deterioris
627 956 727 980 notae
750 955 827 992 post
850 951 973 993 rogari
1001 952 1164 984 omittunt
1191 955 1360 993 uoluisse,
1395 954 1510 985 nullus
1533 960 1647 985 autem
1670 955 1761 987 idem
1784 957 1935 1000 positum
1958 960 2060 993 habet

160 1010 240 1047 post
262 1003 469 1046 supplicari.
515 1002 694 1033 Praeterea
723 1003 940 1034 numerosius
970 1005 1070 1036 etiam
1094 1007 1199 1037 uerba
1227 1007 1350 1037 cadunt
1373 1006 1505 1048 uolgari
1529 1013 1661 1037 retento
1686 1007 1818 1039 ordine.
1864 1011 2059 1046 Pronomen

166 1069 203 1088 se
225 1062 349 1093 autem,
377 1055 413 1086 in
436 1056 463 1086 B
485 1061 563 1097 post
583 1056 778 1099 supplicari
800 1055 965 1095 additum,
991 1057 1082 1099 quod
1106 1060 1311 1090 Garatonius
1335 1059 1492 1090 relictum
1516 1060 1650 1102 putauit
1673 1061 1853 1102 uestigium
1877 1066 1974 1097 uerbi
1998 1081 2061 1100 uo-

160 1109 287 1148 luisse,
310 1109 345 1140 in
369 1120 408 1139 eo
432 1108 565 1150 egregie
589 1107 691 1139 falsus
716 1113 775 1139 est.
823 1107 894 1149 Qui
914 1108 943 1140 si
965 1110 1103 1152 scisset,
1131 1112 1166 1142 id
1189 1111 1280 1154 quod
1303 1123 1394 1142 nunc
1417 1112 1555 1142 demum
1578 1119 1780 1154 conpertum
1804 1115 1988 1158 habemus,
2023 1121 2060 1152 in

161 1162 237 1193 cod.
263 1172 398 1203 quoque
422 1160 497 1192 Erf.
529 1174 564 1193 se
585 1160 740 1192 additum
764 1160 925 1202 reperiri,
960 1168 993 1193 et
1016 1163 1063 1194 ita
1091 1164 1248 1206 quidem,
1279 1171 1317 1196 ut
1339 1171 1466 1208 puncto
1490 1171 1567 1207 post
1590 1166 1785 1207 supplicari
1805 1169 1916 1209 posito
1940 1172 1982 1202 ad
2005 1184 2060 1204 se-

163 1214 303 1257 quentia
324 1213 483 1245 librarius
507 1213 727 1245 referendum
743 1213 883 1256 putarit,
907 1214 979 1245 sine
1004 1215 1107 1247 dubio
1131 1217 1366 1256 intellexisset,
1389 1224 1529 1259 optume
1552 1229 1745 1260 pronomen
1767 1219 1845 1251 illut
1870 1222 1925 1253 hic
1946 1224 2060 1257 locum

160 1267 288 1299 habere
311 1266 465 1308 adeoque
488 1267 714 1299 necessarium
745 1277 826 1298 esse.
872 1267 945 1298 Iam
968 1267 1046 1300 illut
1069 1269 1170 1301 etiam
1195 1270 1347 1312 intellegi
1370 1276 1498 1313 potest,
1532 1270 1624 1301 unde
1654 1277 1729 1302 orta
1751 1272 1795 1303 sit
1818 1274 2061 1315 plurumormn

160 1319 332 1351 librorum
356 1319 443 1351 mira
465 1320 648 1363 scriptura,
689 1331 753 1363 pro
778 1319 845 1351 sibi
867 1322 1085 1363 supplicari3
1123 1335 1158 1354 se
1186 1323 1423 1354 exhibentium
1447 1324 1635 1367 placuisse.
1680 1324 1864 1366 Postquam
1891 1329 1981 1361 enim
2006 1331 2061 1362 in-

161 1372 327 1404 terierant
356 1373 392 1404 111
422 1373 553 1412 codice,
587 1373 679 1404 unde
703 1373 869 1415 originem
894 1372 1086 1413 duxerunt,
1125 1375 1258 1406 litterae
1283 1375 1350 1407 sibi
1372 1389 1455 1419 sup,
1494 1383 1672 1418 sequentes
1698 1379 1834 1420 plicari
1856 1394 1890 1413 se
1912 1389 2061 1415 mutatae

161 1431 242 1456 sunt
263 1426 303 1456 ab
326 1426 467 1456 librario
492 1426 527 1456 in
549 1426 734 1469 placuisse.
778 1425 858 1456 Fuit
881 1432 994 1457 autem
1021 1427 1129 1458 codex
1152 1428 1221 1467 ille,
1245 1440 1288 1459 ex
1307 1440 1373 1470 quo
1398 1429 1466 1460 orti
1488 1436 1567 1461 sunt
1589 1430 1624 1470 ii,
1649 1431 1707 1473 qui
1729 1431 1855 1464 habent
1870 1435 2060 1477 placuisse,

163 1478 354 1509 lacunosus.
403 1477 475 1509 Cfr.
499 1478 632 1519 Proleg.
656 1478 734 1509 Lib.
759 1478 785 1509 Ι.
810 1479 848 1510 C.
870 1479 914 1509 II.
940 1480 970 1520 ς.
997 1480 1027 1511 5.
1051 1491 1084 1522 p.
1109 1481 1233 1512 XVIII
1256 1492 1323 1522 sq..

253 1530 297 1562 Se
320 1531 372 1562 M.
399 1531 517 1562 Seium
532 1529 579 1554 ⁸—
604 1531 656 1563 M.
679 1531 804 1563 Pisoni
821 1532 1048 1574 praetulisse)
1093 1532 1288 1565 Pronomen
1319 1547 1374 1573 se,
1412 1535 1502 1577 quod
1535 1547 1596 1577 ego
1621 1535 1752 1578 primus
1777 1549 1820 1569 ex
1847 1539 1872 1569 B
1898 1546 1930 1571 et
1953 1541 1980 1571 Ε
2005 1554 2062 1573 re-

164 1583 279 1622 stitui,
318 1582 491 1625 quomodo
516 1583 617 1614 etiam
640 1589 832 1614 ceterorum
855 1583 1011 1616 codicum
1035 1585 1098 1616 niti
1121 1587 1321 1618 auctoritate
1345 1587 1411 1618 dici
1432 1588 1554 1629 possit,
1594 1589 1630 1619 in
1654 1595 1734 1620 nota
1764 1593 1977 1625 antecedenti
2001 1595 2062 1626 de-

165 1641 437 1668 monstratumst.
480 1636 562 1667 Non
586 1636 698 1668 minus
722 1643 835 1668 autem
862 1637 904 1668 ad
925 1638 1088 1670 orationis
1111 1639 1339 1681 integritatem
1363 1641 1642 1681 necessariumst,
1675 1654 1775 1684 quam
1797 1644 1832 1675 in
1859 1647 2063 1679 anteceden-

164 1689 254 1721 tibus
277 1688 344 1720 sibi
368 1694 446 1718 ante
469 1690 681 1732 supplicari,
707 1695 740 1720 et
763 1689 798 1720 in
821 1692 1041 1733 sequentibus
1064 1705 1099 1724 se
1125 1699 1202 1735 post
1218 1694 1474 1736 praeposuisse.
1518 1694 1650 1725 Locum
1676 1707 1760 1727 uero
1784 1696 1812 1727 si
1836 1698 1910 1739 quis
1932 1706 1981 1730 est
2004 1700 2062 1742 qui

165 1747 267 1784 neget
289 1747 406 1783 aptum
429 1746 564 1779 tenere,
604 1743 694 1784 quod
718 1743 754 1774 in
777 1743 876 1774 initio
900 1747 981 1775 noui
1012 1747 1158 1777 membri
1181 1746 1264 1786 poni
1289 1758 1358 1777 non
1390 1746 1562 1786 debuerit,
1599 1758 1674 1779 cum
1698 1748 1788 1780 idem
1811 1761 2003 1792 pronomen
2025 1753 2063 1784 in

166 1800 292 1825 antece.
324 1799 357 1824 et
380 1804 472 1835 seqq.
497 1793 589 1825 uocis
614 1795 788 1826 encliticae
809 1796 918 1827 instar
941 1798 1155 1830 conlocatum
1183 1799 1242 1838 sit,
1280 1799 1307 1830 is
1331 1799 1545 1838 meminerit,
1584 1800 1684 1842 longe
1707 1802 1808 1833 aliam
1831 1803 1931 1835 huius
1955 1804 2061 1846 ipsius

165 1846 313 1878 membri
338 1857 438 1887 quam
460 1846 675 1888 reliquorum
700 1848 869 1879 rationem
900 1861 981 1881 esse.
1028 1852 1067 1882 In
1092 1864 1157 1894 qua
1187 1864 1262 1883 cum
1289 1853 1437 1895 populus
1461 1864 1496 1883 se
1518 1852 1686 1884 iudicibus
1720 1861 1892 1896 opponat,
1934 1863 1968 1888 et
1990 1869 2062 1889 sese

168 1899 258 1930 dicat
281 1910 380 1937 eum,
406 1897 464 1939 qui
486 1909 505 1929 a
528 1899 695 1931 iudicibus
720 1900 922 1944 dampnatus
946 1902 1081 1943 fuisset,
1109 1905 1167 1935 alii
1190 1905 1323 1936 homini
1349 1905 1458 1936 multo
1482 1905 1722 1947 praestantiori
1745 1908 1963 1948 praetulisse,
1987 1922 2063 1941 ma-

166 1950 372 1990 nifestumst,
398 1962 466 1982 non
490 1952 686 1983 encliticam
708 1959 759 1984 set
785 1954 1047 1997 ὄρθοτοιιούμενον
1069 1969 1139 1989 esse
1161 1970 1364 2000 pronomen,
1390 1958 1535 1999 ideoque
1556 1970 1618 1988 nec
1641 1959 1753 1989 omitti
1776 1961 1926 2001 potuisse
1950 1968 1983 1992 et
2005 1974 2062 1993 re-

167 2003 326 2035 ctissume
356 2003 393 2034 in
423 2004 521 2036 initio
555 2005 656 2036 huius
683 2007 829 2039 membri
860 2020 930 2040 esse
959 2011 1121 2052 positum.
1168 2011 1239 2043 Cfr.
1265 2009 1354 2041 infra
1378 2011 1417 2041 C.
1440 2011 1650 2042 XXXVIII.
1676 2012 1705 2052 ς.
1730 2022 1780 2053 92.
1816 2026 1850 2044 se
1873 2027 1940 2045 noa
1962 2015 2062 2046 morlo

169 2057 256 2088 satis
279 2056 402 2089 habere
423 2070 446 2090 a
468 2070 520 2090 me
543 2065 604 2089 etc.
631 2058 672 2090 de
694 2060 769 2091 Fin.
794 2061 832 2091 B.
857 2067 890 2092 et
913 2063 962 2093 M.
987 2064 1056 2103 IV,
1083 2065 1139 2103 26,
1167 2076 1216 2104 72.
1239 2064 1336 2104 Quill
1358 2064 1410 2095 ait
1433 2064 1659 2102 Aristoteles,
1683 2066 1877 2108 reliquique
1900 2067 2062 2098 Platonis

169 2109 330 2141 alumni?
373 2110 424 2141 Se
455 2112 570 2143 omnia
593 2124 679 2155 quae
702 2115 891 2146 secundnm
913 2122 1078 2148 naturam
1101 2118 1190 2155 sint,
1222 2117 1309 2148 bona
1331 2117 1519 2159 appellare.
1565 2116 1614 2146 Id.
1640 2117 1740 2148 Tusc.
1767 2118 1810 2158 Q.
1835 2119 1899 2157 Ill,
1932 2120 1982 2157 54,
2008 2119 2060 2151 84.

170 2161 268 2201 Quid
289 2168 407 2194 autem.
433 2164 659 2206 praeclarum
683 2177 751 2197 11on
777 2167 869 2199 iclem
891 2169 1067 2201 arduum?
1103 2182 1145 2201 se
1169 2176 1282 2201 tamen
1311 2169 1350 2200 id
1373 2168 1578 2213 effecturam
1601 2169 1825 2214 pltilosoplzia
1843 2171 2062 2214 profitetur,-

169 2225 244 2248 nos
266 2216 365 2246 modo
389 2217 603 2248 curationem.
627 2218 700 2249 eius
722 2220 942 2263 recipiamus.

257 2268 310 2300 M.
333 2268 471 2307 Seium,
510 2269 570 2312 qui
594 2281 636 2301 ne
658 2277 848 2313 equestrem
871 2274 1009 2317 quidem
1034 2274 1250 2317 splendorem
1283 2274 1488 2306 incolumem
1510 2286 1532 2306 a
1555 2274 1756 2306 calamitate
1780 2275 1891 2307 iudici
1914 2278 2062 2310 retinere

167 2319 353 2363 potuisset)
391 2321 605 2363 Dampnatus
634 2322 724 2353 enim
754 2331 886 2365 partem
915 2337 1054 2357 suarum
1078 2325 1293 2357 fortunarum
1317 2327 1445 2366 amisit,
1486 2338 1570 2368 quae
1593 2338 1730 2357 censum
1755 2334 1964 2369 equestrem,
2003 2330 2061 2371 qui

173 2372 394 2414 quadraginta
417 2374 512 2405 milia
536 2386 717 2406 nummum
741 2382 822 2414 erat,
845 2376 1017 2418 inminuit,
1044 2385 1083 2410 ut
1105 2379 1195 2410 inter
1218 2379 1347 2421 equites
1372 2380 1544 2411 Romanos
1569 2379 1726 2420 deinceps
1750 2381 1879 2411 censeri
1906 2393 1974 2412 non
1996 2394 2062 2424 po-

171 2424 287 2455 tuerit.
331 2425 412 2457 Ideo
445 2426 534 2457 dixit
564 2428 687 2459 Horat.
717 2428 807 2471 Epp.
831 2429 866 2469 I,
904 2441 936 2470 1,
967 2432 1019 2474 57.
1056 2433 1097 2465 Si
1119 2432 1388 2477 quadringentis
1416 2445 1475 2464 sex
1505 2438 1633 2475 septem
1655 2432 1754 2464 milia
1778 2434 1920 2471 desunt,
1956 2434 2060 2467 Plebs
