2185 2720
910 168 949 198 1..
977 166 1033 197 111.
1077 165 1112 196 c.
1139 165 1164 195 Ι.
1211 162 1238 206 §.
1264 175 1291 196 2.
1925 162 2041 192 inx

238 247 346 286 Itaque
372 245 432 275 duo
452 245 514 274 iam
541 249 613 274 sunt
632 242 829 280 cenissuma3
856 242 1006 282 primum,
1033 240 1194 270 Plancium
1214 251 1294 269 anno
1315 249 1379 278 700.
1399 240 1436 269 L.
1456 239 1600 269 Domitio
1629 244 1660 269 et
1679 239 1785 279 Appio
1807 238 1937 268 Claudio
1965 249 2042 267 8055.

164 305 231 324 8558
251 295 426 329 defensum,
446 293 593 329 alterum,
613 301 678 320 non
697 301 764 320 esse
783 291 942 320 defensum
960 294 1033 330 post
1051 299 1187 318 mensem
1208 288 1442 328 Septembrem,
1463 293 1509 317 set
1528 293 1580 317 aut
1600 288 1667 327 ipso
1687 288 1744 316 illo
1766 297 1881 323 mense,
1901 292 1953 315 aut
1972 291 2044 315 ante

122 363 125 365 .
164 352 301 372 mensem
322 341 420 370 illum.

239 390 337 418 Porro
358 388 520 417 Uatinium
546 387 658 416 scimus
688 397 794 416 mense
822 386 934 415 Sextili
961 385 1122 415 defensum
1148 394 1165 413 a
1183 385 1228 414 M.
1249 383 1356 413 Tullio
1387 391 1468 419 esse;
1498 381 1608 409 scribit
1633 382 1716 410 enim
1736 382 1780 411 M.
1801 381 1926 410 Tullius
1947 381 1985 409 ad
2005 382 2043 417 Q.

165 437 294 466 fratrem
314 436 387 465 Lib.
408 436 448 464 II.
470 446 516 474 ep.
539 435 581 464 16.
609 434 681 474 (Ep.
703 434 853 464 CXLIV.
880 435 918 463 T.
938 433 978 463 II.
1005 442 1035 472 p.
1054 432 1120 462 205.
1147 431 1194 460 ed.
1216 430 1340 460 Schutz.
1360 428 1470 466 mai..)‚
1491 438 1568 467 quae
1589 428 1719 466 epistola
1738 439 1843 458 mense
1864 428 1977 458 Sextili
1997 439 2045 457 an.

166 493 230 521 700.
251 484 411 522 scriptast,
438 482 530 511 haec:

243 532 310 568 Quo
330 532 381 560 die
399 531 476 559 haec
497 531 617 568 scripsi,
638 529 765 558 Drusus
784 535 851 558 erat
870 529 907 557 de
920 528 1196 567 praeuaricatione
1216 536 1237 555 α
1257 525 1392 555 tribunis
1412 524 1546 552 aerariis
1566 522 1740 559 absolutus,
1758 525 1792 552 ιίι
1813 534 1934 551 summa
1952 529 2048 561 quat-

166 587 238 609 tuor
265 580 445 611 sententiis,
471 589 543 606 cum
568 583 726 606 senatores
752 583 782 605 et
802 579 917 615 equites
943 577 1151 605 damnassent.
1188 574 1258 612 Ego
1287 574 1389 601 eodem
1418 572 1468 600 die
1488 577 1561 608 post
1587 571 1746 599 meridiem
1771 571 1933 599 Uatinium
1963 580 2048 598 eram

166 628 361 666 defensurus.
400 625 449 652 Ea
469 635 518 653 res
535 625 654 663 facilis
674 631 729 654 est.
768 625 900 653 Comitia
918 625 953 652 in
972 633 1105 652 mensem
1123 623 1209 660 Sept.
1234 621 1350 649 reiecta
1374 625 1458 649 sunt.
1495 619 1610 647 Scauri
1628 618 1781 647 iudicium
1799 619 1908 646 statim
1927 627 2048 646 exerce—

167 674 276 706 bitur;
303 674 356 700 81ιί
375 682 429 699 nos
448 682 510 700 non
530 672 693 701 deerimus.

242 719 350 758 Itaque
378 728 447 746 cum
467 718 627 748 Plancium
655 719 748 758 paulo
775 724 846 748 ante
871 718 1042 748 uiderimus
1070 728 1133 747 non
1160 726 1252 756 posse
1278 725 1343 744 esse
1369 720 1442 755 post
1460 725 1597 744 mensem
1618 713 1831 751 Septembrem
1852 717 2048 746 accussatum‚

167 766 315 796 'Uatinius
335 772 446 802 autem,
467 777 558 805 quem
578 771 649 795 ante
668 767 828 796 Plancium
848 777 866 795 a
885 767 1038 795 Cicerone
1058 766 1217 794 defensum
1237 773 1303 791 esse
1324 769 1506 802 conpertum
1526 763 1686 797 habemus,
1705 771 1809 789 mense
1830 760 1943 788 Sextili
1964 769 2051 788 caus-

167 825 232 844 sam
259 814 296 842 de
323 813 480 842 sodaliciis
510 813 641 849 dixerit,
677 819 766 842 extra
792 823 914 842 onmem
940 814 1183 843 controuersiam
1209 811 1358 851 ponitur,
1390 812 1434 840 M.
1462 811 1647 840 Ciceronem
1674 820 1733 848 pro
1762 809 1818 837 Cn.
1846 807 1973 837 Plancio
2001 812 2053 836 aut

169 867 304 893 exeunte
324 871 429 889 mense
452 861 565 889 Sextili
586 867 638 890 aut
658 862 785 890 ineunte
805 870 910 890 mense
930 861 1014 900 Sept.
1035 872 1084 890 an.
1106 869 1169 898 700.
1191 859 1315 888 dixisse.

244 908 307 937 Hic
327 912 429 936 autom
450 908 486 936 (18
508 907 633 936 Schutzi
654 908 804 946 opinione
833 908 1141 943 conmemorandum,
1168 918 1259 946 quem
1283 908 1344 935 iam
1363 906 1397 934 in
1419 905 1639 935 commentario
1660 904 1697 932 ad
1721 904 1755 933 C.
1775 903 1939 933 XXXIV.
1959 901 1987 942 §.
2007 904 2052 932 83.

169 956 345 986 monuimus
366 966 405 984 ex
423 956 544 984 uerbis:
575 956 628 984 Set
647 954 705 983 hoc
724 957 823 984 nescio
843 956 989 995 quomodo
1001 956 1189 994 frequenter
1209 957 1243 983 in
1263 965 1311 983 me
1329 955 1528 992 congessisti,
1558 963 1693 991 saneque
1712 955 1747 981 in
1767 962 1800 981 eo
1820 952 1923 981 creber
1942 952 2053 989 sitisti,

173 1011 202 1033 te
222 1004 337 1032 idcireo
357 1004 391 1031 in
411 1003 499 1032 ludos
519 1013 663 1032 caussam
681 1005 818 1032 conicere
837 1003 988 1039 noluisse,
1023 1013 1061 1031 ne
1081 1013 1136 1041 ego
1156 1013 1225 1031 mea
1245 1002 1465 1030 consuetudine
1485 1001 1610 1039 aliquid
1630 1001 1666 1029 de
1689 1000 1806 1028 thensis
1825 999 2055 1028 misericordiae

171 1061 285 1080 caussa
305 1050 452 1083 dicerem,
485 1051 570 1089 quod
594 1050 630 1078 in
656 1050 731 1078 aliis
755 1049 910 1079 aedilibus
934 1056 1008 1079 ante
1027 1050 1197 1089 fecissem.-
1226 1049 1414 1087 conlegisse,
1444 1054 1515 1076 ante
1541 1047 1631 1076 ludos
1659 1048 1816 1076 Romanos
1837 1047 1999 1075 Plancium
2019 1047 2055 1074 de

171 1097 292 1127 ambitu
312 1102 501 1125 accussatum
521 1107 597 1126 esse.
637 1097 755 1126 Scribit
780 1098 863 1126 enim
889 1098 923 1127 in
945 1097 1116 1127 Summario
1143 1108 1174 1136 p.
1194 1098 1275 1126 351.:
1302 1095 1513 1132 „Praeteritus
1540 1095 1637 1133 igitur
1657 1094 1837 1123 Laterensis
1863 1095 1965 1123 statim
1986 1100 2056 1132 post

172 1144 308 1174 secunda
333 1144 388 1172 illa
414 1145 540 1174 comitia
559 1144 722 1173 Plancium
747 1144 878 1174 aedilem
905 1145 1096 1183 designatum
1124 1154 1164 1172 ex
1189 1144 1257 1183 lege
1277 1144 1405 1173 Licinia
1431 1143 1468 1171 de
1489 1143 1647 1171 sodaliciis
1668 1143 1855 1177 accussauit,
1884 1141 2057 1180 etquidem

173 1197 245 1222 ante
264 1191 355 1220 ludos
375 1191 532 1221 Romanos
553 1191 660 1220 eodem
679 1192 746 1220 fere
766 1193 839 1221 anni
858 1199 1014 1232 tempore,
1042 1202 1102 1230 quo
1120 1198 1169 1220 311.
1191 1192 1254 1229 690.
1277 1193 1409 1221 Murena
1437 1191 1544 1219 consul
1565 1191 1740 1228 designatus
1761 1190 1799 1218 de
1819 1189 1937 1218 ambitu
1958 1189 2059 1218 suerat

175 1245 360 1268 accussatus.
399 1240 469 1268 Hoc
490 1239 574 1268 enim
600 1249 617 1267 e
637 1250 662 1268 c.
682 1240 729 1268 34.
751 1240 898 1277 efficitur,
933 1240 987 1269 ubi
1009 1239 1120 1268 Cicero
1148 1238 1226 1267 dicit
1245 1239 1447 1267 Laterensem
1469 1237 1602 1273 dixisse,
1631 1248 1663 1265 se
1692 1237 1776 1266 nolle
1802 1237 1837 1265 111
1863 1236 1952 1266 ludos
1979 1236 2058 1265 hanc

175 1296 310 1316 caussam
330 1286 492 1322 conicere,
511 1296 551 1315 ne
572 1287 683 1316 Cicero
702 1292 807 1326 posset
826 1287 945 1326 aliquid
964 1287 1002 1315 de
1021 1286 1140 1315 thensis
1161 1286 1394 1315 misericordiae
1415 1295 1519 1313 caussa
1539 1285 1673 1313 dicere.“

251 1333 371 1362 Uerum
392 1333 450 1362 etsi
471 1344 510 1362 ex
530 1333 586 1370 iis,
608 1344 685 1372 quae
704 1334 794 1363 modo
816 1334 1033 1373 exposuimuS,
1052 1333 1124 1361 saris
1145 1339 1282 1371 apparet,
1303 1334 1372 1362 fieri
1397 1333 1523 1361 omnino
1544 1333 1695 1370 potuisse,
1714 1339 1749 1362 ut
1768 1333 1911 1362 Plancius
1931 1334 2059 1362 1118111118

175 1391 281 1411 mense
307 1381 483 1419 Septembri
510 1381 642 1420 ideoque
671 1387 742 1410 ante
769 1382 859 1410 ludos
887 1382 1044 1410 Romanos
1072 1390 1207 1408 caussam
1235 1381 1371 1416 diceret,
1400 1386 1502 1409 tamen
1528 1390 1566 1407 ex
1593 1380 1697 1408 uerbis
1724 1381 1787 1408 illis
1809 1381 1970 1410 Ciceronis
1996 1392 2060 1410 non

177 1429 304 1460 uidetur
322 1428 355 1456 id
374 1433 460 1456 recte
479 1438 571 1466 posse
591 1428 744 1457 concludi.
784 1428 867 1456 Uide
887 1438 964 1466 quae
983 1428 1017 1456 111
1037 1438 1146 1456 comm.
1167 1428 1205 1456 ad
1225 1428 1329 1456 locum
1350 1428 1439 1455 illum
1460 1427 1604 1455 adnotata
1623 1432 1704 1455 sunt.

254 1476 382 1511 Restat,
402 1479 437 1503 ut
457 1475 494 1502 de
520 1475 607 1503 Tulli
629 1475 750 1509 uerbis,
777 1485 855 1513 quae
875 1475 909 1504 C.
929 1475 1008 1504 XX.
1034 1473 1062 1514 §.
1083 1476 1128 1513 49.
1156 1475 1272 1513 scripta
1291 1479 1379 1510 sunt,
1408 1474 1562 1509 dicamus,
1589 1484 1658 1501 cum
1679 1484 1714 1502 ea
1733 1475 1891 1504 nonnullis
1911 1477 1977 1505 nisa
1997 1477 2061 1505 sint

179 1524 282 1553 facere
302 1527 410 1551 contra
430 1531 493 1558 eOS‚
514 1521 567 1561 qui
587 1522 625 1550 L.
645 1522 787 1551 Domitio
808 1527 839 1552 et
857 1522 964 1562 Appio
986 1522 1118 1552 Claudio
1140 1532 1217 1552 coss.
1237 1533 1285 1551 an.
1307 1531 1371 1560 700.
1395 1522 1555 1551 defensum
1574 1521 1736 1550 Plancium
1756 1527 1899 1551 statuant.
1939 1524 2062 1562 Scripta

183 1569 230 1598 ibi
248 1568 324 1597 haec
345 1574 432 1597 sunt:

254 1617 306 1645 Set
326 1627 382 1644 cur
402 1627 457 1655 ego
476 1618 522 1645 sic
548 1616 634 1655 ago?
665 1619 757 1656 quasi
781 1629 844 1648 non
870 1622 1004 1649 comitiis
1030 1623 1097 1649 iam
1121 1619 1332 1658 superioribus
1358 1620 1401 1646 sit
1427 1618 1583 1646 Plancius
1611 1617 1796 1655 designatus
1821 1619 1932 1647 aedilis
1940 1629 1952 1653 ,·
1984 1630 2063 1657 quae

181 1665 308 1693 comitia
332 1666 472 1701 primum
496 1664 608 1693 habere
635 1667 734 1702 coepit
759 1668 867 1695 consul
891 1678 961 1696 cum
988 1668 1129 1696 omnibus
1155 1669 1192 1696 in
1217 1666 1308 1695 rebus
1327 1675 1449 1693 summa
1469 1666 1673 1701 auctoritate,
1704 1671 1770 1694 tum
1789 1666 1901 1694 harum
1922 1668 2064 1703 ipsarum

183 1713 289 1750 legum
311 1711 447 1739 anzbilus
467 1718 595 1746 aucien-
629 1712 739 1741 deinde
757 1713 870 1743 habere
890 1717 989 1753 coepit
1007 1715 1108 1744 subito
1124 1720 1252 1752 praeter
1272 1715 1445 1751 opinionem
1466 1714 1620 1748 omnium,
1650 1718 1684 1740 ut
1704 1723 1742 1741 ne
1761 1715 1789 1742 si
1808 1715 1973 1752 cogitasset
1994 1716 2064 1752 qui—

181 1761 251 1790 dem
270 1759 428 1797 quispiam
447 1760 578 1797 largiri,
600 1759 729 1788 daretur
747 1763 886 1797 spatium
906 1763 1112 1800 conparandi.

258 1805 459 1835 Dissentiunt
478 1806 530 1834 hic
549 1807 632 1835 inter
652 1817 684 1835 se
705 1807 851 1844 editores,
872 1809 925 1847 qui
944 1809 1042 1838 suerit
1061 1808 1170 1837 consul
1190 1808 1256 1845 1118,
1276 1819 1367 1848 quem
1387 1808 1492 1838 subito
1513 1808 1653 1837 creandis
1674 1807 1826 1836 aedilibus
1847 1806 1971 1836 comitia
1991 1817 2065 1836 coe-

183 1855 266 1894 pisse
292 1853 406 1882 haberc
436 1854 547 1883 Cicero
575 1854 661 1882 dicit.
699 1854 767 1882 Alii
794 1855 986 1893 Domitium,
1012 1857 1066 1885 aJii
1093 1857 1294 1895 Pompeium,
1323 1857 1378 1884 alii
1403 1858 1447 1886 M.
1468 1857 1627 1885 Licinium
1656 1856 1798 1885 Crassum
1823 1855 2066 1893 intellegendum

184 1904 304 1939 putant.
351 1899 452 1929 Recte
477 1907 579 1930 autem
606 1902 764 1930 Ferratius
790 1912 821 1941 p.
844 1903 904 1942 169.
934 1909 965 1933 et
992 1904 1180 1933 Garatonius
1206 1914 1269 1932 non
1296 1915 1386 1943 posse
1419 1904 1513 1933 alium
1544 1914 1634 1942 quam
1663 1904 1707 1932 M.
1734 1903 1894 1931 Licinium
1922 1903 2064 1931 Crassum

186 1947 389 1985 significatum
409 1958 475 1976 esse
494 1949 651 1978 uiderunt.
690 1949 770 1978 Nam
790 1960 860 1979 811111
882 1951 992 1980 Cicero
1013 1952 1181 1987 consulem,
1201 1951 1255 1989 qui
1274 1951 1419 1980 habuerit
1440 1952 1566 1980 comitia
1586 1951 1650 1986 illa,
1669 1950 1783 1978 harum
1802 1952 1943 1987 ipsarum
1963 1952 2066 1988 legum

187 1994 322 2023 ambitus
341 2002 497 2024 auctorem
516 1997 669 2035 appellet,
689 1997 758 2026 luce
778 1997 891 2026 clarius
913 2003 975 2034 est,
995 2008 1065 2027 eum
1085 1999 1226 2036 intellegi
1247 2000 1406 2028 consulem
1427 1999 1555 2033 debere,
1578 1998 1630 2036 qui
1651 2002 1758 2026 auctor
1777 1998 1873 2025 fuerit
1893 1998 1995 2035 legum
2015 2000 2066 2026 1181

187 2042 284 2080 legis,
315 2041 352 2070 (18
373 2052 432 2081 qua
457 2043 503 2071 ibi
523 2044 634 2073 Cicero
661 2045 814 2084 loquatur.
852 2045 1010 2084 Loquitur
1036 2051 1139 2075 autem
1159 2046 1228 2085 (cfr.
1250 2047 1284 2075 C.
1305 2047 1381 2075 XV.
1402 2045 1430 2086 §.
1450 2046 1510 2085 36.)
1531 2046 1568 2074 de
1588 2046 1656 2083 lege
1676 2044 1816 2080 Licinia,
1847 2055 1922 2083 quae
1944 2051 2008 2073 erat
2029 2045 2066 2073 <le

188 2089 363 2125 sodaliciis,
391 2100 448 2127 qua
467 2090 645 2121 Laterensis
666 2093 826 2122 Plancium
844 2093 1064 2131 postulauerat.
1104 2094 1260 2123 Liciniam
1280 2099 1381 2122 autem
1406 2100 1493 2132 patet
1519 2104 1584 2122 cam
1605 2093 1703 2121 solum
1724 2092 1863 2130 potuisse
1883 2093 1962 2129 dici,
1990 2104 2066 2131 quae

189 2142 316 2166 31181018
336 2138 379 2165 M.
400 2137 525 2165 Licinio
546 2139 655 2168 Crasso
675 2145 740 2169 erat
759 2140 886 2179 perlata.
926 2140 1033 2180 Itaque
1053 2147 1189 2178 certum,
1216 2141 1322 2180 priora
1342 2142 1467 2169 comitia
1485 2141 1556 2176 illa,
1585 2140 1695 2178 quibus
1717 2140 1773 2168 Cn.
1794 2140 1938 2169 Plancius
1958 2142 2066 2169 aedilis

191 2185 365 2223 designatus
395 2189 455 2219 cst,
487 2186 530 2212 M.
552 2186 711 2216 Licinium
732 2188 873 2216 Crassum
901 2187 1056 2218 habuisse.
1097 2190 1185 2226 Quae
1212 2189 1238 2217 si
1264 2194 1330 2217 rata
1358 2189 1506 2223 fuissent,
1535 2188 1603 2215 51118
1631 2187 1724 2216 dubio
1753 2188 1896 2216 Plancius
1924 2188 1982 2216 iam
2010 2189 2066 2217 Cn.

189 2232 340 2271 Pompeio
361 2236 391 2259 et
412 2232 454 2260 M.
475 2230 601 2261 Licinio
618 2234 727 2262 Crasso
747 2235 859 2263 iterum
879 2235 1059 2264 consulibus
1079 2247 1126 2264 an.
1148 2237 1212 2274 699.
1233 2246 1249 2264 3
1264 2236 1435 2264 Laterense
1455 2241 1627 2264 accussatus
1648 2241 1737 2263 essct.
1772 2235 1871 2273 Atqui
1890 2245 1953 2264 11011
1972 2237 2068 2265 fuisso

189 2284 271 2315 rata,
292 2278 406 2307 diserte
426 2278 537 2307 Cicero
567 2278 642 2308 dicit
660 2279 688 2319 §.
708 2281 754 2309 50.
774 2282 819 2310 53.
838 2282 903 2318 54„
937 2283 1133 2321 ostenditque
1159 2293 1213 2319 80,
1249 2283 1331 2321 quod
1351 2285 1395 2313 M.
1416 2283 1578 2311 Licinium
1604 2293 1667 2311 11011
1694 2282 1838 2311 habuisse
1859 2284 1984 2312 comitia
2004 2284 2068 2319 illa,

191 2331 239 2355 set
258 2325 372 2355 habere
391 2331 511 2354 tantum
531 2326 668 2365 coepisse
688 2327 740 2356 ait.
778 2328 885 2367 Itaque
903 2328 960 2357 uix
980 2340 1057 2368 opus
1078 2335 1142 2366 est,
1170 2335 1204 2359 ut
1226 2330 1367 2367 doceam,
1394 2331 1453 2359 alia
1472 2331 1527 2358 illa
1546 2330 1642 2359 fuisse
1664 2329 1804 2365 comitia,
1833 2341 1908 2368 quae
1928 2333 2068 2361 creandis

192 2373 344 2403 aedilibus
362 2373 523 2402 curulibus
539 2383 587 2401 an.
608 2373 671 2411 699.
691 2384 708 2402 a
722 2375 871 2413 Pompeio
886 2375 992 2405 habita
1007 2386 1074 2406 esse
1093 2388 1126 2406 ac
1141 2377 1231 2406 ualde
1250 2378 1431 2407 turbulenta
1450 2379 1545 2408 fuisse
1563 2376 1746 2406 Plutarchus
1762 2377 1796 2406 in
1810 2378 1959 2418 Pompeio
1981 2390 2005 2408 c.
2023 2381 2068 2409 53.

193 2432 224 2460 p.
239 2423 302 2454 817.
319 2421 364 2449 ed.
380 2421 487 2449 Reisk.
509 2426 540 2449 et
555 2420 619 2449 Dio
635 2420 757 2449 Cassius
774 2421 846 2450 Lib.
857 2422 1023 2453 XXXIX.
1044 2435 1069 2454 c.
1084 2425 1130 2454 32.
1149 2436 1180 2464 p.
1197 2426 1262 2463 517.
1283 2425 1331 2454 ed.
1347 2426 1447 2455 Sturz.
1468 2426 1602 2454 tradunt.
1641 2425 1720 2454 Nam
1740 2426 1804 2455 illis
1821 2427 1954 2456 comitiis
1973 2427 2069 2455 creati

195 2472 268 2498 sunt
287 2467 417 2505 aediles,
446 2468 500 2507 qui
526 2468 634 2498 eodem
654 2478 734 2498 anno
755 2469 819 2509 699.
845 2470 1034 2501 aedilitatem
1061 2477 1221 2511 gererent,
1250 2483 1321 2503 cum
1340 2483 1420 2502 anno
1441 2472 1605 2512 superiore
1624 2472 1689 2513 698.
1718 2474 1845 2503 801111113
1862 2474 1948 2503 nulla
1968 2479 2070 2503 essent
