2185 2720
875 106 900 135 C
920 105 948 134 A
968 106 1011 135 P.
1049 105 1160 135 XXII.
1187 104 1214 145 ยง.
1241 112 1284 140 53.
1312 112 1358 140 54.
2002 120 2056 148 149

171 194 249 214 rum
273 181 430 224 suffragia
452 180 607 212 Plancius
629 180 764 212 tulerat.
809 181 927 213 Minor
949 187 1066 212 contra
1092 180 1246 213 coitionis
1269 182 1414 225 suspicio
1439 190 1525 224 erat,
1558 183 1586 216 si
1609 183 1775 217 eiusmodi
1798 187 1922 227 tribus,
1953 201 2054 232 quam

169 246 212 266 ex
234 240 369 265 centum
392 234 587 266 hominibus
610 233 800 265 constitisse
822 234 1000 276 ponimus,
1025 233 1183 276 suffragia
1206 241 1323 266 cuncta
1346 236 1516 276 Plancius,
1549 238 1790 281 quinquaginta
1813 240 1957 281 Plotius,
1988 243 2054 274 tri-

167 287 260 330 ginta
283 287 433 330 quinque
455 287 595 325 Pedius,
632 286 826 328 quindecim
849 285 1043 318 Laterensis
1075 286 1209 317 tulerat.
1255 289 1385 320 Uerum
1415 296 1599 332 utrumque
1629 291 1656 322 si
1679 290 1804 323 factum
1835 300 1923 332 erat,
1962 296 2053 337 quod

165 339 293 372 factum
317 352 387 372 esse
409 339 602 372 Laterensis
627 339 718 379 dicit,
743 346 780 372 ut
802 339 910 371 tribus
932 339 1112 382 plerasque
1135 351 1211 370 cum
1234 340 1345 372 Plotio
1368 341 1499 374 tulisset
1522 343 1693 383 Plancius,
1718 351 1751 376 et
1773 346 1952 378 nonnullas
1976 348 2054 390 qui-

167 393 246 425 dem
275 394 409 437 punctis
436 403 543 436 paene
575 392 738 425 totidem:
780 399 853 424 tum
882 398 974 423 recte
1005 403 1082 424 casu
1110 392 1147 424 id
1169 393 1327 425 accidisse
1357 406 1480 437 negare
1502 396 1694 428 Laterensis
1719 404 1752 429 et
1773 398 1955 431 coitionem
1982 412 2052 432 esse

166 445 287 478 factam
311 447 438 478 coicere
460 444 583 488 potuit.

253 499 383 531 Callide
407 498 544 537 Cicero,
579 497 636 540 qui
661 504 732 530 erat
755 498 825 530 eius
848 511 921 533 mos
944 511 1041 530 reum
1068 497 1297 539 defendentis,
1331 500 1468 544 utrique
1490 508 1689 543 argumento
1715 503 1761 535 ita
1784 505 1983 547 respondet,
2013 512 2052 538 ut

166 563 235 584 non
259 552 374 584 doceat
397 552 510 583 inania
533 563 603 582 esse
626 551 874 594 diligenterque
896 551 1038 590 refutet,
1063 551 1095 582 id
1122 551 1212 593 quod
1236 551 1345 583 facere
1365 565 1431 585 non
1454 555 1575 597 potuit,
1599 566 1719 587 uerum
1743 563 1781 588 ut
1803 557 1898 589 breui
1922 559 2049 599 reiciat,

166 615 203 635 ac
224 604 253 636 si
275 604 401 636 nullius
424 605 490 636 siut
514 603 689 643 momenti,
713 603 866 646 adeoque
890 604 1033 635 ridicula
1058 604 1167 636 facere
1191 606 1323 638 studeat
1343 608 1379 648 ยน).
1423 608 1511 639 Nam
1536 619 1620 649 quae
1643 608 1684 639 ad
1708 610 1858 652 primum
1882 612 2050 643 Lateren-

163 656 207 688 sis
230 664 467 699 argumentum
496 656 696 699 respondet:
730 670 775 688 an
806 670 875 689 una
894 657 985 700 fieri
1010 663 1222 700 potuerunt,
1258 660 1383 692 sinna
1411 660 1521 692 tribus
1549 673 1615 692 non
1639 663 1800 695 tulisset?
1833 676 1871 695 ea
1900 666 2050 708 speciosa

165 708 320 751 quidem,
360 722 482 742 uerum
512 710 665 741 minume
690 721 732 740 ex
756 710 849 741 omni
872 717 967 753 parte
992 722 1073 741 uera
1100 717 1188 741 sunt.
1234 712 1371 743 Etenim
1398 713 1426 744 si
1449 713 1602 745 Plancius
1626 715 1838 758 undeuiginti
1862 717 1970 749 tribus
1992 724 2049 749 tu-

163 763 275 803 lisset,
308 775 351 795 ex
373 764 481 806 iisque
504 763 718 805 undeuiginti
742 763 822 794 duas
847 763 993 801 Plotius,
1028 775 1152 795 nouem
1175 764 1314 804 Pedius,
1345 772 1419 797 octo
1441 766 1651 806 Laterensis,
1688 769 1834 811 reliquas
1858 777 1971 802 autem
1994 784 2048 803 se-

164 815 273 847 decim
295 817 403 848 tribus
426 816 572 854 Plotius,
597 828 640 846 ex
663 815 772 858 iisque
795 822 869 847 octo
894 815 1033 854 Pedius,
1058 822 1132 847 octo
1154 817 1364 849 Laterensis:
1397 818 1551 850 Plancius
1574 825 1606 850 et
1630 820 1758 852 Plotius
1781 825 1967 855 necessario
1990 837 2048 856 ae-

163 868 248 900 diles
271 868 350 901 facti
373 875 497 908 essent,
532 869 578 899 ita
600 874 730 906 tamen,
764 875 803 900 ut
826 868 906 900 duas
929 874 1061 899 tantum
1084 869 1192 900 tribus
1215 881 1282 901 una
1304 870 1443 903 ferrent.
1489 873 1605 914 Itaque
1629 873 1693 904 hoc
1717 874 1854 916 quidem
1882 885 2046 918 uerumst,

163 923 343 954 nonnullas
370 922 478 954 tribus
509 921 695 952 necessario
719 921 894 952 Plancium
924 928 956 952 et
980 922 1128 953 Plotium
1156 934 1223 954 una
1248 923 1339 955 serre
1369 925 1540 963 debuisse,
1575 937 1651 957 cum
1674 938 1740 957 una
1769 927 1888 960 fierent
1911 930 2045 971 aediles,

163 985 286 1007 uerum
308 975 386 1006 illut
408 974 481 1005 fieri
504 986 571 1005 non
596 974 792 1016 oportebat,
816 980 868 1012 ut,
894 972 984 1015 quod
1007 973 1131 1005 factum
1154 976 1346 1008 Laterensis
1370 977 1460 1019 dicit,
1484 978 1591 1010 tlibus
1614 979 1792 1022 plerasque
1815 992 1882 1012 una
1904 981 2045 1015 seirent.

247 1037 405 1069 Altelum
429 1043 683 1079 algumentum,
721 1039 761 1069 ab
781 1039 965 1070 Late1ense
987 1037 1156 1077 adlatum,
1192 1039 1255 1071 hac
1277 1041 1502 1083 potissumum
1526 1041 1657 1073 ratione
1677 1043 1789 1075 lesclli
1810 1051 1922 1087 putat,
1954 1047 2046 1089 quod

161 1088 305 1122 maiores
338 1090 552 1122 sortitionem
582 1091 771 1123 aediliciam
800 1102 869 1122 non
898 1089 1165 1129 constituissent,
1200 1093 1265 1124 nisi
1295 1105 1371 1125 casu
1399 1094 1549 1125 accidere
1576 1106 1675 1137 posse
1701 1096 1966 1139 intellexissent,
2007 1107 2046 1133 ut

161 1143 387 1186 conpetitores
417 1154 514 1185 pares
543 1143 709 1185 suffiagiis
739 1149 858 1176 essent.
904 1143 976 1174 Nec
1005 1143 1058 1175 his
1082 1143 1178 1176 dictis
1201 1146 1394 1178 Laterensis
1425 1153 1662 1189 argumentum
1688 1150 1788 1192 plane
1816 1151 2043 1195 ledalguitur,

162 1196 221 1238 qui
243 1208 312 1228 non
335 1207 432 1240 pares
454 1196 620 1240 suffragiis
643 1198 818 1229 Plancium
842 1201 875 1226 et
897 1195 1045 1227 Plotium
1069 1195 1187 1237 fuisse,
1222 1204 1272 1229 set
1295 1200 1474 1232 nonnullas
1498 1201 1623 1241 tribus,
1658 1214 1738 1245 quas
1761 1202 1910 1236 fortassis
1939 1206 2044 1250 largi-

162 1243 255 1280 tione
281 1249 382 1281 etiam
409 1257 582 1293 corruptas
606 1250 783 1292 arguebat,
810 1249 943 1292 punctis
965 1260 1072 1292 paene
1094 1250 1238 1282 totidem
1260 1251 1376 1283 tulisse
1401 1252 1551 1285 dixisset.

248 1308 472 1340 Sorti'tzonem
494 1308 705 1351 aediliciam)
750 1309 829 1340 Duo
853 1307 1052 1339 creabantur
1074 1308 1197 1340 aediles
1221 1310 1364 1341 curules.
1409 1311 1501 1342 Fie1i
1523 1318 1635 1343 tamen
1658 1320 1807 1356 poterat,
1843 1322 1877 1347 et
1903 1323 1942 1348 ut
1962 1318 2043 1360 plu-

160 1372 213 1393 res
240 1373 341 1404 quam
366 1361 432 1392 duo
455 1367 627 1404 peterent,
667 1367 700 1392 et
722 1367 760 1392 ut
782 1361 897 1403 plures
921 1361 1022 1392 etiam
1046 1373 1144 1405 pares
1168 1361 1334 1404 suffragiis
1359 1369 1476 1395 essent.
1522 1365 1622 1406 Quod
1647 1366 1675 1397 si
1697 1368 1879 1408 accideret,
1917 1372 2043 1403 consti-

159 1420 272 1446 tutum
294 1419 344 1446 est
366 1425 384 1445 a
407 1415 610 1454 maioribus,
633 1420 671 1446 ut
693 1414 915 1453 sortirentur,
941 1415 1078 1456 quinam
1101 1427 1144 1446 ex
1166 1415 1206 1446 iis
1230 1415 1436 1448 aedilitatem
1458 1424 1624 1459 gererent.
1670 1419 1730 1450 Sin
1751 1427 1863 1452 autem
1887 1423 1950 1454 soli
1974 1424 2041 1456 duo

160 1466 304 1498 totidem
333 1466 491 1509 suffragia
521 1467 694 1507 tulissent,
727 1466 860 1499 sortitio
889 1467 1001 1499 locum
1025 1479 1094 1499 non
1121 1467 1284 1506 habebat3
1320 1468 1344 1499 ii
1374 1469 1464 1501 enim
1487 1471 1610 1503 aediles
1632 1473 1930 1515 renuntiabautur,
1964 1488 2042 1509 cum

163 1519 230 1550 duo
260 1525 392 1550 tantum
421 1519 544 1551 aediles
576 1531 646 1551 esse
677 1526 861 1562 oporteret.
901 1521 1116 1553 MANUTNJS.
1167 1519 1238 1552 Cfr.
1272 1521 1373 1554 etiam
1403 1524 1479 1556 Nic.
1509 1524 1679 1556 Gruchius
1710 1525 1751 1556 de
1783 1526 1907 1559 Comit.
1937 1529 2039 1562 Rom.

161 1572 239 1604 Lib.
262 1573 306 1604 II.
330 1584 357 1603 c.
376 1572 407 1603 4.
430 1584 464 1615 p.
489 1572 550 1604 685
573 1584 621 1614 sq.
644 1573 747 1604 Thes.
772 1574 917 1604 Graeu..

248 1637 278 1678 ยง.
302 1635 354 1667 54.
398 1636 449 1668 Ec
480 1636 534 1668 ais
556 1636 737 1679 prioribus
765 1637 914 1669 comitiis
934 1636 1121 1669 Aniensem
1148 1649 1170 1669 a
1193 1637 1310 1670 Plotio
1332 1638 1463 1678 Pedio,
1505 1640 1727 1673 Terentinam
1756 1655 1778 1674 ฮฑ
1798 1643 1945 1676 Plancio
1975 1645 2041 1679 tibi

159 1702 231 1723 esse
252 1690 453 1729 concessam)
496 1689 590 1721 Ante
614 1690 840 1721 Garatonium
868 1690 904 1720 in
927 1689 1130 1721 editionibus
1159 1690 1315 1722 omnibus
1340 1691 1450 1723 Pedio
1480 1692 1749 1733 desiderabatur,
1791 1696 1882 1737 quod
1911 1709 2039 1731 nomen

158 1749 251 1775 recte
277 1741 482 1773 Garatonius
509 1753 552 1772 ex
575 1742 601 1773 B
626 1748 659 1773 et
681 1743 709 1773 E
741 1743 895 1774 codicum
923 1742 1121 1774 auctoritate
1149 1743 1396 1775 restituendum
1425 1746 1568 1777 monuit.
1612 1747 1733 1787 Neque
1763 1759 1846 1780 uero
1875 1751 2039 1784 omissum

160 1795 196 1827 in
218 1794 358 1836 reliquis
381 1793 478 1824 codd.
503 1801 568 1833 est,
592 1800 642 1825 set
663 1795 750 1826 mire
772 1802 903 1827 tantum
927 1801 1137 1838 corruptum.
1179 1797 1269 1828 Uide
1289 1809 1380 1828 narr.
1403 1797 1574 1829 lectiones.
1618 1800 1814 1832 Necessario
1837 1810 1950 1836 autem
1973 1817 2039 1837 noโ

160 1858 240 1880 meu
266 1847 347 1878 Pedi
370 1846 425 1877 hic
447 1845 525 1876 addi
548 1846 720 1886 debuisse,
757 1848 929 1880 declarant
955 1848 1073 1887 uerba,
1110 1860 1194 1891 quae
1218 1857 1394 1889 secuntur,
1430 1851 1509 1890 hos,
1542 1864 1624 1894 qnos
1647 1853 1716 1884 iam
1742 1858 1816 1885 tam
1841 1857 2037 1890 coniunctos

153 1900 272 1945 fuisse
295 1900 400 1940 dicis,
437 1900 609 1931 iacturam
631 1913 775 1932 suarum
799 1901 967 1939 tribuum,
1007 1913 1072 1944 quo
1096 1914 1173 1934 nos
1196 1902 1542 1942 acliuuaremini,
1567 1903 1707 1947 fecisse.
1750 1906 1790 1937 Iu
1817 1908 1937 1949 quibus
1959 1921 2037 1942 cum

162 1953 264 1992 dicat,
296 1965 361 1996 qno
387 1965 447 1985 uos
469 1953 748 1992 aclimcaremini,
779 1952 994 1984 manifestum
1018 1960 1083 1993 est,
1118 1955 1225 1986 tribus
1248 1955 1434 1987 Aniensem
1458 1963 1491 1988 et
1514 1957 1733 1989 Terentinam
1755 1971 1824 1990 non
1846 1961 1910 1991 soli
1932 1963 2037 1993 Late-

158 2005 249 2038 rensi
271 2016 439 2037 concessas
462 2017 550 2046 esse,
576 2011 626 2037 set
647 2007 788 2038 alteram
808 2012 940 2038 tantum
960 2007 1154 2048 Laterensi,
1178 2007 1319 2040 alteram
1340 2009 1545 2053 conpetitori
1567 2009 1654 2052 eius,
1684 2011 1830 2055 ideoque
1849 2013 2036 2047 Aniensem

236 2164 264 2205 1)
303 2165 429 2204 Saepius
448 2165 504 2194 hae
524 2171 589 2195 arte
607 2177 679 2196 usus
701 2171 747 2196 est
767 2167 888 2204 Cicero,
907 2173 942 2197 ut
961 2178 1018 2207 pro
1039 2168 1149 2197 Milon.
1173 2168 1207 2198 C.
1227 2167 1280 2206 Xโ
1302 2169 1340 2199 ad
1361 2170 1447 2200 cuius
1468 2172 1578 2211 capitis
1598 2173 1709 2210 uerba,
1739 2173 1853 2203 Statim
1872 2177 2035 2213 conplures

159 2214 193 2242 in
214 2213 296 2241 hune
308 2213 442 2251 faciunt
462 2214 498 2242 de
518 2215 583 2242 loco
602 2216 758 2252 superiore
777 2218 934 2253 inpetum,
969 2216 1124 2255 interpres
1145 2217 1312 2246 Uaticanus
1339 2229 1369 2257 p.
1392 2229 1453 2248 111.
1478 2220 1524 2247 ed.
1545 2221 1617 2249 Mai.
1645 2227 1770 2260 optume
1796 2221 1870 2250 haec
1897 2224 2034 2252 monuit:

161 2262 245 2289 Pars
264 2261 340 2290 haec
361 2263 553 2290 narrationis
573 2263 736 2299 aliquanto
756 2264 910 2292 turbatior
931 2270 984 2293 est.
1023 2266 1097 2293 Sine
1123 2265 1214 2293 dubio
1236 2268 1274 2296 yin
1295 2277 1330 2294 etz
1350 2268 1450 2294 multa
1460 2267 1654 2305 finguntur-,โด
1685 2280 1792 2297 uerum
1811 2270 1892 2298 hanc
1918 2282 2035 2301 omnem

161 2308 411 2344 OOHfILSlSSllnHm
426 2310 664 2345 PBYUIlthฮ()nem
684 2320 797 2337 โ'ur-ยงlm
811 2313 1046 2348 ฮกฮฮแฝทแฟแผแฟแผฟแฝทฮแผถฮฑแฟแผ
1079 2323 1153 2341 non
1177 2324 1279 2341 enlln
1306 2313 1447 2341 dffhent
1475 2325 1557 2342 Cllln
1577 2326 1683 2343 mora
1698 2318 1907 2353 profflโalll.)
1937 2331 2034 2358 quae

163 2354 299 2383 ฮนฮนฮนฮตแฝทฮตฮฝแฝท
325 2355 535 2384 indicibus
558 2362 734 2393 possunt
761 2359 930 2396 aliquod
953 2358 1102 2390 habere
1120 2361 1381 2399 figmentum,
1413 2372 1456 2390 ne
1475 2368 1625 2398 orator,
1658 2365 1692 2391 si
1711 2364 1939 2395 laciniosus
1959 2369 2032 2400 sit,

159 2402 198 2428 in
224 2404 432 2432 mendacio
457 2404 795 2442 deprehendatur.
