2185 2720
170 153 306 184 XXXII
841 151 1371 182 PROLEGOMENA.

171 229 321 258 honore
341 229 461 258 laetari.
480 243 518 249 —
538 227 571 256 C.
592 226 635 254 X.
656 224 682 266 §.
704 227 746 256 25.
775 237 854 265 qnae
877 233 936 255 est
959 227 1058 264 officio
1078 226 1314 254 necessitudinis
1334 227 1501 254 coniuncta
1520 234 1668 255 maxume.
1687 241 1724 250 —
1743 228 1822 257 Ibid.
1849 238 1910 256 non
1930 234 2046 266 poten-

171 280 219 306 tia
239 288 323 311 mea,
344 283 388 305 set
408 286 519 304 caussa
539 276 714 313 rogationis
729 275 824 313 suit
841 276 993 312 gratiosa.
1011 290 1050 295 —
1070 274 1104 302 C.
1124 274 1248 302 XVIII.
1269 271 1295 312 §.
1316 273 1361 301 45.
1381 283 1477 310 neque
1497 282 1593 300 uero
1612 278 1677 301 tam
1697 275 1794 303 durus
1813 277 1847 304 in
1862 276 1989 314 plebem.
2008 288 2047 297 *—

173 325 207 353 C.
229 325 306 353 XX.
327 323 354 363 5.
374 326 419 361 49.
441 322 549 351 deinde
569 321 680 350 habere
699 324 799 359 coepit
818 323 920 350 subito
935 328 1063 359 praeter
1082 323 1253 359 opinionem
1275 331 1327 348 om
1337 321 1454 347 nium.
1473 334 1511 339 —
1532 319 1564 348 C.
1581 319 1724 348 XXVII.
1743 320 1770 360 §.
1790 323 1835 351 65.
1855 325 1975 362 quasi
1994 325 2048 362 qui

173 374 278 400 omnia
296 373 397 399 sciret.
417 386 454 391 —
475 371 508 398 C.
530 370 674 397 XXXV.
703 368 728 408 5.
749 373 794 398 81,
823 370 979 407 edictoque
1004 380 1073 397 suo
1101 380 1158 397 non
1181 371 1307 397 luctum.
1326 382 1363 388 —-
1384 367 1418 395 C.
1436 367 1505 396 XL.
1532 365 1558 406 5.
1578 368 1623 405 96.
1650 368 1721 396 uide
1748 378 1853 398 nunc
1878 372 2048 409 caliginem

174 426 343 456 temporum
363 419 495 446 illorum.
515 433 553 438 —
573 418 607 445 C.
628 417 716 445 XLI.
737 416 764 456 §.
784 428 829 454 9⁷.
849 418 1053 446 Brundisium
1073 420 1161 451 ueni,
1182 417 1233 445 nel
1247 417 1355 453 polites
1374 415 1418 443 ad
1435 417 1557 443 moenia
1576 417 1743 444 accessi.
1762 430 1800 438 —
1818 416 1963 455 Denique
1984 418 2048 447 Ga—

173 466 310 495 ratonius
330 465 367 493 ad
389 465 421 493 C.
441 465 555 493 XXX.
576 463 602 504 §.
625 475 666 501 72.
687 476 765 503 qnae
785 467 812 492 si
831 476 892 493 non.
913 470 1027 500 essent,
1048 476 1184 501 uererer,
1206 464 1294 492 credo
1315 468 1371 491 etc.
1391 463 1528 491 monuit:
1548 463 1732 500 „duodecim
1751 464 1847 492 uerba
1867 464 1977 494 desunt
1994 464 2047 494 hie

174 514 207 541 in
227 514 319 548 Bau.‚
347 513 380 540 in
401 513 512 550 quibus
532 512 592 540 hoc
613 512 760 550 [uererer]
782 514 855 540 est.“

249 571 285 599 In
304 570 461 609 plerisque
482 570 592 599 horum
612 570 752 598 Iocorum
773 580 841 598 cum
862 570 974 605 uerba,
1003 579 1079 607 quae
1098 569 1123 597 B
1145 567 1276 603 omittit,
1304 567 1342 595 ad
1361 567 1531 596 sententiae
1557 567 1765 606 integritatem
1791 571 1965 599 necessaria
1984 580 2050 599 esse

175 624 293 659 pateat,
321 618 451 656 ideoque
478 618 640 646 librarium
669 617 932 657 praestantissumi
959 617 1044 645 illius
1073 615 1188 643 codicis
1218 615 1358 643 omisisse
1383 615 1479 643 uerba
1508 615 1667 654 quaedam,
1695 627 1771 655 quae
1792 618 1952 647 Ciceronis
1978 618 2050 654 sint,

175 667 399 705 conprobatum
419 666 474 693 sit:
514 676 575 693 non
597 676 720 704 possum
742 676 796 703 ego
819 665 988 693 Garatonio
1010 669 1041 692 ct
1061 663 1182 691 Orellio
1210 662 1411 700 adstipulari,
1445 663 1497 701 qui
1526 674 1595 692 011111
1622 664 1682 692 3113
1702 666 1817 694 codicis
1837 666 1921 694 illins
1942 669 2050 694 aucto—

175 715 265 744 ritate
294 713 478 752 expellenda
503 714 598 741 uerba
626 718 827 748 censuerunt,
853 717 919 740 tum
944 721 1086 740 maxume
1112 710 1242 738 uerbum
1270 711 1401 745 accessi,
1431 710 1514 749 quod
1542 711 1576 739 C.
1596 711 1686 740 XLI.
1712 711 1739 752 §.
1760 712 1805 751 97.
1832 718 1902 752 post
1929 715 2052 742 moenia

175 763 310 801 positum
332 761 457 789 omittit.
497 761 589 796 Quod
609 762 737 789 uerbum
758 769 923 798 numquam
951 758 1109 787 inutiliter
1136 758 1289 785 adiectum
1319 758 1682 796 putasset‘Garatonius,
1714 760 1829 789 11151111
1850 761 1972 797 codice,
1999 760 2051 789 cui

176 809 267 838 nimis
287 809 418 843 fauebat,
440 809 543 835 abesse
563 808 699 836 uidisset.
738 807 891 845 Equidem
911 817 1011 845 neque
1032 806 1202 833 absolutam
1223 806 1294 833 satis
1316 805 1488 834 orationem
1511 804 1622 833 omisso
1643 807 1740 835 uerbo
1762 807 1816 835 illo
1837 813 1931 846 puto,
1951 817 2052 846 neque

175 858 394 895 interpretem,
427 855 453 883 si
486 865 549 883 uon
576 855 686 883 fuisset
711 866 727 883 a
755 855 907 883 Cicerone
940 854 1106 893 scriptum,
1141 853 1292 882 eiusmodi
1319 853 1393 891 quid
1420 852 1612 881 adiecturum
1638 854 1733 882 fuisse
1761 855 1840 883 mihi
1866 855 2051 894 persuadere

175 915 308 945 possum.

250 952 323 980 Non
343 951 445 979 minus
467 960 568 978 errare
589 960 658 977 011111
679 950 829 985 arbitror,
850 949 918 987 qni,
940 959 1016 987 quae
1036 948 1131 977 uerba
1151 947 1233 976 solus
1254 947 1447 975 Erfurtensis
1468 957 1532 976 non
1551 947 1660 983 habet,
1681 949 1825 986 quotiens
1845 949 1883 977 ad
1903 949 2052 978 orationis

176 1000 385 1038 integritatem
406 1008 468 1026 11011
488 1008 615 1035 prorsus
636 997 698 1025 siut
717 997 904 1032 necessaria,
942 997 977 1024 ab
1006 997 1176 1034 interprete
1204 995 1322 1023 adiecta
1342 1004 1408 1022 esse
1428 1000 1548 1024 statuat.
1588 996 1667 1023 Nam
1688 996 1721 1023 111
1742 1006 1778 1024 00
1800 1006 1921 1034 quoque
1942 996 2053 1025 omissa

176 1048 393 1086 reperiuntur,
415 1056 490 1083 quae
509 1045 574 1072 sola
595 1044 797 1072 describentis
818 1044 1010 1082 neglegentia
1036 1043 1186 1073 excidisse
1207 1043 1457 1072 certissumumst.
1497 1043 1625 1071 Omittit
1650 1048 1751 1071 autem
1778 1043 1812 1071 111
1838 1044 1888 1077 1115
1913 1044 1990 1073 10015
2018 1054 2054 1073 ea

178 1096 288 1131 uerba,
309 1104 383 1133 qnae
405 1093 538 1121 diductis
558 1092 673 1121 litteris
694 1092 807 1130 scripta
827 1097 914 1120 sunt:

253 1153 286 1181 C.
308 1152 347 1180 II.
367 1150 395 1190 §.
416 1151 442 1179 6.
480 1157 536 1178 ant
558 1156 680 1188 optume
701 1151 737 1179 de
756 1161 802 1178 me
822 1151 926 1177 meriti
945 1150 1030 1178 salas
1051 1149 1218 1178 deserenda
1244 1154 1311 1176 est.
1329 1163 1368 1169 -
1388 1148 1422 1176 C.
1444 1146 1500 1175 ΙΙΙ.
1520 1145 1547 1186 5.
1570 1149 1594 1176 8.
1615 1149 1670 1186 qui
1684 1150 1875 1185 praeteritus
1900 1159 1976 1177 non
2000 1155 2055 1178 est.

178 1200 213 1229 C.
229 1199 322 1228 XIII.
342 1197 369 1237 §.
385 1199 428 1227 32.
449 1208 485 1225 ea
499 1199 638 1235 primum
658 1204 813 1227 uetustate
833 1198 982 1235 equestris
1001 1198 1184 1225 nominis.
1202 1211 1241 1217 ·-
1261 1196 1295 1224 C.
1311 1195 1404 1223 XIV.
1430 1192 1457 1233 §.
1479 1195 1523 1223 34.
1544 1201 1589 1223 set
1616 1206 1684 1223 eum
1703 1197 1831 1233 ipsum
1853 1196 1986 1225 dolorem
2003 1196 2056 1225 hie

178 1248 253 1276 tulit
275 1247 374 1284 paulo
400 1247 550 1283 apertius.
568 1260 607 1267 -
645 1246 679 1274 C.
699 1245 792 1273 XIV.
817 1243 844 1284 §.
864 1246 909 1273 35.
936 1244 1110 1272 stomachor
1135 1254 1244 1280 uero,
1277 1254 1356 1271 eum.
1375 1258 1414 1263 —
1453 1242 1486 1270 C.
1507 1242 1621 1270 XXX.
1647 1240 1674 1281 5.
1696 1243 1740 1278 74.
1768 1254 1806 1272 ne
1831 1250 1887 1272 nat
1910 1243 2055 1282 proferre

179 1294 326 1324 uidear
346 1294 390 1322 ad
408 1298 536 1330 tempus.
558 1293 592 1321 C.
613 1292 775 1321 XXXIII.
795 1290 822 1330 §.
844 1294 889 1321 80.
910 1292 1113 1330 reliquarum.
1154 1291 1261 1328 Quid
1278 1297 1335 1319 est
1355 1291 1509 1327 pietaS,
1529 1291 1600 1318 nisi.
1620 1305 1658 1310 —
1677 1290 1756 1318 Ibid.
1777 1288 1804 1329 §.
1820 1293 1863 1320 81.
1883 1291 1938 1321 ubi
1956 1293 2054 1321 alitus

179 1349 237 1372 ant
255 1343 362 1371 doctus
383 1347 449 1371 est.
469 1356 507 1362 -
527 1340 560 1369 C.
581 1339 776 1368 XXXVIII.
796 1338 822 1378 5.
842 1342 887 1369 88.
916 1341 951 1367 si
970 1340 1072 1375 finem
1092 1346 1166 1369 tum.
1186 1355 1224 1361 -

255 1399 405 1438 Copulam
426 1406 470 1428 est
490 1399 547 1427 etsi
568 1399 746 1436 frequenter
766 1398 802 1425 ab
824 1397 1046 1436 interpretibus
1067 1397 1200 1426 additam
1220 1402 1347 1433 constat,
1367 1402 1468 1424 tamen
1489 1404 1588 1432 neque
1609 1392 1637 1433 5.
1658 1394 1683 1423 6.
1704 1405 1805 1434 110(1110
1824 1395 1851 1436 5.
1873 1398 1916 1426 81.
1938 1397 2051 1426 Erfur-

178 1454 266 1479 tense
285 1453 411 1476 auctore
431 1446 600 1474 eiciendam
621 1451 714 1485 puto,
740 1456 809 1473 011111
828 1455 890 1473 nou
910 1445 1011 1473 minus
1031 1445 1210 1483 frequenter
1230 1451 1360 1484 propter
1380 1443 1607 1481 conpendium,
1628 1453 1687 1480 quo
1709 1444 1918 1482 scribebatur,
1938 1446 2053 1474 iniuria

179 1497 321 1525 omissam
341 1495 378 1522 ab
398 1494 534 1522 librariis
555 1504 618 1522 0550
639 1494 777 1521 sciamus.
817 1492 964 1527 Accedit,
1000 1492 1082 1530 quod
1102 1498 1211 1521 neutro
1239 1493 1271 1521 in
1292 1493 1361 1520 loco
1382 1491 1447 1520 ulla
1466 1491 1579 1519 idonea
1598 1497 1746 1527 caussast,
1779 1493 1819 1520 ob
1839 1503 1927 1530 quam
1947 1494 2051 1522 abesse

179 1555 246 1573 eam
266 1543 414 1572 malimus.
454 1542 599 1570 Attamen
620 1540 680 1568 duo
701 1544 773 1567 sunt
792 1539 870 1575 1001,
890 1550 906 1567 a
926 1549 973 1567 1110
993 1541 1085 1578 paulo
1106 1546 1175 1569 ante
1197 1539 1337 1569 consulto
1360 1538 1480 1574 omissi,
1501 1538 1533 1565 in
1554 1538 1665 1576 quibus
1686 1539 1781 1567 solius
1803 1540 1918 1569 codicis
1938 1541 2052 1570 Erfur-

179 1592 277 1621 tensis
297 1590 466 1628 scriptura,
487 1589 603 1628 aliquid
625 1588 813 1622 emittentis,
841 1587 932 1614 unice
952 1597 1026 1614 uera
1045 1587 1122 1615 mihi
1141 1587 1275 1615 uidetur.
1314 1586 1431 1614 Eorum
1458 1586 1536 1614 alter
1558 1586 1591 1614 C.
1612 1586 1737 1614 XVIII.
1763 1585 1791 1625 5.
1814 1588 1859 1616 44.
1886 1588 2003 1626 legitur
2022 1594 2054 1618 et

180 1645 252 1668 ante
272 1648 320 1667 me
341 1637 372 1665 in
394 1637 479 1664 editt.
500 1637 658 1672 omnibns,
685 1641 813 1673 excepta
835 1635 1009 1670 Orelliana,
1036 1635 1080 1663 sic
1101 1635 1308 1663 conformatus
1330 1634 1470 1662 extabat:
1504 1633 1616 1671 quibus
1635 1633 1686 1660 hic
1706 1644 1847 1662 maxume
1866 1641 1957 1663 nolus
1977 1642 2052 1665 erat.

180 1687 270 1716 Eieci
289 1686 341 1714 hic
362 1684 491 1712 uerbum
513 1691 598 1719 erat,
620 1684 701 1722 quod
721 1683 787 1711 Erf.
809 1682 940 1718 omittit,
960 1693 1024 1710 non
1043 1687 1145 1710 tamen
1166 1686 1331 1720 propterea
1350 1686 1484 1715 tantum,
1512 1679 1593 1717 quod
1613 1679 1645 1706 in
1666 1680 1733 1708 Erf.
1752 1690 1816 1708 non
1837 1685 1898 1716 est,
1918 1686 1965 1709 set
1983 1682 2052 1711 aliis

181 1735 281 1773 iisque
301 1731 493 1771 grauioribus
514 1736 675 1765 conmotus
695 1731 826 1763 caussis,
862 1741 933 1768 quas
961 1730 1041 1758 infra
1068 1729 1265 1768 expositurus
1292 1739 1368 1756 sum.
1408 1728 1445 1756 In
1471 1728 1568 1756 altero
1595 1727 1681 1762 Ioco,
1708 1727 1759 1764 qui
1787 1727 1819 1755 C.
1839 1727 1934 1756 XXI.
1959 1726 1986 1767 §.
2007 1730 2052 1758 51.

182 1786 282 1816 extat,
304 1778 491 1807 Garatonius
511 1779 587 1813 iam,
615 1789 703 1816 quem
724 1784 845 1806 secutus
868 1778 1006 1806 Orellins
1027 1782 1087 1812 est,
1107 1776 1258 1813 uolgatmn
1279 1776 1479 1814 scripturam,
1514 1776 1568 1812 qui
1588 1773 1708 1802 duabu-s·
1727 1774 1899 1803 aedilitatis
1918 1780 2054 1814 acceptis

181 1829 343 1865 repulsis„
363 1825 439 1854 ferri
465 1825 521 1853 uix
548 1835 636 1863 posse
663 1827 900 1864 necessarioque
927 1826 965 1854 ad
992 1824 1083 1854 fidem
1109 1823 1223 1851 codicis
1251 1823 1317 1851 Erf.
1347 1822 1565 1851 emendandam
1591 1820 1688 1856 uidit,
1716 1821 1767 1858 qui
1794 1821 1890 1849 uerbo
1917 1826 2054 1862 acceptis

182 1875 294 1903 omisso
315 1873 531 1901 aedilitatibus
550 1874 692 1909 repulsus
718 1874 836 1901 scribit.
876 1872 1026 1901 Garatoni
1047 1871 1202 1900 adnotatio
1225 1870 1445 1898 commentario
1473 1871 1626 1898 insertast.
1665 1868 1755 1896 Addo
1776 1868 1852 1905 hoc,
1878 1869 1911 1898 in
1932 1872 2053 1909 uolgata

181 1922 337 1961 scriptura
354 1920 426 1948 illut
442 1929 563 1957 quoque
583 1920 718 1948 insolens
739 1921 850 1956 uideri,
870 1921 953 1958 qnod
972 1929 1084 1948 nomen
1104 1920 1245 1956 repulsae
1262 1928 1330 1946 cum
1351 1918 1489 1955 genitiuo
1510 1917 1684 1945 aedilitatis
1704 1915 1941 1947 coniunctumst.
1970 1920 2055 1949 Con-

181 1969 321 2007 iungitur
341 1967 463 2006 quidem
484 1977 596 1994 nomen
616 1968 687 1996 illut
707 1978 935 2005 nonnumquam
962 1966 1186 2005 cum‘genitiuo
1212 1965 1364 2001 hominis,
1398 1965 1451 2004 qui
1470 1966 1532 1993 sert
1550 1963 1720 2002 repulsam,
1748 1973 1857 1991 uerum
1878 1975 1946 1994 011111
1966 1967 2054 2005 geni-

182 2017 249 2046 tiuo
270 2015 333 2051 rei,
364 2025 380 2042 a
400 2025 458 2052 qua
478 2014 546 2052 quis
566 2016 752 2053 repellatur,
780 2025 945 2053 numquam
965 2025 1022 2042 1100
1043 2015 1241 2043 coniunctum
1262 2013 1328 2041 uidi
1349 2023 1405 2040 nec
1426 2012 1572 2049 coniungi
1592 2016 1661 2049 apte
1681 2011 1806 2039 nidmu·
1823 2022 1922 2050 posse.
1960 2014 2053 2043 Dici-

182 2069 235 2093 tur
253 2063 358 2102 potius
379 2067 410 2091 et
428 2067 512 2091 recte
532 2063 659 2099 repulsa
679 2063 843 2095 aedilicia,
864 2073 924 2100 (1110
944 2062 1092 2101 loquendi
1111 2071 1223 2100 genere
1241 2070 1331 2099 saepe
1353 2060 1477 2088 Tullius
1498 2070 1569 2088 usus
1589 2063 1644 2087 est.

1081 2149 1109 2190 §-
1130 2155 1159 2182 5.

257 2216 383 2245 Accidit
407 2215 499 2250 adeo,
531 2219 567 2243 ut
592 2213 625 2241 in
652 2213 771 2252 aliquot
796 2213 872 2242 loeis
900 2224 982 2242 nunc
1001 2215 1026 2243 B
1054 2224 1122 2242 cum
1150 2211 1292 2240 omnibus
1319 2211 1453 2240 familiae
1481 2211 1592 2239 tertiae
1618 2210 1795 2247 codicibus,
1827 2220 1911 2239 nunc
1929 2211 1956 2239 E
1983 2222 2050 2241 eum

183 2263 281 2292 isdem
300 2263 396 2291 uerba
415 2261 560 2300 quaedam
581 2261 759 2296 omiserint,
795 2271 870 2299 quae
898 2261 973 2299 quin
1000 2271 1038 2289 ex
1058 2260 1155 2299 ipsius
1176 2259 1336 2287 Ciceronis
1364 2269 1417 2287 ore
1443 2259 1604 2295 uenerint,
1630 2258 1767 2286 minume
1785 2262 1888 2296 potest
1907 2257 2050 2287 dubitari.

183 2311 313 2340 Factum
332 2310 392 2338 hoc
412 2309 444 2336 111
465 2308 600 2346 quinque
620 2308 697 2336 10015
719 2313 780 2343 est,
812 2309 855 2336 ita
874 2313 993 2343 tamen,
1026 2313 1061 2336 ut
1080 2307 1112 2334 111
1133 2306 1274 2334 omnibus
1294 2306 1389 2334 uerba
1409 2306 1480 2342 illa,
1515 2317 1590 2345 quae
1610 2306 1694 2334 solus
1714 2310 1766 2333 aut
1783 2305 1808 2332 B
1829 2308 1881 2331 aut
1898 2303 1926 2331 E
1947 2303 2051 2341 habet,

183 2358 341 2388 facillume
362 2366 563 2394 maxumeque
582 2355 717 2394 procliui
737 2364 842 2382 errore
863 2355 1007 2382 excidere
1026 2354 1163 2392 potuisse
1190 2358 1343 2391 appareat.
1383 2353 1528 2381 Seruauit
1554 2358 1655 2381 autem
1675 2353 1757 2381 solus
1777 2352 1803 2379 E
1824 2351 1975 2388 integram
1995 2352 2051 2380 Ci-

184 2404 306 2434 ceronis
325 2414 447 2432 manum
466 2404 499 2431 111
524 2403 623 2431 tribus
649 2403 743 2438 locis,
770 2402 804 2430 C.
825 2401 971 2429 XXXII.
998 2399 1026 2439 5.
1048 2403 1092 2438 78.
1117 2411 1175 2438 pro
1202 2400 1323 2438 uolgata
1348 2400 1499 2437 lectione,
1526 2412 1569 2429 an
1594 2410 1664 2429 cum.
1682 2399 1866 2436 popalus
1889 2399 2050 2427 Romanus

184 2452 336 2487 scribens,
371 2462 414 2480 αη
440 2461 509 2479 cum.
539 2457 686 2488 patres
712 2450 963 2486 conscripti,
994 2448 1062 2487 ipso
1090 2447 1239 2476 Bauarico
1265 2447 1344 2476 male
1370 2457 1480 2477 uocem
1505 2448 1671 2483 conscripti
1697 2445 1876 2480 omittente,
1904 2445 1938 2473 C.
1958 2445 2048 2474 XLI.
