2185 2720
906 162 944 191 L.
971 162 1027 191 111.
1073 162 1186 192 c.1v.
1231 162 1257 203 ς.
1288 174 1310 193 1.
1897 169 2047 198 Lxxx1

238 235 287 263 Ac
314 236 450 274 primum
475 235 599 273 quidem
628 234 688 264 hoc
709 245 745 264 eo
771 236 850 265 mihi
868 241 990 266 ueteres
1011 236 1179 275 scriptores
1199 239 1364 268 manifesto
1383 239 1531 269 uidentur
1551 241 1730 279 ostendere,
1758 243 1857 282 quod,
1886 246 2047 283 quotiens-

165 291 296 321 cumque
319 283 356 311 de
377 283 528 319 comitiis,
559 283 671 321 quibus
698 284 813 313 aediles
834 285 955 313 curules
977 285 1081 321 creati,
1102 285 1260 323 locuntur,
1278 297 1444 325 numquam
1464 290 1684 326 centuriarum,
1703 295 1750 319 set
1769 301 1889 330 semper
1909 293 2046 322 tribuum

163 331 355 360 mentionem
380 331 508 360 faciunt.
547 331 641 367 Quod
660 339 874 369 argumentum
900 332 959 361 etsi
978 333 1146 370 praeuideo
1167 334 1235 363 fore
1256 334 1309 373 qui
1329 335 1400 363 leue
1421 335 1525 363 dicant
1544 342 1727 374 propterea,
1755 338 1838 377 quod
1857 339 1890 367 in
1911 341 2045 369 comitiis

164 379 256 407 etiam
277 378 459 407 centuriatis
480 388 710 416 nonnumquam
730 379 868 409 tribuum
895 380 1012 409 mentio
1040 380 1109 417 fiat,
1144 382 1245 411 ueluti
1265 393 1282 411 a
1303 383 1455 412 Cicerone
1475 383 1508 412 in
1529 384 1658 412 Rullum
1680 385 1726 421 ΙΙ,
1745 395 1781 421 2,
1800 386 1827 414 4.
1866 386 1979 425 Itaque
1999 398 2046 416 me

161 436 224 455 non
244 433 380 456 extrema
400 426 502 455 tribus
520 425 763 464 suffragiorum,
798 433 843 456 set
857 429 958 465 primi
975 428 1028 456 illi
1047 432 1146 459 uestri
1170 441 1353 466 concursus,
1381 442 1478 470 neque
1496 433 1639 469 singulae
1660 443 1748 461 uoces
1763 444 1969 470 praeconum,
2000 440 2046 462 set

161 485 227 503 una
254 486 327 503 uoce
354 476 520 503 uniuersus
541 475 678 511 populus
697 476 735 504 R.
756 476 911 504 consulem
932 474 1118 505 declarauii.
1146 477 1183 506 ad
1211 488 1300 516 quem
1329 478 1431 508 locum
1459 479 1603 508 uideatur
1625 479 1827 508 Garatonius:
1856 485 1956 509 tamen
1975 481 2046 520 pri-

159 532 244 551 mum
263 522 477 556 tenendmnst,
513 521 556 549 ita
576 531 741 560 numquam
761 533 777 551 a
797 522 939 550 tribubus
958 522 1057 551 factos
1078 526 1221 554 consules
1241 532 1442 564 praetoresue
1469 527 1549 563 dici,
1576 527 1830 566 quemadmodum
1850 528 2047 556 sollemniter

159 571 276 600 aediles
303 570 424 599 curules
454 568 529 598 sacti
559 568 711 598 dicantur.
748 570 873 598 Deinde
900 579 977 598 uero
1003 571 1117 601 mirum
1143 574 1287 612 profecto
1314 575 1415 611 foret,
1442 574 1496 613 qui
1522 575 1639 604 factum
1659 581 1756 609 esset,
1785 580 1836 610 ut,
1863 576 1888 603 si
1909 575 2045 604 comitiis

158 618 342 648 centuriatis
363 617 478 646 aediles
498 617 620 646 curules
641 617 736 647 creati
757 622 870 653 essent,
890 627 996 645 omnes
1016 624 1117 648 tamen
1137 621 1304 660 scriptores
1324 627 1447 651 ueteres
1467 622 1501 651 in
1522 623 1566 651 eis
1586 633 1709 662 semper
1728 623 1873 652 tributim
1892 623 2045 662 populum

156 667 266 695 tulisse
285 665 425 703 suffragia
444 664 664 703 significarent,
684 676 752 694 cum
772 666 806 694 in
827 665 971 702 comitiis,
992 676 1072 704 quae
1090 668 1202 697 scimus
1225 669 1397 698 centuriata
1418 670 1524 708 fuisse,
1545 671 1739 700 sollemniter
1759 671 1907 700 centuriis
1926 681 2046 699 renun-

157 714 250 743 tiatos
275 714 470 751 magistratus
497 718 636 741 narrent.
663 713 728 742 Cfr.
750 713 860 742 Cicero
887 724 945 752 pro
966 713 1070 743 Plane.
1099 716 1133 744 C.
1153 717 1232 745 XX.
1259 715 1287 756 §
1307 718 1354 755 49.
1398 719 1534 747 Uoc-alae
1560 720 1679 755 tribus;
1711 720 1812 748 latum
1837 718 2046 758 suffiagium5

155 762 304 790 diribitae
330 762 480 796 tabellae;
508 762 598 800 longe
621 763 805 799 plurumum
831 762 936 789 ualuit
963 763 1129 792 Plancius.
1168 763 1288 793 Ibidem
1318 765 1352 794 C.
1378 765 1491 794 XXII.
1518 763 1546 806 ᾗ.
1566 768 1612 796 53.
1640 768 1694 795 An
1721 773 1750 795 te
1778 768 1836 796 illa
1855 771 2046 804 argumenta

154 810 337 839 duxerunt?
363 810 536 844 dubitati-5,
562 812 685 848 inquit,
713 812 789 848 quin
810 810 901 837 coitio
922 809 1020 847 facta
1040 813 1098 848 sit,
1127 823 1198 841 cum
1218 813 1320 841 tribus
1335 814 1502 852 plerasque
1521 825 1591 842 cum
1613 816 1718 844 Plotio
1738 817 1847 844 tulerit
1866 812 2046 842 Plancius?

150 858 209 886 An
228 868 294 886 una
305 857 385 894 steri
401 863 589 895 potuerunt,
614 859 642 886 si
662 868 727 886 una
748 857 847 886 trihus
866 867 928 884 non
948 857 1122 886 tulissent?
1157 859 1277 888 Ibidem
1296 858 1325 900 §z
1345 860 1391 889 54.
1417 862 1460 889 Et
1479 863 1528 890 ais
1541 862 1705 899 prioribus
1725 864 1858 891 comitiis
1878 861 2045 889 Aniensem

153 916 176 935 α
194 906 299 934 Plotio
319 906 417 934 Pedio
423 925 433 940 ,
470 906 671 933 Terentinam
690 915 711 933 a
730 906 863 933 Plancio
884 904 943 932 tibi
962 915 1024 933 esse
1043 916 1217 935 concessam
1224 917 1237 942 ,-
1266 919 1349 936 nune
1369 907 1409 936 ab
1429 914 1558 947 utroque
1584 920 1635 938 eas
1655 911 1797 946 auolsas,
1828 920 1865 938 ne
1884 910 1919 937 in
1939 919 2045 946 angu-

153 959 238 981 stum
257 955 408 981 uenirent.
449 952 551 989 Quam
570 953 733 986 conuenit,
759 952 898 980 nondum
917 954 1043 990 cognitu
1064 956 1176 992 populi
1195 956 1360 984 uoluntate
1378 955 1451 989 hos,
1476 967 1551 995 quos
1571 959 1636 986 iam
1655 963 1722 985 tum
1741 959 1920 985 coniunctos
1937 956 2044 994 fuisse

152 1002 250 1036 dicis,
269 1003 428 1029 iacturam
447 1010 578 1028 suarum
597 1000 747 1036 tribuum,
768 1010 828 1038 quo
848 1010 902 1027 uos
921 1000 1175 1037 adiuuaremini,
1193 1004 1322 1042 secisse.
1360 1004 1463 1033 Uarro
1485 1004 1522 1032 de
1542 1004 1581 1033 R.
1602 1005 1640 1033 R.
1662 1004 1719 1041 III,
1741 1014 1784 1040 17.
1804 1004 1918 1044 (totum
1938 1004 2043 1032 locum

152 1048 235 1077 infra
254 1045 427 1086 adponam.)
467 1047 595 1076 Interea
614 1048 696 1076 redit
716 1047 760 1076 ad
779 1058 832 1075 nos
852 1049 944 1076 Pauo
956 1068 965 1083 ‚
986 1049 1045 1083 Ec,
1065 1051 1094 1078 si
1113 1052 1223 1086 uoltis,
1243 1053 1366 1091 inquit,
1392 1051 1546 1081 anchoras
1567 1054 1688 1086 tollere,
1718 1054 1794 1081 lati-s·
1814 1053 1930 1081 tabulis
1949 1054 2043 1081 sorti-

151 1099 194 1126 tio
206 1096 253 1133 sib
273 1095 428 1130 tribuum,
453 1105 492 1123 ac·
511 1097 614 1133 coepli
632 1101 706 1123 sunt
726 1105 746 1122 a
760 1105 918 1132 praecone
937 1099 1134 1131 renuntiari,
1156 1109 1246 1137 quem
1266 1110 1404 1138 quaeque
1424 1100 1524 1129 trihus
1542 1100 1684 1139 fecerint
1703 1102 1842 1129 aedilem.
1883 1100 1961 1128 Cum
1981 1111 2042 1138 quo

148 1145 236 1181 loeo,
261 1148 298 1172 ut
324 1142 431 1172 uideas
458 1152 522 1171 non
542 1153 634 1181 posse
660 1142 713 1170 hic
740 1141 802 1170 nisi
824 1142 861 1170 de
881 1142 1017 1171 comitiis
1043 1144 1172 1173 tributis
1200 1147 1347 1185 cogitari,
1375 1157 1509 1186 conpara
1529 1147 1690 1177 Ciceronis
1716 1148 1813 1177 uerba
1838 1148 1872 1176 in
1900 1149 2043 1177 oratione

148 1191 339 1231 Pompeiana
362 1190 396 1219 C.
417 1189 441 1218 I.
467 1188 495 1229 §.
516 1199 543 1218 2.
570 1190 701 1228 scripta:
719 1191 807 1219 Nam
827 1201 897 1218 cum
911 1196 1044 1228 propter
1063 1192 1246 1222 dilationem
1265 1198 1461 1225 comitiorum
1480 1201 1527 1224 ter
1541 1202 1672 1234 praetor
1685 1198 1810 1234 primus
1835 1198 2043 1226 centuriis

148 1241 312 1270 cunctis
338 1240 613 1267 renuntiatus
639 1248 729 1265 sum.
777 1237 875 1265 Porro
902 1237 1048 1268 uideatur
1074 1239 1188 1269 Liuius
1208 1242 1330 1279 XXV,
1348 1253 1377 1273 2.
1405 1244 1530 1273 Aedilis
1558 1245 1679 1273 curulis
1701 1244 1777 1282 fuit
1803 1255 1835 1273 eo
1861 1255 1943 1273 anno
1973 1256 2043 1273 cum

148 1289 200 1319 M.
222 1287 361 1317 Cornelio
381 1285 512 1323 Cethego
534 1287 572 1315 P.
593 1286 753 1314 Cornelius
781 1286 901 1322 Scipio,
933 1288 986 1314 eui
1004 1293 1079 1324 post
1098 1288 1256 1326 Africano
1274 1290 1349 1329 fuit
1374 1302 1549 1329 cognomen.
1586 1292 1676 1320 Huic
1694 1294 1818 1329 petenti
1847 1293 2041 1321 aedilitatem

146 1347 217 1366 cum
237 1335 418 1364 obsisterent
438 1333 693 1371 tribuniplebis,
725 1340 875 1372 negante-s·
895 1335 1050 1362 rationem
1069 1336 1136 1363 eius
1155 1336 1332 1365 hahendam
1352 1348 1431 1373 esse,
1458 1340 1545 1377 quod
1558 1340 1696 1367 nondum
1715 1340 1760 1368 ad
1770 1342 1943 1377 petendum
1961 1342 2040 1380 legi-

146 1391 236 1414 tuma
255 1388 343 1410 aetas
363 1387 456 1410 esset:
483 1383 593 1416 sime,
619 1384 744 1420 inquit,
770 1392 872 1410 omnes
894 1381 1032 1418 Quirites
1058 1383 1190 1412 aedilem
1209 1384 1323 1423 facere
1343 1387 1470 1419 uolunt,
1503 1389 1583 1415 satis
1608 1393 1763 1415 annorum
1789 1387 1894 1417 habeo.
1938 1390 2040 1417 Tanto

144 1433 218 1468 inde
230 1431 350 1470 fauore
370 1429 414 1457 acl
431 1428 623 1467 suffragium
641 1429 813 1466 serendum
833 1431 875 1457 in
896 1429 1034 1457 trihu-s·
1054 1431 1288 1462 discursum
1308 1439 1383 1469 est,
1413 1440 1449 1461 ut
1468 1434 1590 1463 tribuni
1608 1441 1734 1473 repente
1753 1437 1893 1474 incoepto
1914 1436 2040 1465 destite-

144 1483 221 1511 rint.
257 1479 343 1507 Idem
365 1476 432 1512 IX,
451 1476 498 1504 46.
531 1477 647 1504 Eodem
667 1487 753 1505 anno
770 1478 824 1506 Cn.
845 1477 980 1505 Flauius
1001 1479 1055 1507 Cn.
1076 1480 1173 1516 filius
1200 1480 1320 1517 scriba,
1344 1486 1438 1518 patre
1459 1482 1623 1517 libertino,
1649 1483 1763 1512 humili
1779 1484 1920 1522 fortuna
1940 1489 2039 1519 ortus,

145 1534 281 1558 ceterum
300 1524 434 1554 callidus
456 1524 508 1551 uir
527 1529 556 1551 et
567 1524 752 1562 facundus,
772 1525 885 1554 aedilis
905 1527 1027 1554 curialis»
1039 1526 1121 1564 fuit.
1162 1529 1293 1557 Inuenio
1313 1531 1347 1557 in
1367 1528 1554 1567 quibusdam
1573 1531 1758 1567 annalibus,
1780 1542 1850 1560 cum
1869 1536 2038 1569 appareret

145 1574 318 1608 aedilibus,
334 1571 473 1608 flerique
492 1580 523 1598 se
545 1582 621 1608 pro
648 1571 761 1600 tribu
786 1573 917 1601 aedilem
937 1573 1058 1602 uideret
1077 1579 1145 1604 etc..
1164 1590 1203 1596 —
1223 1575 1363 1604 Ceterum
1382 1578 1532 1606 Flauium
1551 1578 1675 1607 dixerat
1697 1580 1828 1608 aedilem
1847 1579 2038 1617 forensis

136 1624 298 1663 factio,
325 1619 389 1656 Ap.
408 1619 524 1647 Claudi
550 1629 684 1648 censura
709 1622 791 1648 uiris
815 1626 928 1655 nacta,
955 1623 1011 1658 qui
1029 1628 1174 1651 senatum
1194 1625 1320 1661 primus
1345 1624 1563 1653 libertinorum
1578 1627 1667 1662 filiis
1694 1628 1782 1655 lectis
1801 1628 2036 1665 inquinauerat.

142 1674 185 1702 Et
202 1675 372 1708 postquam
394 1676 463 1694 eam
481 1666 643 1694 lectionem
663 1677 750 1696 nemo
767 1674 874 1696 ratam
892 1667 1020 1705 habuit,
1046 1681 1106 1699 nee
1128 1673 1164 1699 in
1190 1673 1281 1700 curia
1301 1671 1435 1709 adeptus
1461 1678 1529 1701 erat
1557 1683 1635 1711 quas
1654 1675 1817 1712 petiuerat
1842 1684 1912 1712 opes
1935 1674 2034 1704 urba-

143 1730 218 1749 nas.-
243 1713 465 1744 humilibus
482 1723 555 1751 per
576 1717 701 1743 omnis
729 1716 863 1744 trihus
892 1716 1045 1745 diuisis
1062 1718 1176 1756 sorum
1202 1724 1231 1747 et
1257 1728 1401 1756 campum
1425 1722 1565 1758 corrupit
1580 1719 1617 1760 *).

215 1780 287 1817 „Ex
306 1787 366 1816 quo
396 1776 483 1812 loco,
513 1776 635 1806 Gruchi
655 1778 751 1807 uerba
770 1784 843 1808 sunt
862 1779 900 1808 de
921 1779 1066 1809 comitiis
1086 1781 1177 1810 Rom.
1198 1782 1237 1810 L.
1257 1781 1299 1810 II.
1319 1792 1345 1810 c.
1365 1792 1392 1811 2.
1412 1793 1443 1822 p.
1463 1783 1527 1812 640.
1550 1783 1643 1814 Thes.
1665 1784 1798 1821 Graen.‚
1828 1785 2033 1816 demonstrari

140 1834 261 1871 potest,
296 1835 360 1854 non
390 1825 486 1853 fuisse
511 1825 686 1854 centuriata
713 1827 855 1863 comitia,
891 1827 925 1855 in
952 1828 1064 1865 quibus
1086 1829 1146 1858 Cn.
1165 1830 1293 1859 Flauius
1322 1831 1431 1859 aedilis
1459 1831 1575 1860 curulis
1604 1837 1649 1860 est
1669 1833 1777 1861 sactus.
1816 1833 1929 1872 Neque
1949 1835 2032 1863 enim

139 1877 245 1918 potuit
263 1872 396 1904 sorensis
416 1871 511 1900 factio
532 1872 566 1900 iu
586 1874 723 1903 comitiis
743 1874 928 1903 centuriatis
947 1876 1145 1913 praeualere,
1165 1883 1227 1914 set,
1247 1883 1283 1907 ut
1302 1878 1385 1907 idem
1405 1879 1517 1908 Liuius
1538 1879 1600 1915 ait,
1626 1882 1675 1909 uis
1694 1881 1920 1919 suffragiorum
1934 1893 2032 1920 penes

136 1927 288 1965 primores
312 1927 388 1949 erat.
427 1920 473 1949 Ut
492 1922 649 1958 omittam,
675 1922 760 1951 illam
787 1921 974 1950 diuisionem
1003 1921 1170 1953 humilium
1196 1936 1254 1965 per
1281 1927 1380 1955 omnis
1401 1927 1501 1955 tribus
1521 1927 1605 1955 nihil
1623 1933 1676 1956 aut
1696 1938 1862 1966 perparum
1880 1930 2030 1967 potuisse,

139 1972 201 2001 nisi
221 1968 362 1999 tributim
383 1969 523 2007 suffragia
542 1970 639 1998 ferret
658 1971 804 2009 populus.
841 1969 922 1998 Nam
942 1970 969 1998 si
989 1970 1124 2002 humiles
1144 1980 1249 2010 erant,
1283 1975 1336 2014 qui
1357 1985 1452 2004 censu.
1471 1975 1593 2003 minore
1614 1980 1717 2011 erant,
1744 1985 1807 2004 non
1826 1982 1971 2015 poterant
1991 1977 2029 2006 ad

138 2018 314 2056 suffragium
334 2016 441 2044 uocari
461 2016 595 2045 humiles
615 2018 684 2054 isti,
710 2017 772 2047 nisi
792 2018 825 2047 in
843 2019 1012 2057 postremis
1033 2020 1200 2051 elassibus:
1227 2022 1261 2051 in
1282 2023 1394 2061 quibus
1414 2022 1441 2051 si
1460 2023 1583 2062 priores
1603 2023 1846 2061 consensissent,
1873 2024 1960 2053 nulla
1978 2024 2029 2053 ufs

137 2065 351 2104 suffraginum
371 2073 436 2092 esse
455 2070 587 2103 poterat.
596 2067 615 2082 “

211 2131 310 2158 Porro
332 2126 492 2155 Ciceronis
513 2128 625 2164 uerba,
658 2139 737 2167 quae
753 2129 848 2158 modo
873 2130 989 2167 adtuli,
1027 2132 1165 2162 Uoc-atae
1184 2133 1306 2169 tribum
1339 2134 1440 2162 latum
1459 2135 1669 2174 szffragizim;
1696 2135 1845 2165 diribitae
1873 2137 2026 2172 tabellam

136 2179 225 2214 longe
240 2177 425 2214 plurumum
446 2175 552 2204 ualuit
571 2178 747 2212 Plancius,
775 2188 842 2206 non
861 2189 954 2217 posse
973 2179 1036 2208 nisi
1064 2180 1101 2208 de
1122 2181 1259 2210 comitiis
1279 2181 1406 2210 tributis
1428 2182 1511 2211 dicta
1529 2183 1646 2221 accipi,
1679 2183 1839 2221 intellegat
1859 2190 2024 2221 necessest,

136 2225 190 2264 qui
213 2223 345 2252 eundem
366 2227 519 2251 oratorem
540 2223 679 2263 Philipp.
698 2225 747 2262 ΙΙ,
769 2227 818 2255 33.
844 2227 984 2256 consulis
1002 2228 1192 2258 creationem
1220 2235 1430 2269 exponentem
1455 2230 1589 2269 ideoque
1618 2231 1655 2260 de
1683 2231 1819 2260 comitiis
1840 2232 2024 2262 centuriatis

134 2272 314 2311 loquentem
335 2270 379 2298 ita
398 2269 546 2297 audierit:

210 2330 289 2358 Eece
309 2328 497 2357 Dolabellae
513 2330 708 2358 comitiorum
726 2331 815 2367 dies;
831 2334 955 2362 sortitio
967 2337 1234 2374 praerogatiuae.-
1261 2338 1411 2374 quiescit:
1438 2339 1660 2366 renuntiatur:
1685 2342 1789 2365 tacet:
1808 2340 1917 2375 prima
1939 2340 2021 2368 clas-

201 2475 223 2508 ‘)
242 2474 361 2502 Eandem
377 2486 435 2503 rem
453 2478 487 2504 A.
508 2477 615 2504 Gellius
631 2478 667 2504 N.
684 2478 719 2504 A.
737 2479 790 2511 VI,
809 2488 834 2514 9.
852 2481 986 2515 narrauit,
1007 2483 1081 2508 euius
1098 2484 1181 2511 uerba
1197 2484 1265 2510 infra
1283 2484 1458 2518 adponemus.

1561 2535 1594 2561 11
