2185 2720
150 151 262 182 XLVI
817 144 1348 176 PROLEGOMENA.

152 236 282 265 quorum
302 224 334 253 in
354 223 424 252 aliis
444 221 604 251 codicibus
624 220 683 249 alia
702 220 789 250 sedes
810 226 872 257 est,
892 231 1019 260 prorsus
1040 221 1164 250 inutilia
1184 220 1276 248 etiam
1295 218 1375 255 sint,
1395 228 1461 247 mea
1481 219 1634 248 sententia
1653 219 1789 249 dubitari
1808 219 1926 259 nequit,
1947 219 2021 258 quin

151 275 189 302 ab
209 274 380 311 interprete
401 271 541 309 profecta
561 269 773 298 existumanda
793 269 864 298 sint.
902 270 982 297 Loci
1003 269 1036 297 hi
1057 274 1143 297 sunt:

225 322 259 350 C.
279 320 365 347 vlu.
386 316 477 356 §.19.
522 319 567 346 Tu
587 328 618 345 es
637 328 673 346 ex
695 319 864 355 municipio
883 319 1109 355 antiquis-sumo
1134 315 1324 349 Tusculano,
1351 325 1387 342 ex
1406 323 1464 352 quo
1477 315 1647 352 plurumae
1664 314 1815 352 familiae
1833 321 1931 344 sunt
1949 325 2024 344 eon-

152 370 289 401 salares,
309 369 342 395 in
363 364 474 403 quibus
494 370 538 392 est
558 367 652 393 eliam
671 367 829 394 quentia.

227 426 276 453 Sic
296 432 401 452 omnes
420 422 490 450 sam.
510 422 620 450 tertiae
641 422 779 457 codices3
813 426 919 449 contra
938 422 963 449 B
983 428 1056 450 sunt
1077 425 1146 448 ante
1171 420 1339 457 plurumae
1358 417 1468 453 habet,
1495 417 1522 446 E
1543 423 1613 446 ante
1630 418 1790 456 familiae.
1829 419 1936 457 Itaque
1959 429 2024 449 non

154 472 294 503 dubitaui
315 471 347 498 id
368 470 496 498 uerbum
518 469 678 504 omittere,
699 469 779 506 quod
800 469 901 504 uaria,
923 479 1011 506 quam
1032 469 1141 502 habet,
1171 467 1241 494 sede
1262 465 1463 493 uehementer
1483 471 1657 504 suspectum
1677 476 1777 505 neque
1797 467 1834 495 ad
1854 467 2024 496 sententiae

155 520 366 559 integritatem
385 517 622 545 necessariumst
642 521 673 544 et
693 516 729 543 ab
751 516 976 554 interpretibus
997 515 1183 553 saepissume
1204 513 1341 541 additum
1362 517 1481 540 constat
1502 522 1574 541 esse.

226 578 262 606 C.
281 575 409 605 XXIV.
429 573 454 613 5.
475 575 520 612 59.
558 574 624 611 Ego
644 584 716 602 uero
738 583 929 611 quamquam
956 575 1005 601 illi
1032 574 1136 601 omnia
1162 572 1245 599 malo
1272 580 1367 608 quum
1393 570 1488 606 mihi,
1518 576 1623 599 tamen
1649 572 1720 600 illi
1744 571 1895 601 honorum
1920 572 2027 601 aditus

151 635 321 663 numquam
333 623 502 661 faciliores
522 621 646 658 apiani,
675 632 769 659 quam
788 620 867 648 milti
876 621 1023 658 filerunt.

226 683 277 710 Sic
297 690 402 709 omncs
424 679 493 706 fam.
515 677 626 706 tertiae
647 678 786 715 codices3
822 689 838 707 a
858 678 968 716 quibus
991 677 1134 705 dissentit
1152 676 1195 711 E,
1230 678 1281 705 illi
1299 685 1471 715 pronomen
1492 680 1563 714 post
1591 687 1761 714 numquam
1780 687 1916 715 ponens,
1951 681 1982 704 et
2000 677 2026 704 B

150 732 210 760 hoc
231 730 340 758 ordine
367 727 461 755 uerba
487 724 668 752 conlocans:
697 731 798 752 tamen
821 736 991 763 numquam
1012 725 1061 752 illi
1078 724 1240 762 facilioris
1259 723 1409 751 honorum
1435 724 1540 750 adilus
1570 728 1637 751 etc..
1676 723 1718 751 Et
1746 734 1873 762 prorsus
1902 723 2027 762 quidem

153 777 268 806 uitiosa
295 776 344 804 illi
372 772 566 812 pronominis
594 772 767 800 conlocatio
796 777 876 807 east,
905 783 993 810 quam
1022 772 1055 799 in
1083 773 1152 800 sam.
1173 771 1284 798 tertiae
1312 770 1469 798 codicibus
1491 770 1556 798 disi
1577 781 1650 798 esse.
1689 771 1768 799 Nam
1789 782 1855 800 cum
1876 771 1909 799 in
1929 771 2026 798 altero

148 824 287 853 membro
308 828 412 849 lamen
431 819 618 857 -fiterunt
638 820 833 858 praecipuam
855 819 918 847 uim
938 829 1001 847 non
1021 829 1193 857 pronomen
1214 819 1301 853 illut,
1322 824 1368 846 set
1388 818 1482 846 uerba
1501 818 1652 846 honorum
1671 819 1777 846 aditus
1797 819 1944 854 habeant,
1963 826 2028 845 non

150 873 199 900 iili
218 878 390 909 pronomen
411 871 457 895 set
477 866 651 894 necessario
673 866 768 894 uerba
787 866 938 894 honor-um
966 867 1072 894 aditus
1100 866 1248 893 continuo
1276 871 1347 903 post
1368 872 1471 894 lamen
1491 865 1578 903 sequi
1599 865 1721 894 debent.
1762 866 1897 894 Omnino
1925 869 2027 893 autem

148 927 213 946 non
232 915 354 944 inutilis
378 919 514 949 tantum,
534 924 642 942 uerum
663 914 793 942 molesta
813 914 904 941 etiam
924 912 1121 952 pronominis
1142 913 1226 940 illius
1248 913 1420 948 iteratiost,
1450 923 1671 951 quemcumque
1699 913 1727 940 ei
1746 913 1849 942 locum
1868 911 2027 941 tribueris.

150 963 299 997 Accedit,
320 962 421 1000 quod,
451 971 467 988 a
489 960 596 989 Tullio
617 960 642 988 si
662 960 772 988 suisset
792 961 945 996 additum,
973 971 1035 988 non
1057 961 1266 998 intellegitur,
1297 959 1349 997 qui
1369 960 1483 988 sactum
1503 960 1559 996 sit,
1585 964 1619 988 ut.
1638 965 1699 988 tam
1718 961 1835 988 uariam
1854 959 1888 988 in
1908 958 2028 987 codici-

150 1012 206 1040 bus
227 1010 329 1039 sedem
349 1013 524 1046 occuparet.
564 1008 670 1045 Itaque
690 1007 756 1035 sine
777 1008 970 1036 dubitatione
992 1008 1169 1036 eiciundum
1189 1008 1307 1046 putaui.

225 1058 258 1086 C.
278 1057 321 1085 X.
342 1055 369 1095 §.
390 1056 434 1085 26.
475 1055 566 1091 Quod
583 1065 652 1083 eum
671 1056 860 1093 linquentem
880 1062 996 1084 terram
1015 1067 1092 1091 eam,
1113 1066 1206 1094 quam
1225 1061 1386 1090 sel-uarat,
1407 1057 1518 1084 uotis
1538 1054 1807 1093 omnibusque
1826 1055 2027 1083 lac-rumne

146 1107 306 1145 prosecuti
325 1110 407 1131 sunt.

225 1153 275 1180 Sic
295 1151 461 1180 Bauaricus
482 1150 609 1186 scribit3
643 1150 838 1178 Erfurtensis
858 1152 940 1178 uotis
966 1150 1104 1178 omnihus
1131 1151 1350 1188 lacrimisque;
1377 1150 1512 1178 familiae
1541 1150 1654 1178 tertiae
1680 1150 1802 1178 codices
1828 1149 1894 1177 fere
1922 1156 2028 1176 omnes

149 1202 288 1230 lacrimis
308 1200 449 1236 uotisque
477 1197 625 1226 omnihus,
664 1198 744 1225 Nam
772 1203 835 1226 tres
863 1203 982 1226 tantum
1004 1197 1136 1225 Parisini
1167 1208 1202 1225 eo
1225 1197 1412 1225 dissentiunt
1441 1208 1457 1225 a
1476 1197 1605 1235 reliquis
1625 1198 1758 1226 familiae
1778 1197 1889 1225 tertiae
1910 1194 2029 1224 codici-

149 1248 216 1282 bus,
237 1245 319 1284 quod
338 1244 489 1273 ominibus
508 1254 565 1282 pro
587 1245 726 1272 omnihus
746 1245 895 1272 scribunt.
934 1245 1152 1273 Lallemandus
1172 1250 1283 1280 autem,
1305 1245 1391 1273 cuius
1412 1245 1448 1272 ad
1469 1244 1551 1273 hunc
1571 1245 1673 1273 locum
1694 1244 1922 1273 adnotationem
1941 1241 2028 1281 Pari-

149 1300 198 1323 ter
217 1299 308 1331 atque
327 1292 520 1330 reliquorum
541 1291 696 1319 editorum
716 1297 859 1330 repetere
887 1291 939 1319 hic
966 1292 1096 1320 uisumst
1123 1297 1153 1320 et
1180 1292 1213 1320 in
1240 1292 1334 1320 imum
1360 1292 1528 1330 marginem
1556 1292 1675 1320 reicere
1694 1291 1737 1330 *)‚
1772 1302 1840 1319 cum
1866 1300 1963 1318 unum
1990 1288 2028 1316 de

150 1342 212 1369 suis
234 1340 392 1369 codicibus
421 1339 546 1366 eandem
566 1340 716 1377 praebere
744 1340 928 1377 scripturam
957 1339 1047 1375 dicit,
1077 1350 1165 1377 quam
1192 1340 1269 1368 falso
1292 1340 1444 1368 Graeuius
1473 1340 1505 1367 in
1526 1340 1593 1368 Erf.
1614 1339 1748 1377 reperiri
1770 1338 1906 1372 dixerat,
1935 1337 2028 1371 ιιοιίε,

150 1388 320 1421 ominibus,
352 1387 567 1423 lacrimisque,
596 1387 732 1414 minume
759 1387 988 1415 existumandus
1017 1392 1063 1414 est
1089 1387 1148 1414 hoc
1176 1387 1277 1413 dicere
1308 1388 1461 1420 uoluisse,
1490 1385 1620 1413 eundem
1643 1385 1810 1412 uerborum
1831 1382 1972 1410 ordinem
1991 1382 2025 1409 iu

150 1445 211 1463 uno
232 1433 269 1461 de
289 1431 352 1460 suis
374 1429 505 1466 offendi,
525 1430 578 1468 qui
598 1430 632 1458 in
652 1430 719 1459 Erf.
739 1431 790 1467 sit,
810 1436 857 1459 set
875 1434 1060 1469 scripturam
1080 1433 1230 1460 ominibus
1250 1432 1341 1460 unius
1363 1432 1400 1460 de
1419 1432 1482 1460 suis
1504 1432 1663 1461 codicibus
1683 1432 1868 1461 auctoritate
1888 1439 2024 1469 conpro—

218 1563 241 1595 Ἴ
260 1561 409 1594 Lacrimis,
428 1561 513 1592 uotis,
532 1558 716 1594 ominibusque
730 1557 869 1593 prosecuti
886 1559 961 1591 sunl]
982 1558 1026 1583 Sic
1046 1558 1196 1592 legendum,
1213 1569 1265 1586 non
1284 1561 1406 1595 uotisque
1423 1559 1554 1586 omuibus.
1589 1560 1684 1586 Horat.
1704 1559 1748 1584 od.
1768 1558 1793 1583 5.
1812 1558 1859 1584 lib.
1878 1557 1917 1582 lh:
1939 1556 2025 1590 Uotis,

150 1607 341 1640 ominibusque,
360 1610 386 1630 et
398 1605 524 1639 precihus
542 1609 630 1629 uocat.
667 1604 769 1637 Quodsi
790 1604 846 1637 quis
865 1604 937 1629 malit
956 1604 990 1628 ita
1010 1604 1071 1636 legi,
1089 1604 1167 1633 uotis,
1188 1603 1314 1638 bonisque
1332 1606 1472 1637 ominibus,
1489 1615 1541 1630 non
1559 1606 1725 1638 repugnabo;
1745 1608 1785 1627 set
1802 1602 1904 1634 longius
1923 1602 2026 1626 disces-

151 1652 214 1677 serit
239 1650 270 1675 ab
296 1650 403 1683 antiqua
427 1651 567 1683 scriptura.
601 1649 813 1674 LAMBJNL'S.
849 1648 1010 1673 Erfurtensis
1038 1649 1122 1680 uotis,
1145 1648 1291 1679 ominibus,
1315 1649 1487 1684 lacrimisque
1513 1649 1576 1682 [non
1601 1650 1636 1673 ita
1664 1647 1785 1680 scribiq,
1815 1655 1893 1679 quem
1918 1653 2024 1678 sequor.

152 1695 360 1721 GRAEUIUS.
395 1694 526 1719 Graeuius
550 1694 619 1718 bene
647 1701 660 1716 e
681 1693 740 1716 cod·
764 1692 818 1718 Erf.
844 1693 929 1724 uotis,
955 1693 1102 1724 ominibus,
1129 1693 1257 1717 lacrimis.
1294 1693 1428 1719 Sollemne
1455 1694 1568 1719 librariis
1594 1692 1665 1717 uotis
1688 1690 1809 1716 omnihus
1832 1689 1949 1714 scribere
1972 1698 2022 1722 pro

151 1741 238 1770 uotis,
255 1737 397 1764 ominibus·
432 1738 655 1762 ERNESTIUS.
696 1737 788 1767 Uotis,
818 1736 964 1767 ominibus,
993 1736 1176 1771 lacrimisque]
1211 1737 1251 1761 Ita
1272 1737 1380 1763 Graeuii
1400 1739 1459 1763 cod.
1476 1739 1530 1762 Ers.
1550 1743 1577 1762 et
1594 1746 1658 1762 unus
1679 1745 1692 1760 e
1710 1735 1822 1766 nostris,
1847 1734 1928 1767 idque
1944 1742 2025 1766 prae-

151 1790 202 1810 stat
219 1784 341 1816 uolgato,
362 1781 497 1813 lacrimis,
521 1782 643 1815 uotisque
661 1781 791 1806 omnibus.
822 1782 1124 1806 LALLEMANDUS.
1154 1782 1235 1806 Certe
1255 1781 1364 1807 absurda
1384 1792 1437 1807 non
1458 1788 1512 1807 erat
1532 1782 1652 1814 uolgata3
1669 1785 1709 1804 set
1730 1780 1797 1804 haec
1816 1785 1902 1804 tamen
1921 1779 2023 1810 melior,

150 1830 273 1854 Bentleio
293 1835 398 1861 quoque
417 1826 522 1857 iudice,
541 1835 617 1858 quem
639 1826 745 1850 omnino
767 1825 874 1849 consule
895 1826 926 1850 ad
946 1826 1040 1852 Horat.
1057 1826 1103 1850 IV.
1123 1826 1208 1851 carm.
1228 1827 1251 1855 5,
1274 1827 1322 1851 13..
1357 1828 1501 1852 Paciltnma
1521 1825 1679 1860 permutatio
1697 1824 1760 1853 fuit,
1779 1823 1811 1847 de
1830 1832 1881 1857 qua
1899 1823 2022 1848 Dukerus

152 1875 184 1899 ad
200 1873 261 1898 Liu.
280 1870 390 1901 XXXX,
417 1878 469 1896 ιο..
506 1871 753 1895 GARATONIUS
770 1869 792 1894 Ι.
828 1869 905 1893 Duae
929 1875 987 1894 sunt
1011 1872 1036 1895 in
1056 1871 1192 1895 codicibus
1210 1871 1352 1896 lectiones:
1376 1873 1471 1903 altera,
1499 1880 1567 1904 quae
1586 1869 1681 1894 merito
1700 1868 1867 1901 repudiatur,
1893 1867 2023 1899 lacrimis,

151 1917 272 1950 uotisque
291 1914 425 1945 omnibus,
451 1914 550 1944 altera,
575 1923 643 1947 quae
661 1914 800 1947 probatur,
825 1914 911 1944 uotis,
939 1913 1087 1945 ominibus,
1113 1914 1300 1948 lacrimisque,
1328 1917 1359 1940 ab
1378 1916 1531 1940 Ersurtense
1556 1919 1582 1938 ct
1601 1912 1766 1938 Lnllemandi
1792 1912 1876 1936 altero
1903 1917 2024 1946 accepta.

152 1962 218 1987 Cum
242 1961 269 1985 in
294 1960 344 1984 hac
366 1958 445 1983 facile
472 1958 665 1991 adquieuerim‚
691 1963 833 1982 conmouet
859 1967 899 1982 me
924 1968 993 1983 nunc
1019 1959 1117 1992 optumi
1142 1960 1241 1984 codicis
1259 1960 1380 1985 Bauarici
1407 1959 1579 1993 deprauatio,
1603 1958 1673 1981 uotis
1698 1955 1871 1990 omnibusque
1892 1956 2023 1986 lacrimis,

151 2006 220 2031 Uide
239 2004 338 2029 etenim
354 2003 381 2028 in
400 2003 494 2027 talibus
519 2003 646 2026 librorum
667 2001 799 2025 erroribus
826 2002 953 2027 contineri
979 2003 1120 2035 aliquando
1140 2004 1254 2028 ueriora.
1292 2004 1363 2036 Quid
1384 2014 1461 2038 ergo,
1485 2005 1506 2028 si
1525 2012 1577 2027 nox
1597 2001 1731 2030 lacrimis,
1750 2009 1818 2033 quae
1834 2001 1925 2026 sedem
1943 2001 2025 2026 habet

149 2050 288 2079 incertam,
307 2047 419 2072 delenda
436 2047 488 2072 sit?
507 2047 575 2072 Tum
595 2051 710 2079 optuma,
728 2051 754 2070 et
773 2055 786 2070 a
805 2046 957 2071 melioribus
976 2047 1049 2071 libris
1068 2047 1229 2080 conprobata
1248 2047 1329 2072 lectio
1348 2054 1469 2079 restaret,
1487 2048 1557 2082 quod
1574 2056 1632 2071 cum
1652 2045 1817 2078 linquentem
1835 2049 1937 2070 terram
1954 2053 2022 2075 eam,

152 2102 231 2127 quam
250 2096 424 2123 seruauerat,
451 2091 522 2115 uotis
546 2090 729 2124 ominibusque
742 2091 880 2124 prosecuti
897 2096 968 2115 suut.
1004 2092 1149 2116 Lambinus
1174 2092 1224 2116 iam
1243 2093 1412 2118 intellexerat
1431 2102 1478 2125 pro
1505 2092 1626 2125 uotisque
1652 2090 1773 2114 omnibus
1797 2090 1939 2122 legendum
1965 2098 2021 2114 esse

152 2137 222 2162 uolis
239 2135 431 2170 ominibusque.
468 2136 516 2160 Set
535 2144 593 2160 cum
613 2135 788 2160 lacrimarum
806 2136 908 2159 uideam
928 2141 1102 2168 opportunam
1121 2144 1177 2160 esse
1197 2137 1370 2167 mentionem,
1394 2137 1459 2161 nihil
1477 2141 1558 2160 muto.
1594 2136 1707 2160 Tantum
1727 2136 1863 2168 suspicor,
1888 2134 1916 2158 in
1932 2133 2021 2158 Baua-

151 2182 206 2206 rico
225 2189 319 2205 uocem
336 2179 457 2205 lacrimis
475 2180 562 2204 alieno
579 2180 641 2205 loco
660 2181 738 2205 fuisse
757 2180 911 2212 repositam,
938 2189 996 2204 cum
1015 2185 1091 2204 antea
1110 2180 1245 2213 superiore
1263 2181 1408 2212 deciderit,
1435 2181 1533 2205 deinde
1552 2180 1691 2212 marginem
1710 2179 1859 2212 occuparit,
1882 2177 2020 2211 periteque

151 2225 178 2250 id
205 2225 370 2249 emendatum
394 2225 421 2250 in
438 2224 591 2249 Erfurtense
618 2225 707 2249 fuisse.
743 2225 779 2248 Ita
799 2224 971 2248 Lambiniana
997 2224 1052 2257 ipsa
1077 2224 1159 2248 lectio
1184 2224 1372 2253 conficeretur;
1406 2233 1471 2257 quae
1498 2224 1612 2256 denique
1636 2233 1688 2248 non
1716 2223 1805 2247 dissert
1826 2222 1875 2248 nisi
1893 2221 1986 2246 ordine
2005 2230 2021 2247 a

153 2269 312 2294 Graeuiana.
347 2269 595 2294 GARATONIUS
620 2269 654 2293 11.
690 2269 819 2300 Optumus
843 2277 903 2292 sane
931 2269 1023 2292 ordost
1042 2268 1241 2292 Lambinianus:
1274 2268 1409 2299 lacrimis,
1435 2269 1505 2293 uotis
1528 2266 1726 2301 ominibusque,
1759 2275 1836 2300 quem
1862 2264 2020 2298 recepimus.

151 2313 294 2339 Lacrimas
312 2314 422 2346 primum
441 2314 565 2338 mouebat
590 2313 669 2337 dolor
688 2312 722 2336 ob
742 2312 808 2337 Mari
827 2312 925 2344 fugam3
958 2312 1004 2336 has
1030 2321 1094 2336 uero
1113 2312 1214 2343 statim,
1241 2313 1374 2338 desiderio
1394 2321 1424 2336 ac
1449 2321 1495 2344 spe
1513 2312 1630 2343 reditus,
1659 2317 1720 2337 ncta
1739 2311 1878 2342 ominaque
1898 2310 2019 2343 excipie-

151 2358 222 2387 bant,
243 2366 309 2390 quae
327 2358 416 2381 nescio
437 2357 568 2390 quomodo
587 2356 699 2380 lacrimis
717 2360 808 2388 postea
828 2356 928 2379 obortis
948 2356 1056 2380 fuissent
1075 2357 1211 2381 funestata.
1248 2357 1305 2389 ραι»
1323 2365 1380 2380 enm
1399 2357 1430 2381 ab
1455 2357 1574 2381 omnibus
1594 2356 1728 2381 codicibus
1745 2359 1874 2385 seruetur,
1892 2363 1944 2378 non
1962 2358 2018 2378 erat

153 2410 198 2426 eiu·
216 2401 248 2426 ab
266 2400 388 2425 Ernestio
407 2406 434 2424 et
452 2401 576 2425 Schutzio
594 2400 772 2424 induceretur.
809 2399 938 2424 Graeuius
964 2400 1031 2424 enim
1055 2401 1136 2424 habet
1161 2399 1347 2434 lacrimisque5
1376 2406 1402 2425 et
1421 2406 1494 2424 recte
1519 2401 1573 2425 iam
1589 2400 1617 2425 in
1633 2404 1721 2424 nostra
1746 2391 1862 2423 lectione
1885 2397 1937 2422 duo
1957 2403 2018 2424 tau-

152 2451 205 2469 tum
223 2444 339 2469 membra
352 2444 401 2468 sihi
421 2449 601 2477 opponuntur,
621 2444 732 2468 alterum
751 2443 895 2475 lacrimae,
916 2444 1026 2468 alterum
1047 2449 1110 2468 uota
1129 2444 1278 2478 ominaque.
1315 2445 1514 2470 ORELLJUS.
