2185 2720
498 121 602 152 Pno
639 121 713 152 CN.
739 121 986 153 PLANCIO.
1021 102 1125 152 CAP.
1150 121 1333 154 XXXVII.
1361 124 1559 155 XXXVIII.
1585 125 1752 158 XXXIX.
2035 138 2071 164 53

177 198 279 238 blica,
317 197 376 240 qui
402 196 454 229 fui
476 209 627 240 semper:
664 204 824 230 tamenne
852 197 1045 230 libertatem
1072 197 1228 240 requires
1250 202 1388 232 meam?
1426 212 1526 244 quam
1548 208 1587 234 tu
1608 204 1708 246 ponis
1731 204 1768 236 in
1791 216 1846 245 e0,
1886 206 1914 237 si
1937 219 2072 251 semper

177 263 255 283 cum
278 251 337 292 iis,
375 251 577 293 quibuscum
600 250 783 293 aliquando
807 252 1060 290 contendimus,
1099 250 1345 294 depugnemus.
1392 254 1496 295 Quod
1519 262 1568 287 est
1593 257 1693 299 longe
1718 269 1830 290 secus:
1867 265 1956 290 stare
1980 261 2072 294 enim

176 316 293 336 omues
318 305 479 336 debemus
502 310 676 346 tamquam
699 304 735 335 in
759 305 842 336 orbe
865 305 978 347 aliquo
1001 304 1052 336 rei
1074 305 1242 347 publicae,
1267 305 1326 348 qui
1350 307 1511 349 quoniam
1538 316 1704 351 uersatur,
1730 322 1803 343 eam
1817 311 1966 355 deligere
1991 325 2072 357 par-

174 363 263 398 tem,
287 358 329 389 ad
355 370 456 400 quam
479 370 541 389 nos
563 357 656 388 illius
680 357 809 390 utilitas
831 358 988 400 salusque
1012 357 1232 391 conuerterit.

260 426 437 458 XXXIX.
482 425 555 467 Ego
589 430 704 455 autem
737 425 800 456 Cn.
833 425 1052 468 Pompeium,
1092 437 1162 457 non
1192 425 1266 458 dico
1290 433 1486 468 auctorem,
1526 428 1666 470 ducem,
1706 431 1921 465 defensorem
1957 434 2073 466 salutis

174 490 285 511 meae:
320 490 399 510 nam
429 478 510 509 11300
539 477 704 519 priuatim
735 476 877 510 sortasse
907 478 1097 510 officiorum
1124 478 1328 510 memoriam
1359 486 1392 512 et
1422 481 1565 523 gratiam
1600 491 1785 525 quaeruut:
1824 492 1874 516 set
1899 485 1973 517 dieo
1996 487 2072 527 hoc,

176 532 269 575 quod
292 531 334 563 ad
357 531 500 563 salutem
524 529 575 560 rei
597 529 753 572 publicae
776 530 942 573 pertinet:
981 542 1042 573 ego
1063 543 1141 562 eum
1161 543 1232 563 non
1255 537 1368 573 tuear,
1400 545 1502 576 quem
1525 548 1641 567 omnes
1665 536 1701 567 in
1724 549 1761 568 re
1784 539 1918 580 publica
1941 539 2073 582 princi-

174 596 256 629 pem
278 596 349 616 esse
373 582 587 615 concedunt?
621 593 681 625 ego
707 583 745 615 C.
770 582 920 615 Caesaris
942 583 1099 616 laudibus
1124 584 1251 625 desim,
1286 597 1367 627 quas
1390 587 1544 630 primum
1567 589 1689 631 populi
1712 590 1878 630 Romani,
1909 603 1999 622 1111110
2021 598 2073 623 et-

174 637 243 669 iam
265 643 415 677 senatus,
447 636 501 667 cui
524 647 579 667 me
602 646 738 678 semper
760 635 895 676 addixi,
936 636 1107 679 plurumis
1131 644 1232 680 atque
1255 639 1486 682 amplissumis
1509 640 1644 673 iudiciis
1667 642 1804 674 uideam
1828 655 1899 675 esse
1922 645 2073 676 celebra-

174 691 250 722 tas?
296 690 388 721 Tum
417 689 556 720 hercule
586 700 642 719 me
675 688 837 720 confitear
865 701 934 720 non
965 689 1131 721 iudicium
1159 690 1299 733 aliquod
1328 692 1485 725 habuisse
1509 693 1551 724 de
1573 693 1625 725 rei
1647 694 1803 737 publicae
1826 696 1989 737 utilitate,
2024 704 2074 729 set

174 742 372 775 hominibus
408 742 555 772 amicum
584 747 642 773 aut
671 741 849 774 inimicum
870 741 986 775 fuisse.
1031 743 1107 783 An,
1142 754 1219 774 cum
1242 743 1379 776 uideam
1401 757 1525 778 nauem
1547 746 1702 779 secundis
1725 748 1837 780 uentis
1860 760 1997 780 cursum
2020 756 2073 781 te-
2083 758 2118 785 94

173 801 313 828 nentem
336 807 453 835 suum,
489 795 516 826 si
539 806 610 826 non
635 806 712 826 eum
733 801 826 837 petat
847 802 1008 839 portum,
1047 808 1149 838 quem
1175 808 1236 839 ego
1260 797 1444 840 aliquando
1467 800 1630 842 probaui,
1667 806 1718 831 set
1740 801 1846 832 alium
1868 813 1937 832 11011
1960 802 2073 835 minus

175 854 289 881 tutum
312 855 414 890 atque
437 847 680 890 tranquillum,
705 859 783 879 cum
805 854 1006 892 tempestate
1027 860 1177 891 pugnem
1202 850 1393 892 periculose
1418 852 1552 896 potius,
1587 864 1688 895 quain
1712 854 1764 885 illi
1787 854 1894 886 salute
1916 865 2075 898 praeser-

176 901 239 933 tim
263 901 440 944 proposita
464 901 697 942 obtemperem
719 905 752 930 et
767 903 929 942 paream?
971 902 1045 944 Ego
1069 913 1153 933 uero
1177 903 1259 934 haec
1283 903 1397 945 didici,
1421 905 1504 936 haec
1526 904 1609 943 uidi,
1633 906 1715 937 11300
1737 907 1863 950 scripta
1885 906 1969 949 legi3
1993 907 2075 939 haec

177 954 219 986 de
242 953 508 997 sapientissumis
532 958 566 983 et
588 952 792 984 clarissumis
815 953 900 985 uiris
924 960 958 986 et
979 954 1015 986 in
1037 954 1099 985 1130
1124 966 1161 986 re
1183 956 1320 998 publica
1344 964 1377 989 et
1399 957 1435 989 in
1457 958 1531 990 aliis
1551 958 1743 991 ciuitatibus
1766 966 1988 991 monumenta
2010 973 2076 992 no—

174 1007 226 1039 bis
251 1007 411 1048 [litterae]
436 1004 675 1049 prodiderunt,
701 1017 772 1038 uon
796 1017 932 1050 semper
954 1006 1088 1039 easdem
1109 1008 1293 1040 sententias
1316 1009 1356 1041 ab
1372 1009 1512 1052 eisdem,
1535 1017 1586 1043 set
1604 1023 1833 1055 quascumque
1855 1014 1905 1044 rei
1919 1014 2075 1056 publicae

252 1166 299 1195 sui
319 1166 452 1206 semper)
473 1166 529 1202 La,
552 1165 612 1202 Lb,
633 1169 664 1194 et
683 1166 726 1194 Pa
745 1176 863 1204 semper
875 1166 942 1205 sui.
961 1179 1002 1188 -·
1038 1171 1182 1196 tamenne
1210 1167 1400 1209 libertatem)
1426 1177 1453 1209 ψ
1473 1177 1617 1200 tamenne
1637 1177 1671 1199 tn
1692 1172 1873 1200 libertatem.
1893 1188 1932 1193 —
1968 1174 2075 1212 requi-

177 1213 240 1253 res)
261 1215 315 1243 Ma
336 1220 366 1242 et
386 1215 419 1242 H
439 1216 599 1252 requiras,
624 1213 655 1241 D
677 1215 824 1252 inquires.
844 1229 881 1235 —
921 1214 975 1253 qui
1000 1214 1145 1253 quoniam
1166 1216 1321 1254 uersatur)
1348 1218 1394 1246 Pb
1415 1223 1446 1247 et
1465 1220 1506 1248 Pe
1535 1222 1589 1259 qni
1602 1221 1660 1257 sni
1679 1230 1796 1257 semper
1817 1226 1961 1249 tamenne
1981 1222 2075 1250 liber-

177 1268 275 1290 tatem
292 1263 440 1300 quoniam
462 1267 612 1290 uersetur.
631 1277 670 1282 —
707 1260 862 1301 uersatur)
884 1262 935 1291 Sic
955 1263 990 1300 Β,
1011 1262 1049 1299 Ε,
1071 1267 1102 1291 ct
1121 1262 1181 1301 Pa,
1203 1265 1300 1293 ceteri
1321 1271 1471 1296 uersetur.
1485 1282 1524 1290 ·-·
1562 1267 1711 1307 deligere)
1730 1268 1765 1305 B,
1785 1268 1852 1304 Mb,
1872 1268 1928 1304 La,
1948 1269 2003 1306 Pb,
2023 1270 2075 1306 Pe,

178 1309 214 1345 C,
235 1314 266 1338 et
285 1309 318 1338 H
340 1310 494 1348 diligere;
513 1311 567 1339 {Ma
586 1310 708 1347 eligere.
727 1324 766 1332 --

254 1371 289 1401 C.
308 1371 476 1401 XXXIX.
496 1369 693 1411 Pompeium)
712 1371 765 1399 Ma
779 1381 883 1408 pom.‚
901 1371 935 1400 H
954 1373 1111 1411 Pompeio.
1131 1388 1170 1394 —
1210 1374 1336 1411 ducem,
1358 1375 1488 1417 defens.)
1507 1377 1555 1406 La
1574 1377 1784 1416 defensorem,
1813 1377 1934 1414 dacem,
1963 1380 2005 1408 Pa
2024 1380 2080 1408 secl

177 1421 303 1457 (lucem,
324 1421 531 1458 defensorem,
555 1422 609 1449 Ma
630 1419 744 1447 dacum
764 1418 974 1457 defensorem,
1001 1430 1020 1452 ς
1039 1422 1241 1460 defensorem.
1260 1439 1299 1444 —
1338 1428 1369 1452 ct
1390 1424 1518 1462 gratiam
1539 1423 1704 1463 quaeruut)
1726 1425 1751 1453 B
1773 1432 1928 1463 quaerunt
1948 1432 1976 1455 et
1993 1438 2077 1465 gra—

179 1470 268 1497 tiam.
287 1483 326 1490 ·-·
365 1467 531 1506 quaerunt)
551 1468 598 1495 La
618 1477 687 1494 cum
708 1465 745 1503 gl.
767 1469 906 1504 quaerit,
932 1468 980 1497 Lc
1004 1473 1036 1497 et
1054 1470 1087 1498 H
1109 1473 1240 1508 quaet-il.
1259 1485 1300 1491 —-
1338 1470 1407 1499 dico
1428 1470 1502 1511 hoc)
1523 1472 1550 1500 E
1570 1473 1628 1501 lzoc
1649 1474 1726 1502 dico.
1746 1488 1784 1495 -—
1823 1471 1873 1509 ad)
1900 1474 1942 1502 Pa
1963 1484 2020 1502 om.
2039 1490 2077 1496 —-·

178 1515 318 1554 pertinet
337 1530 375 1538 ——-
393 1526 428 1544 re
448 1515 492 1555 p.)
511 1516 566 1552 Pb,
589 1516 641 1551 Pe,
663 1514 702 1550 O,
723 1518 755 1542 et
775 1524 793 1545 ς
814 1525 871 1544 om.
890 1530 929 1539 —-·
968 1517 1050 1557 emn)
1069 1519 1110 1547 Pa
1130 1520 1222 1548 enim.
1242 1533 1280 1540 ——-
1317 1529 1352 1548 re
1371 1517 1414 1558 p.)
1434 1519 1483 1547 Lb
1505 1524 1536 1548 et
1556 1527 1582 1558 'lp
1600 1531 1665 1549 rem
1679 1532 1729 1558 p..
1749 1535 1787 1541 —

255 1566 300 1607 C.)
320 1569 360 1598 Pc
382 1569 434 1604 G.,
462 1569 516 1597 Ma
533 1568 590 1596 L..
609 1582 648 1589 -—-
687 1565 797 1605 desim)
824 1568 867 1596 Pa
887 1574 918 1598 ct
940 1569 963 1598 C
985 1570 1099 1599 desum.
1119 1585 1156 1593 ·-
1195 1571 1281 1612 quas)
1308 1573 1356 1602 La
1378 1575 1430 1602 cui
1451 1583 1521 1600 cum
1541 1573 1580 1610 gl.
1602 1584 1697 1612 qnaS,
1724 1573 1784 1609 Lb,
1805 1574 1856 1609 Pa,
1877 1574 1933 1609 Pb,
1956 1574 1994 1609 G,
2014 1575 2077 1611 Bu,

179 1617 214 1653 C,
234 1621 266 1645 et
283 1617 323 1654 23
350 1618 414 1654 qui.
433 1631 472 1636 —
509 1616 645 1655 primum
665 1630 703 1636 —
723 1614 842 1655 addixi)
868 1617 911 1645 Pa
932 1620 1072 1656 primum
1092 1629 1177 1647 nunc
1197 1623 1294 1649 etiam
1308 1622 1422 1659 populi
1442 1621 1576 1650 Romani
1596 1623 1647 1649 cui
1666 1629 1793 1651 senatus
1812 1633 1931 1659 semper
1951 1633 1997 1650 me
2019 1624 2078 1651 acl-

177 1665 254 1693 dixc'.
274 1679 312 1686 ·—-
348 1663 461 1702 populi
481 1661 531 1702 R.)
553 1664 585 1692 H
600 1663 738 1701 populus
757 1663 929 1693 Romanus.
949 1681 988 1687 —
1025 1676 1109 1694 nunc
1128 1682 1168 1688 —-
1188 1667 1324 1708 semper)
1345 1669 1369 1697 C
1391 1680 1454 1697 non
1473 1680 1520 1697 me
1541 1671 1593 1697 cni
1611 1680 1730 1706 semper
1749 1675 1884 1697 senatus.
1897 1685 1935 1690 —
1973 1671 2077 1710 ctiam)

177 1712 228 1741 Lb
249 1717 302 1740 est.
320 1726 360 1732 —
399 1710 517 1750 addixi)
544 1711 592 1739 La
612 1721 681 1739 cum
702 1710 740 1748 gl.
762 1711 920 1749 obligaui,
953 1713 1009 1750 Pb,
1030 1713 1083 1749 Pc,
1104 1719 1135 1743 et
1159 1713 1187 1742 Ο
1209 1716 1346 1754 addi-sti,
1382 1717 1420 1755 χ5
1447 1716 1532 1744 addi.
1551 1732 1590 1738 —-
1627 1715 1763 1755 uideam)
1791 1718 1843 1745 Mc
1870 1719 2019 1747 uideram.
2039 1734 2077 1740 --

177 1759 359 1798 celebratas)
380 1759 404 1787 C
425 1759 623 1787 celebratum.
639 1773 678 1780 —·
716 1758 845 1787 hercule
865 1759 926 1799 Ine)
947 1761 991 1789 Pa
1003 1760 1191 1798 mehercule,
1213 1763 1243 1790 D
1265 1765 1366 1792 ercule
1386 1774 1441 1792 me.
1454 1780 1494 1785 —
1531 1775 1580 1793 me
1600 1763 1760 1800 confitear)
1780 1766 1833 1793 Ma
1853 1776 1898 1792 me
1919 1767 2076 1803 confiteor,

180 1807 227 1836 La
248 1811 279 1835 et
298 1807 348 1835 Lb
367 1808 519 1843 confitear
539 1817 595 1836 me.
612 1821 651 1828 —
688 1806 736 1835 rei
755 1817 786 1844 p.
807 1806 958 1847 utilitate)
977 1808 1005 1837 E
1026 1810 1165 1838 utilitate
1184 1812 1232 1839 rei
1245 1822 1296 1850 p..
1314 1826 1354 1833 —·
1391 1811 1584 1852 hominibus)
1603 1813 1657 1842 Ma
1677 1817 1708 1841 et
1727 1814 1766 1851 χὸ
1785 1812 1933 1841 omnibns.
1953 1829 1990 1834 —

255 1866 283 1908 §.
303 1868 348 1906 94.
369 1867 524 1908 secundis)
550 1869 581 1897 D
603 1869 695 1905 serie,
726 1873 773 1897 set
792 1879 885 1908 marg.
906 1870 968 1900 ads,
989 1871 1049 1900 alii
1066 1873 1218 1902 secundis.
1238 1889 1277 1896 —-·
1314 1873 1486 1914 tenentem)
1505 1876 1559 1904 Ma
1578 1886 1638 1904 om.
1657 1890 1697 1896 —
1733 1873 1773 1913 si)
1793 1875 1836 1903 Pa
1855 1876 1915 1904 secl.
1933 1891 1973 1897 —
2012 1887 2076 1906 11011

181 1926 251 1945 eum
271 1916 368 1955 petat.)
392 1917 456 1952 ]Ma‚
483 1917 550 1953 Mb,
577 1921 608 1944 et
627 1915 675 1943 Le
696 1926 758 1944 non
778 1927 815 1944 ea
835 1928 905 1946 eum
921 1924 1030 1956 petat,
1067 1925 1099 1948 et
1118 1921 1162 1948 sic
1184 1932 1220 1949 ea
1241 1922 1334 1951 etiam
1355 1923 1389 1951 in
1409 1924 1457 1952 La
1477 1933 1543 1961 sup.
1568 1934 1637 1951 eum
1657 1923 1779 1962 script.;
1812 1933 1831 1955 ς,-
1851 1928 1881 1951 et
1900 1934 1935 1962 χι
1959 1934 2020 1952 non
2041 1936 2077 1953 ea

180 1975 251 1994 eum
267 1970 381 2002 pelat;
413 1965 456 1993 Pa
476 1975 538 1992 ηοη
558 1969 709 2001 conpetat.
731 1979 769 1987 ·-
806 1964 874 2005 ego)
894 1966 935 1994 Fl
960 1977 1019 1996 om.
1039 1983 1078 1989 —
1114 1969 1261 2009 probaui)
1281 1970 1308 1998 E
1325 1971 1467 2009 probari.
1488 1987 1526 1993 ·-
1563 1971 1667 2010 atque)
1695 1972 1738 2000 Lc
1759 1981 1806 2000 ae.
1824 1986 1863 1993 ·-—
1900 1972 1962 2011 illi)
1988 1973 2015 2000 E
2036 1974 2076 2001 il-

180 2013 253 2041 Iius.
272 2026 310 2034 ·-
348 2009 459 2051 salute)
482 2011 507 2040 C
527 2013 668 2041 salutem.
687 2027 726 2032 —
763 2012 937 2054 proposita)
966 2014 991 2043 C
1005 2019 1213 2054 propositam.
1233 2032 1272 2038 ·-
1308 2017 1445 2058 paream)
1473 2019 1497 2048 C
1512 2030 1650 2057 peream.
1670 2035 1708 2041 —-
1744 2029 1875 2058 paream.
1902 2019 1968 2056 Ego
1988 2018 2077 2059 uero)

180 2060 233 2088 Sic
260 2059 296 2095 Β,
322 2059 360 2095 Ε,
385 2060 446 2095 Ma,
466 2060 533 2096 Isth,
553 2060 616 2096 1110,
644 2059 699 2096 La,
720 2059 780 2095 Lb,
800 2060 857 2098 Le,
883 2062 935 2098 Pa,
955 2062 997 2099 D,
1019 2063 1059 2101 G,
1079 2070 1110 2093 et
1131 2065 1209 2102 OX.3
1243 2065 1340 2094 ceteri
1362 2077 1506 2104 paream.
1533 2067 1644 2105 ,Neque
1664 2069 1747 2095 enim
1766 2069 1973 2095 inconstantis
1988 2073 2075 2104 puto,

179 2108 367 2136 sententiam
393 2113 554 2145 tamquam
582 2108 712 2146 aliquod
736 2110 904 2147 nauigium
931 2116 1026 2150 atque
1051 2123 1178 2141 cursam
1206 2123 1243 2141 ex
1262 2115 1309 2141 rei
1322 2114 1473 2150 publicae
1498 2121 1678 2152 tempeslate
1699 2114 1861 2142 moderari.
1899 2115 1964 2152 Ego
1985 2125 2077 2151 uero,-

179 2155 214 2183 iu
243 2154 273 2182 G
298 2159 401 2182 tamen
426 2154 559 2193 margini
584 2154 756 2194 adscripta,
788 2166 865 2196 quae
891 2158 1026 2196 omittit,
1053 2161 1150 2190 uerba
1176 2165 1250 2189 stult
1278 2170 1350 2189 cum
1375 2160 1432 2190 hac
1459 2162 1721 2202 praescriptione:
1741 2162 1829 2190 Idem
1850 2171 1911 2199 pro
1939 2162 2076 2192 Cornelio

179 2202 289 2232 Balbo.
308 2217 348 2222 ·—

256 2253 345 2293 haec)
368 2254 391 2283 C
412 2253 478 2283 hoc.
496 2269 535 2276 —
573 2253 683 2294 didici)
701 2255 757 2284 Mb
779 2267 844 2294 om,
872 2264 920 2288 set
938 2270 956 2289 a
974 2270 1013 2290 m.
1034 2271 1095 2290 sec.
1115 2261 1269 2300 additum3
1305 2263 1345 2301 23
1365 2263 1435 2292 clici.
1454 2279 1494 2285 —
1532 2262 1620 2302 11300)
1641 2263 1665 2291 C
1685 2262 1751 2291 ltoc.
1769 2277 1806 2284 --
1844 2261 1921 2290 haec
1940 2272 1981 2291 sc.
2002 2262 2077 2303 legi)

182 2303 226 2331 Pa
244 2302 322 2331 haee
342 2303 407 2340 legi
425 2304 562 2340 scripta,
587 2303 613 2332 C
635 2313 693 2332 om.
712 2318 750 2326 ·--
788 2310 819 2334 et
838 2306 925 2347 clar.)
944 2309 987 2337 Pa
1006 2315 1100 2348 atque
1120 2311 1211 2338 clar..
1230 2325 1266 2331 —
1308 2309 1390 2350 aljis)
1410 2311 1435 2339 C
1456 2313 1528 2341 aliis
1549 2313 1663 2341 maltis.
1683 2325 1722 2331 —
1758 2310 1848 2338 nobis
1870 2309 2006 2350 litterae)
2026 2312 2079 2340 Ma

183 2354 216 2378 et
234 2349 281 2378 Lc
301 2351 425 2379 litterae
446 2351 542 2380 nobis.
560 2365 600 2372 ·—
636 2351 856 2391 prodiderunt)
880 2354 929 2383 La
952 2366 1021 2385 cum
1040 2356 1080 2394 gl.
1096 2358 1259 2394 prodiere,
1285 2357 1333 2386 Le
1350 2358 1526 2396 prodidere.
1544 2375 1581 2381 —
1620 2356 1753 2397 easdem)
1773 2366 1799 2396 ψ
1813 2369 1873 2396 per
1894 2358 2078 2386 easdem..—

184 2396 311 2436 eisdem)
338 2397 389 2425 Sic
416 2398 463 2435 E,
489 2399 558 2436 Ma,
584 2398 657 2435 Mb,
677 2399 746 2436 Mc,
773 2399 841 2436 Lb,
860 2400 925 2438 Le,
952 2403 1000 2440 D,
1022 2404 1067 2441 O,
1089 2404 1131 2442 C,
1152 2411 1183 2435 et
1202 2406 1250 2442 Η,
1288 2405 1326 2434 de
1353 2406 1379 2434 B
1405 2410 1540 2444 tacetur,
1575 2406 1671 2435 ceteri
1699 2406 1817 2434 iisdem.
1844 2420 1883 2426 —-
1921 2404 2078 2443 publicae)

183 2445 236 2472 Ma
255 2454 314 2472 om.
334 2459 372 2465 ·—
