2185 2720
108 177 143 202 74
769 162 1334 194 COMMENTARIUS.

112 249 207 274 tuere
230 253 300 272 non
325 240 443 279 ausim,
467 239 546 270 licet
567 238 765 280 exemplum
793 244 950 281 suppetat
981 239 1019 271 C.
1041 238 1132 271 [Mari
1155 249 1197 269 ex
1221 236 1340 268 eodem
1363 247 1391 268 e.
1414 247 1484 270 21..
1530 238 1671 279 Quodsi,
1695 251 1772 271 cum
1795 252 1813 272 a
1833 239 1988 272 Manutio

111 294 337 331 discessimus,
363 304 511 324 caussam
535 301 697 333 quac-rere
720 296 872 333 oportet,
904 302 964 322 cur
984 291 1031 322 ibi
1056 291 1193 322 Catulus
1213 296 1462 332 praetereatur,
1494 290 1558 321 alia
1580 289 1719 322 fortasse
1740 291 1806 324 fuit
1827 293 1886 324 illa
1909 305 1992 324 con-

111 347 231 378 sularis
255 346 406 387 repulsa,
439 344 467 375 si
490 355 606 374 omnes
639 342 685 374 ibi
716 342 881 373 nominati
907 343 1059 374 consules
1083 341 1162 373 facti
1185 342 1257 373 sine
1279 343 1415 384 repulsa
1436 342 1586 374 fuerunt.
1631 342 1684 373 De
1707 344 1842 375 Serrani
1865 357 1993 387 cogno-

111 399 203 430 mine
227 395 452 428 consulendus
477 401 526 426 est
548 394 744 427 Perizonius
767 394 928 427 Animad.
952 395 1043 427 Hist.
1074 405 1145 437 cap.
1172 395 1198 426 Ι.
1224 406 1258 438 p.
1282 394 1333 426 24.
1357 401 1390 426 et
1411 407 1505 438 sqq.‚
1540 394 1598 437 qui
1622 393 1663 425 de
1684 394 1745 426 illo
1770 396 1903 438 copiose
1932 396 1995 427 ad-

112 451 321 491 modumque
345 448 442 478 docte
465 447 666 479 disseruit-‘⁴

200 514 293 544 Haec
318 510 541 549 Garatonius,
570 510 628 551 qui
651 508 795 540 certiora
817 509 1031 551 protulisset,
1060 510 1089 541 si
1111 509 1179 541 iam
1202 514 1276 540 tum
1299 507 1422 540 codicis
1446 508 1601 540 Bauarici
1624 509 1826 551 scripturam
1850 520 1996 551 conper-

114 573 182 598 tam
211 563 398 602 habuisset,
436 562 495 604 qui
519 573 595 592 cum
617 567 713 592 antea
744 561 931 601 legeretur:
962 562 1206 605 praeposuisse
1228 573 1262 592 se
1284 561 1326 600 Q.
1348 561 1489 599 Catulo,
1523 561 1559 592 in
1582 574 1716 594 summa
1728 560 1878 604 familia
1900 568 1995 600 nato,

113 617 369 661 sapientissimo
399 620 432 646 et
455 614 672 645 sanctissimo
695 613 793 649 uiro,
830 625 897 644 non
927 614 1002 645 dico
1026 614 1061 645 C.
1084 614 1254 645 Seranum
1281 613 1352 655 (alii
1383 612 1581 656 Serenum),
1616 615 1860 646 stultissimmn
1882 615 1996 646 homi-

114 682 208 702 nem.-
242 668 322 711 ficit
345 668 435 699 enim
461 672 493 698 et
515 665 625 698 animi
650 665 736 696 satis
759 666 881 707 magni
903 672 935 697 et
958 666 1114 704 consilii3
1151 666 1211 697 sed
1235 665 1293 696 Cn.
1318 666 1494 697 Manlium
1517 672 1578 697 etc.
1601 666 1733 707 egregia
1755 672 1788 697 et
1810 665 1996 698 necessaria

113 721 299 753 accessione
322 720 433 750 locum
457 718 547 749 hunc
576 717 622 748 ita
646 716 819 748 exhibuit:
854 719 1095 761 praeposuisse
1123 730 1158 750 se
1180 719 1222 758 Q.
1245 717 1386 755 Catulo,
1422 718 1459 749 in
1482 730 1615 750 summa
1629 717 1779 761 familia
1801 725 1901 757 nato,
1937 731 1996 750 sa·-

109 773 328 818 pienlissimo
352 777 384 803 et
419 769 638 802 sanctissimo
661 769 758 807 uiro,
795 781 862 801 non
888 771 964 802 dico
987 770 1022 802 C.
1045 771 1232 808 Semnum,
1271 769 1517 802 stultissimum
1539 771 1726 803 Izominem:
1758 771 1857 814 fait
1883 771 1995 802 enim

115 833 252 858 tamen
276 836 297 855 η
310 836 326 854 ο
337 823 354 855 b
365 824 465 861 ilis,-
488 835 509 854 n
521 834 569 853 on
592 820 626 852 C.
649 820 905 861 Fimbriam,
926 835 976 854 no
987 835 1010 854 ιι
1022 835 1086 855 um
1108 824 1197 856 hom
1209 821 1250 853 in
1263 833 1341 852 em.-
1365 819 1448 864 fuit
1469 823 1559 855 enim
1580 828 1613 855 et
1634 824 1744 855 animi
1765 823 1852 855 satis
1873 822 1997 866 magni

115 885 148 910 et
171 877 329 914 consiliz'3
360 876 421 908 secl
443 875 501 907 Cn.
525 873 701 907 BIanlium
723 879 785 903 etc.

201 952 354 992 Optume
384 953 418 978 et
442 947 543 990 plane
572 958 615 978 ex
649 945 754 976 animi
785 945 854 977 mei
880 946 1046 978 sententia
1068 946 1260 978 Ferratium
1291 944 1454 978 refutauit
1475 947 1502 978 I.
1526 947 1666 988 Bakius,
1702 948 1865 988 Batauos,
1900 947 1994 979 cuius

116 1003 298 1047 disputatio
323 1000 470 1041 dignast‚
504 1010 588 1042 quae
611 998 666 1030 hic
687 1005 880 1040 repetatur:

201 1063 389 1106 „Primum
414 1063 545 1105 quaerit
567 1061 759 1100 Fen-atius,
786 1072 846 1092 cur
868 1061 1004 1093 Tullius
1030 1068 1260 1094 commemoret
1284 1062 1322 1094 C.
1346 1063 1531 1094 Serranum
1552 1060 1741 1104 praelatum
1765 1061 1904 1102 Catulo,
1927 1073 1997 1094 non

116 1117 254 1151 Serrani
278 1117 451 1158 conlegam
475 1114 706 1157 Caepionem?
750 1113 972 1156 Respondere
994 1126 1128 1157 possem
1149 1116 1227 1155 hoc,
1251 1115 1342 1157 quod
1366 1113 1543 1146 Laterensi
1564 1113 1600 1144 in
1625 1114 1687 1144 hac
1709 1125 1822 1145 caussa
1843 1114 1997 1157 reposuit

116 1172 234 1204 Cicero
259 1180 330 1211 cap.
357 1168 454 1206 VII„
477 1179 546 1198 non
567 1178 586 1197 a
609 1166 745 1197 Plancio
768 1166 897 1197 uictum
921 1178 990 1198 esse
1013 1179 1112 1206 eum,
1143 1168 1201 1210 qui
1224 1167 1429 1209 longissume
1451 1165 1606 1205 afuisset,
1636 1171 1686 1197 set
1708 1177 1727 1195 a
1749 1167 1888 1208 reliquis
1914 1178 1997 1198 con-

116 1221 318 1266 petitoribus
342 1220 539 1262 depulsum3
577 1225 627 1251 set
651 1218 725 1250 dico
748 1219 831 1258 hoe,
861 1230 972 1261 neque
994 1220 1250 1252 stultissumum
1272 1219 1374 1251 fuisse
1398 1219 1620 1261 Caepionem,
1655 1228 1765 1259 neque
1789 1230 1914 1250 nouom
1935 1219 1996 1250 Ῐιο-

117 1276 258 1312 minem,
291 1284 437 1314 quorum
459 1272 516 1303 uel
541 1272 705 1311 alterum,
738 1271 794 1302 uel
817 1276 1000 1313 utrumque
1023 1271 1059 1302 in
1081 1272 1143 1302 hac
1165 1271 1404 1315 conparatione
1426 1271 1575 1313 postulat
1598 1269 1771 1301 Ciceronis
1796 1269 1995 1308 consilium3

117 1327 302 1366 eademque
333 1324 374 1355 de
406 1336 519 1356 caussa
549 1336 659 1366 neque
682 1322 853 1355 Fimbriae
881 1324 1055 1365 conlegam
1086 1324 1124 1355 C.
1147 1325 1313 1364 Marium,
1347 1334 1457 1365 neque
1480 1322 1589 1353 Manli
1612 1322 1647 1353 Ρ.
1671 1321 1842 1353 Rutilium
1864 1319 1996 1352 Rufum

117 1383 294 1410 memorat.
349 1377 456 1407 Porro
486 1377 631 1408 miratur
660 1375 832 1408 Ferratius
863 1381 940 1418 post
969 1376 1110 1407 alteram
1141 1377 1313 1418 repulsam
1341 1376 1570 1413 consularem,
1620 1374 1648 1405 si
1676 1373 1805 1405 Manlio
1835 1373 1996 1412 cessisset,

118 1430 290 1461 biennium
316 1428 455 1460 iacuisse
480 1429 649 1460 Catulum.
696 1428 855 1460 Occurrit
876 1428 944 1459 iam
968 1427 1051 1459 Cod.
1075 1428 1175 1468 Bau„
1199 1434 1387 1459 memorato
1409 1426 1579 1459 Fimbriae
1601 1425 1776 1456 consulatu
1797 1436 1827 1456 a.
1852 1437 1886 1456 u.
1911 1425 1996 1468 649„

119 1496 185 1526 quo
208 1481 342 1513 tertiam
373 1482 542 1524 repulsam
574 1481 690 1512 tulisse
712 1479 779 1511 iam
802 1481 857 1511 hic
880 1481 951 1523 ipse
974 1480 1067 1511 locus
1090 1480 1168 1512 satis
1191 1481 1335 1519 iudicat;
1379 1480 1493 1522 itaque
1521 1490 1648 1510 annum
1674 1477 1777 1509 modo
1809 1477 1997 1522 praeterire

117 1546 233 1578 passus
269 1539 317 1564 est
342 1534 500 1573 Catulus,
537 1533 653 1564 consul
684 1531 789 1563 factus
813 1532 848 1563 in
871 1544 900 1564 a.
923 1545 957 1564 u.
982 1533 1073 1564 651..
1118 1532 1185 1572 „Si
1210 1532 1253 1574 Q.
1275 1532 1414 1564 Catulus
1443 1538 1540 1575 pater
1562 1530 1786 1572 significatur,
1824 1541 1884 1561 cur
1911 1529 1999 1561 nihil

119 1587 273 1624 additur,
312 1596 378 1626 quo
405 1586 566 1628 distingui
588 1585 695 1628 possit
717 1597 735 1616 a
758 1584 886 1617 filio?“
929 1585 979 1617 At
1001 1596 1114 1616 nonne
1136 1584 1214 1616 satis
1242 1583 1454 1626 distinguunt
1476 1582 1628 1622 Serrani,
1664 1582 1851 1623 Fimbriae,
1888 1581 1999 1615 Manli

118 1639 281 1672 nomina?
326 1639 427 1678 „Cur
451 1638 500 1669 M.
525 1637 639 1669 Pisoni
662 1637 936 1680 postponitur?“
981 1637 1083 1680 Quod
1112 1637 1148 1668 in
1171 1636 1232 1667 hac
1254 1636 1508 1667 enumeratione
1537 1635 1752 1678 repulsarum
1773 1647 1843 1667 non
1865 1641 2001 1678 tempo-

118 1693 165 1724 ris
191 1691 357 1722 rationem
380 1689 504 1720 habere
525 1701 658 1721 necesse
682 1695 770 1729 erat,
795 1696 844 1722 set
867 1690 1156 1721 inlustrissumum
1179 1688 1376 1730 exemplum
1398 1693 1570 1730 postremo
1594 1688 1667 1718 loco
1689 1687 1874 1719 memorari
1897 1687 2000 1718 debe-

118 1745 193 1783 bat,
217 1742 315 1774 sicuti
339 1747 455 1772 contra
478 1747 672 1784 temporum
696 1742 851 1774 ordinem
873 1742 1044 1774 Fimbriae
1067 1740 1285 1784 postponitur
1307 1740 1415 1772 Manli
1437 1739 1586 1779 mentio,
1618 1745 1657 1770 ut
1679 1739 1760 1770 haec
1779 1745 1857 1782 apte
1880 1751 1998 1772 conse·

121 1802 324 1838 querentur,
355 1795 593 1826 stultissimum
615 1795 731 1832 homo,
761 1806 867 1826 nouos
890 1795 1007 1834 homo,
1039 1793 1203 1838 ignobilis
1228 1798 1261 1825 et
1285 1793 1358 1825 sine
1380 1793 1514 1825 uirtute
1536 1792 1773 1835 [opponuntur
1794 1791 1859 1823 sibi
1883 1792 1998 1835 potius

120 1849 225 1879 uerba
247 1846 389 1885 nobilis,
417 1859 524 1878 nouos
546 1848 662 1886 homo,
686 1853 718 1879 et
740 1847 943 1890 igtzobilis.].

207 1911 324 1952 Itaque
363 1907 486 1950 insigni
515 1920 631 1941 errore
667 1910 731 1941 hoc
764 1909 962 1951 exemplum
992 1909 1160 1941 recentius
1189 1920 1260 1941 esse
1289 1909 1338 1941 M.
1369 1907 1491 1939 Pisone
1519 1905 1611 1939 dicit.
1669 1931 1690 1947 ,‚
1708 1907 1779 1939 Cur
1807 1906 1933 1939 dicitur
1961 1907 1999 1940 in

121 1976 253 1997 summa
268 1961 417 2006 familia
440 1967 543 1993 natus
567 1961 751 2004 (Catulus),
784 1960 877 1992 cuius
901 1972 1011 2002 neque
1035 1967 1132 2004 pater
1154 1973 1264 2003 neque
1285 1973 1366 1993 auos
1390 1960 1541 1991 consules
1564 1958 1757 1991 fuerunt?“
1800 1960 1859 1991 Set
1881 1971 2000 1992 excors

121 2017 181 2056 sit,
210 2015 267 2057 qui
291 2014 353 2045 ista
378 2013 482 2043 uerba
505 2025 573 2045 non
596 2015 755 2045 uniuerse
778 2012 821 2044 ad
846 2012 1058 2044 nobilitatem
1083 2013 1262 2045 referenda
1291 2025 1334 2045 ex
1361 2013 1464 2045 totius
1490 2012 1555 2044 loci
1579 2010 1848 2043 conformatione
1869 2011 2000 2054 adgno-

121 2074 208 2105 scat,
240 2072 272 2097 ct
294 2065 359 2097 nisi
382 2066 551 2097 consulari
574 2065 717 2106 familia,
749 2070 906 2108 potuerat
927 2065 1097 2106 praetoria
1120 2072 1216 2098 natus
1240 2078 1309 2097 esse
1334 2065 1492 2103 Catulus;
1524 2071 1575 2096 set
1598 2064 1744 2096 occurrit
1774 2065 1817 2105 Q.
1842 2063 2000 2096 Lutatius

123 2119 262 2151 Catulus
287 2119 363 2149 Cos.
388 2129 417 2148 a.
442 2129 474 2147 u.
500 2118 588 2158 514„
617 2131 682 2161 quo
707 2118 782 2149 finis
808 2116 974 2159 inpositus
997 2123 1046 2148 est
1070 2117 1158 2148 bello
1177 2117 1304 2148 Punico
1328 2117 1486 2148 secundo.
1530 2117 1619 2156 „An
1641 2117 1754 2148 nullus
1777 2116 1862 2148 alius
1885 2115 2002 2147 candi-

123 2172 219 2202 datus
253 2176 329 2213 post
363 2169 452 2201 illius
478 2170 590 2201 Catuli
619 2177 775 2213 tempora
804 2169 846 2199 ob
880 2179 950 2199 non
978 2169 1078 2201 nimis
1108 2169 1306 2201 submissam
1335 2169 1617 2212 supplicationem
1646 2169 1801 2212 repulsus
1829 2168 2000 2200 fuerat?“

124 2224 277 2254 Primum
303 2222 381 2253 satis
407 2228 477 2253 erat
500 2222 657 2254 Ciceroni
683 2233 788 2253 unum
812 2221 1025 2261 alterumque
1048 2221 1258 2252 luculentum
1281 2233 1472 2252 memorare
1494 2221 1710 2263 exemplum3
1737 2226 1810 2252 tum
1832 2220 1923 2251 idem
1946 2219 2000 2251 di-

126 2281 236 2314 catur,
271 2275 299 2306 si
321 2274 493 2305 aediliciae
516 2273 658 2305 fuissent
686 2274 851 2317 repulsae.
898 2272 1000 2313 Quod
1021 2279 1134 2304 autem
1158 2272 1239 2304 dicit
1261 2273 1447 2304 claudicare
1469 2273 1744 2316 conparationem
1766 2273 1855 2303 inter
1877 2282 2000 2303 consu-

126 2330 231 2360 larem
263 2333 295 2357 et
325 2326 512 2357 aediliciam
543 2326 736 2357 Laterensis
768 2325 956 2367 repulsam,
995 2331 1085 2356 recte
1108 2325 1175 2356 iam
1198 2336 1216 2355 a
1240 2325 1426 2356 Garatonio
1456 2324 1684 2356 resutatumst.
1728 2324 1902 2355 Postremo
1931 2335 2000 2355 nou

127 2390 197 2410 esse
221 2378 263 2419 Q.
290 2379 447 2409 Catulum
471 2385 602 2422 patrem
626 2379 659 2409 h.
684 2379 706 2409 1.
731 2377 996 2420 intellegendum
1022 2383 1129 2420 putat,
1153 2376 1243 2419 quod
1266 2388 1337 2419 cap.
1360 2378 1461 2409 XXI.
1486 2389 1554 2408 non
1576 2381 1785 2408 memoretur
1807 2374 1842 2405 in
1866 2375 1917 2411 iis,
1945 2375 2003 2417 qui

128 2436 201 2472 post
225 2430 412 2462 aediliciam
434 2432 606 2474 repulsam
628 2431 781 2462 consules
806 2436 916 2462 tamen
942 2429 1019 2461 sacti
1041 2429 1126 2469 sint3
1164 2430 1277 2471 itaque
1300 2429 1355 2461 hic
1379 2429 1419 2460 de
1442 2429 1507 2460 alio
1539 2428 1682 2470 quodam
1708 2428 1828 2458 Catulo
1852 2439 1922 2459 esse
1944 2440 2002 2460 co-
