2185 2720
814 131 839 161 C
859 131 889 160 A
907 133 948 162 P.
987 131 1043 161 111.
1062 129 1090 171 §.
1110 135 1138 163 8.
1163 146 1202 152 -
1225 130 1284 160 IV.
1304 130 1330 171 §.
1352 138 1378 165 9.
2002 137 2039 165 67

149 211 308 243 Romano
333 213 505 250 tamquam
528 219 606 251 pars
630 206 775 239 ciuitatis
799 212 929 238 ceterae
951 200 1080 238 ciuitati
1104 212 1344 248 opponuntur,
1380 207 1426 238 ita
1452 213 1564 239 tamen
1594 214 1632 239 111
1662 213 1737 239 tum
1759 206 1898 238 nomine
1915 208 2042 251 populi

149 263 304 296 Romani
326 273 461 303 semper
485 263 649 293 maiestas
670 260 793 303 populi
815 259 1033 302 significetur.
1079 259 1130 290 Ita
1153 259 1274 290 Cicero
1298 259 1338 290 ad
1367 259 1492 291 iudices
1518 272 1700 292 conuersus
1725 261 1805 291 dicit
1828 260 1864 290 111
1887 262 1988 292 Uerr.
2012 260 2040 301 I,

151 316 206 355 16,
228 315 281 355 47.
305 315 367 346 hoc
389 320 441 346 est
462 315 650 352 iudicium,
674 314 710 345 in
735 326 800 356 quo
822 325 884 344 uos
907 313 948 344 cle
971 324 1046 350 reo,
1067 311 1218 355 populus
1240 312 1422 344 Romanus
1446 314 1487 345 cle
1511 314 1608 345 uobis
1632 313 1813 345 iudicabit.
1860 311 1932 344 Cfr.
1956 312 2039 343 ibid.

147 380 176 400 0.
203 380 230 400 1.
260 369 290 409 §.
316 378 345 399 2.
372 378 401 397 c.
431 367 480 398 14.
504 367 534 408 ς.
558 366 611 396 42.
635 376 663 395 0.
691 366 738 396 15.
764 366 794 406 §.
817 365 870 399 45.
894 365 946 396 44.
974 376 1001 396 c.
1030 376 1077 406 17.
1102 365 1132 405 δ.
1155 365 1207 395 51.
1252 363 1361 395 Porro
1385 365 1428 395 II.
1451 365 1486 395 in
1502 367 1601 397 Uerr.
1625 366 1687 403 lv,
1713 366 1763 407 57,
1788 365 1839 397 81.
1863 365 2040 398 nobilitati

147 420 335 464 opponitur
361 419 515 462 populas
537 419 730 450 Romanus.
773 418 906 449 Eodem
933 423 1046 448 autem
1075 427 1175 447 sensu
1206 426 1284 446 cum
1312 428 1446 448 necesse
1469 417 1513 448 sit,
1536 417 1599 448 1100
1622 423 1738 448 nostro
1765 418 1839 448 loco
1865 417 2040 450 iudicibus

146 472 275 516 opponi
292 472 465 515 populum
486 472 703 508 Romanam,
729 470 922 511 quaeritur,
946 476 1062 500 utrum
1084 474 1161 510 apta
1184 469 1227 499 sit
1250 479 1288 498 ea
1310 470 1494 509 sententia,
1526 482 1569 501 an
1588 469 1732 500 uerbum
1755 471 1908 502 Romani
1931 467 2039 500 deleri

146 525 276 564 debeat,
300 535 378 554 cum
400 524 436 554 111
459 534 552 564 seqq.
576 529 610 554 et
634 522 908 553 antecedentibus
936 522 977 552 de
994 522 1126 565 populo
1149 526 1282 551 tantum
1304 532 1416 554 sermo
1440 523 1494 555 sit.
1539 524 1602 554 Est
1624 529 1737 553 autem
1760 523 1933 564 aptissima
1953 534 2039 565 pro—

147 583 280 621 pteiea,
314 575 406 617 quod
426 575 545 607 Cice10
569 574 604 606 id
628 586 791 606 maxume
813 575 878 605 hoc
899 574 973 605 loco
997 574 1082 615 agit,
1112 578 1150 603 ut
1173 573 1346 613 ostendat,
1381 576 1477 606 nullo
1508 581 1606 618 pacto
1637 574 1804 606 iudicibus
1828 574 1966 606 concedi
1986 574 2039 605 ius

146 641 244 674 posse
266 640 344 660 eum
367 627 662 670 condempnaudi,
680 627 734 658 cui
756 627 792 658 in
808 626 952 657 comitiis
978 625 1155 657 mandatus
1178 624 1221 656 sit
1243 625 1470 667 magistiatus.
1519 627 1621 669 Quod
1647 639 1747 670 quam
1780 628 1909 659 inicum
1940 632 2036 667 esset,

144 682 250 724 magis
274 680 428 724 profecto
448 680 610 718 elucebat,
638 680 665 711 si
690 679 793 711 totius
816 678 961 709 ciuitatis
984 677 1159 715 iudicium,
1185 688 1287 719 quam
1313 678 1340 709 si
1359 686 1526 721 111110111ᾶο
1548 686 1681 711 tantum
1706 679 1936 711 multitudinis
1959 690 2039 710 sen-

143 735 284 769 tentiam
311 733 375 764 ista
408 732 607 764 condicione
636 732 677 762 ab
711 731 878 762 iudicibus
907 741 1108 771 r'elnensum
1140 729 1182 760 iri
1214 741 1294 761 11101
1299 731 1384 762 ebat
1431 733 1559 764 Contia
1580 733 1617 763 111
1640 733 1772 774 leliqua
1795 731 1917 763 exmdi
1939 736 2038 773 parte

143 800 220 821 cum
244 799 322 826 eos,
362 785 421 827 qui
443 784 602 826 suffragia
623 783 771 822 ferrent,
808 794 1005 815 maxumam
1028 788 1161 825 partem
1184 782 1257 814 sine
1281 784 1423 815 consilio
1449 791 1481 816 et
1503 785 1636 816 ratione
1658 785 1809 815 iudicare
1833 783 2037 822 ostenderet,

141 839 341 876 necessario,
367 849 412 868 ne
435 837 556 879 populi
571 836 721 868 Romani
742 835 953 867 maiestatem
975 835 1153 866 uideretur
1175 835 1321 875 laedere,
1347 836 1389 867 ad
1412 838 1581 880 populum
1604 838 1640 869 id
1663 836 1900 869 tantummodo
1924 842 2037 867 trans-

141 893 234 926 ferre
265 890 418 922 debebat.
463 890 586 920 Denuo
612 888 702 920 iufra
725 900 752 921 0.
775 890 822 921 V.
853 889 979 930 §.13.‚
1011 899 1112 930 quem
1141 888 1254 919 locum
1282 889 1386 921 modo
1409 890 1611 930 adtulimus,
1644 891 1816 934 populum
1837 891 2038 921 Romanum

143 945 264 978 maluit
292 955 394 986 quam
416 943 590 985 populum
619 952 698 972 cum
722 942 908 972 Laterense
936 942 1134 982 loquentem
1164 941 1398 983 introducere,
1439 944 1518 985 quia
1545 956 1614 976 non
1646 943 1795 986 populus
1816 948 1867 974 set
1888 947 1960 972 tota
1980 950 2036 971 res

143 998 280 1042 publica
302 994 383 1038 quid
407 1005 426 1025 a
447 995 634 1026 Laterense
658 999 813 1036 expectet
838 1000 872 1024 et
894 995 1062 1036 postulet,
1087 995 1259 1036 explicare
1281 995 1367 1026 uolt.

226 1051 351 1092 Itaque
369 1059 597 1090 quamquam,
619 1059 687 1090 qua
710 1046 827 1085 nolui,
852 1048 961 1079 ianua
984 1060 1061 1080 sum
1081 1048 1261 1091 ingressus
1284 1049 1321 1080 in
1344 1049 1515 1092 caus-sanz)
1547 1048 1638 1091 Quia
1659 1048 1784 1090 loquor
1807 1047 1849 1078 de
1871 1044 2035 1088 dignitate

140 1109 214 1144 tua,
243 1100 335 1144 quod
357 1100 526 1132 nolebam.
570 1099 787 1132 MAN-enus.

969 1187 1090 1222 CAP.
1141 1189 1207 1224 IV.

229 1263 260 1305 §.
280 1273 311 1305 9.
356 1261 537 1301 Quantum
559 1271 622 1303 ego
645 1272 667 1292 a
690 1265 722 1292 te
744 1260 961 1303 dissentiam)
1008 1260 1097 1293 Uide
1119 1261 1253 1304 Proleg.
1277 1261 1356 1293 Lib.
1382 1263 1427 1294 Π.
1452 1263 1490 1295 C.
1513 1263 1540 1295 Ι.
1568 1263 1598 1304 §.
1623 1262 1652 1294 8.
1677 1273 1711 1305 Ρ.
1737 1260 1988 1294 XL—XLII..

224 1315 329 1348 Fac-it
351 1313 418 1355 eos)
465 1314 566 1344 Creat
587 1313 664 1343 illos
688 1313 913 1353 magistratus.
958 1312 1105 1344 Inferius
1130 1325 1157 1344 0.
1181 1314 1227 1345 V.
1259 1314 1299 1345 Si
1329 1316 1631 1359 quotienscumque
1659 1316 1872 1359 praeteritus
1899 1315 1966 1347 erit
1989 1313 2032 1351 is,

142 1368 203 1413 qui
225 1379 292 1399 non
315 1366 471 1398 debuerit
487 1365 692 1409 praeteriri,
716 1366 840 1396 totiens
864 1366 1033 1408 oportebit
1059 1379 1147 1404 enm,
1176 1366 1418 1409 quisae-tus
1442 1369 1551 1407 erit,
1575 1369 1830 1412 condempnari.
1860 1368 1906 1399 Et
1923 1378 1950 1397 c.
1966 1365 2031 1399 Ἧ-

141 1421 205 1452 Sin
228 1420 290 1452 Ῐιοε
313 1430 482 1461 persaepe
515 1419 663 1456 accidit,
702 1424 742 1449 ut
765 1424 798 1449 et
811 1417 968 1460 factos
998 1419 1134 1461 aliquos
1164 1424 1197 1450 et
1225 1432 1305 1451 non
1327 1419 1478 1463 factos
1507 1434 1577 1452 esse
1599 1422 1778 1454 miremur.
1824 1420 1943 1452 Cicero
1966 1429 2031 1460 pro

138 1473 232 1505 Mur.
255 1471 416 1501 QXXV.
442 1470 615 1513 Optumus
640 1471 784 1513 quisque
806 1482 883 1501 eum
906 1483 972 1502 non
987 1470 1123 1514 facit.
1169 1471 1213 1502 II.
1237 1471 1276 1501 ad
1294 1472 1376 1504 Diu.
1391 1484 1421 1514 9.
1445 1473 1531 1504 Cum
1550 1475 1726 1516 gratulor,
1751 1480 1825 1505 ium
1846 1484 1929 1505 uero
1953 1470 2032 1514 qui-

140 1525 202 1557 Ims
226 1523 340 1556 uerbis
364 1523 427 1554 tibi
447 1523 587 1565 gratias
609 1534 716 1566 agam
741 1535 808 1554 non
832 1526 988 1566 reperio,
1022 1524 1113 1567 qnod
1135 1525 1185 1555 ita
1215 1523 1369 1564 factas
1392 1526 1458 1564 sis,
1489 1531 1528 1557 ut
1554 1527 1689 1558 dederis
1711 1527 1826 1564 nobis,
1865 1522 2031 1568 quemad-

139 1578 279 1610 modum
305 1576 494 1619 scripseras
517 1577 564 1608 ad
585 1589 654 1614 me,
681 1588 779 1619 (ptem
805 1588 937 1619 semper
962 1578 1076 1608 ridere
1099 1589 1285 1620 possemus.
1332 1578 1541 1610 GRAEUFS.

224 1629 380 1662 Etiamsi
402 1629 547 1668 iudi-cat)
593 1628 648 1659 Sic
671 1640 714 1659 ex
739 1630 764 1660 B
789 1635 822 1660 et
844 1629 872 1660 E
899 1629 1057 1672 r=esc1ipsi
1080 1642 1143 1672 pio
1167 1630 1304 1672 uolgato
1328 1643 1355 1662 sl
1383 1632 1534 1671 iudicat,
1557 1633 1620 1663 hac
1643 1631 1761 1663 ductus
1785 1642 1914 1669 caussa,
1940 1627 2032 1671 quod

137 1680 310 1726 quomodo
334 1681 439 1712 etiam
461 1680 619 1712 excidere
642 1682 761 1712 librali
784 1682 995 1725 neglegentia
1018 1689 1140 1725 potue1
1143 1690 1179 1721 11
1203 1682 1335 1714 facilius
1359 1684 1571 1727 intellegitur
1594 1696 1696 1726 quam
1721 1696 1780 1715 0111
1804 1684 1878 1725 quis
1901 1682 2031 1713 adden-

136 1736 220 1767 dum
243 1733 384 1777 putaiit.
430 1733 598 1764 Sc1ibitur
624 1734 714 1765 0111111
738 1735 802 1766 1100
825 1735 1014 1777 conpendio
1039 1742 1082 1768 et.
1126 1736 1270 1766 Sensum
1293 1742 1405 1767 antem
1430 1737 1522 1779 quod
1543 1737 1683 1777 adtinet,
1705 1749 1775 1768 non
1797 1737 1946 1768 multum
1973 1734 2031 1765 in-

135 1794 260 1821 teresse
282 1791 393 1828 patet,
423 1792 540 1816 utinm
563 1788 595 1818 si
616 1799 658 1818 an
682 1788 819 1819 etiamsi
841 1788 983 1829 legatur.

222 1839 305 1872 Non
329 1839 462 1870 delecta
488 1839 619 1882 aliquo)
656 1841 777 1871 Bauar.
802 1851 879 1871 cum
903 1840 1094 1883 quibusque
1116 1841 1316 1872 melioribus
1343 1838 1473 1874 clilecizi
1496 1843 1623 1883 scribit,
1652 1843 1742 1886 quod
1767 1854 1843 1874 cum
1857 1838 2028 1873 Lambiuo

137 1899 172 1925 et
195 1891 312 1924 Cortio
336 1891 481 1932 probare
501 1892 605 1923 soleo.
651 1894 712 1924 Est
736 1893 827 1924 enim
852 1905 895 1925 ex
916 1893 1126 1935 antiquitatis
1150 1893 1227 1924 fide.
1267 1895 1529 1927 GARATONIUS.
1572 1898 1654 1928 Non
1683 1903 1784 1928 recte.
1829 1894 1920 1928 Uide
1943 1892 2028 1925 Kri-

136 1945 244 1977 tzium
267 1943 308 1974 ad
332 1944 467 1975 Sallust.
491 1945 564 1976 Cat.
590 1945 627 1976 C.
651 1946 826 1977 XXXVI.
852 1947 882 1987 ς.
906 1946 936 1977 5.
962 1958 996 1988 p.
1026 1947 1112 1978 166..

221 1996 435 2037 Dis-crimen)
448 1998 527 2029 Non
540 1998 630 2028 enim
643 1998 890 2038 discernit,non
903 1998 1080 2040 distinguit
1090 2010 1155 2037 eos,
1171 1999 1227 2041 qui
1239 2006 1371 2042 petunt,
1387 2012 1430 2031 ex
1439 2001 1570 2032 meritis
1589 2007 1622 2032 et
1632 2001 1803 2043 dignitate.
1812 2001 2027 2032 BIAXUTIL‘S·

221 2050 435 2092 Diligentia)
480 2051 520 2081 In
543 2050 777 2082 examinandis
801 2051 963 2093 cuiusque
984 2052 1126 2083 meritis.
1172 2053 1388 2084 BIANUTILS.

220 2103 367 2145 Culpam
389 2120 432 2126 —
456 2104 629 2146 accussas)
674 2105 765 2135 Rara
793 2104 931 2136 locutio.
979 2105 1038 2136 Set
1064 2105 1109 2136 ita
1141 2105 1242 2135 etiam
1268 2105 1407 2147 Quinct.
1431 2106 1502 2144 XI,
1538 2117 1570 2144 1,
1604 2105 1655 2137 81.
1699 2106 1809 2149 Culpa
1831 2118 1922 2137 nunc
1945 2118 2028 2145 rem,

136 2168 224 2200 quae
244 2157 389 2199 ponitur
421 2157 456 2187 in
479 2157 582 2199 culpa
605 2156 780 2198 significat.
826 2157 881 2188 Sic
909 2169 973 2200 pro
999 2158 1085 2189 Rab.
1110 2157 1200 2188 Post.
1223 2158 1272 2195 II,
1302 2158 1333 2188 4.
1368 2159 1403 2189 in
1422 2165 1594 2201 paternae
1617 2160 1739 2203 culpae
1761 2159 2029 2191 similitudinem

135 2209 304 2241 dedat-lus
327 2213 388 2240 est.
412 2219 512 2249 quem
536 2209 648 2240 locum
671 2210 802 2252 primus
826 2216 917 2241 recte
943 2211 1130 2253 explicauit
1154 2210 1327 2241 Ferratius
1351 2211 1441 2254 Epp.
1467 2212 1508 2249 H,
1545 2213 1574 2243 6.
1602 2223 1635 2254 p.
1660 2213 1700 2253 95
1723 2224 1792 2253 sq..
1838 2211 1940 2243 Adde
1961 2221 2026 2253 pro

136 2262 222 2293 Sest.
243 2261 459 2299 XXXVIII,
485 2261 537 2293 80.
561 2262 621 2293 ubi
643 2268 694 2293 est
715 2264 862 2301 crimen,
886 2265 978 2306 qnod
1000 2264 1238 2307 reprenditis?
1269 2275 1334 2306 pro
1359 2265 1402 2306 Q.
1425 2264 1541 2306 Ligar.
1566 2276 1593 2295 c.
1618 2265 1644 2295 I.
1670 2265 1699 2305 ἕ.
1725 2276 1755 2295 2.
1786 2265 1904 2307 itaque
1921 2263 2027 2307 prius

134 2314 177 2346 de
198 2319 316 2346 nostro
337 2314 461 2345 delicto
488 2314 725 2357 confiteamini
746 2321 924 2353 necessest,
947 2328 1049 2358 quam
1073 2316 1207 2358 Ligari
1230 2329 1251 2347 l!
1263 2317 1368 2348 llam
1391 2318 1563 2360 eulpam
1586 2317 1931 2360 reprehendatis.
1954 2316 2028 2347 Lo-

136 2366 271 2397 cutione
293 2373 404 2398 autem
430 2379 500 2398 rem
523 2380 704 2399 arctissare
724 2379 804 2398 usus
831 2373 880 2398 est
908 2369 1027 2399 Cicero
1053 2380 1117 2411 pro
1142 2369 1191 2400 M.
1217 2369 1332 2400 Caelio
1359 2371 1439 2409 XII,
1465 2382 1515 2412 29.
1570 2371 1616 2401 Ut
1641 2369 1704 2400 tibi
1727 2381 1823 2401 reum
1845 2370 2026 2406 neminem,

135 2425 186 2452 set
209 2420 299 2451 uitia
318 2432 513 2463 proponas,
536 2433 589 2452 res
614 2427 727 2453 tamen
751 2421 828 2463 ipsa
851 2425 883 2451 et
907 2422 1039 2463 copiose
1062 2427 1095 2453 et
1114 2423 1278 2464 grauiter
1301 2424 1479 2455 acenssari
1496 2429 1622 2466 potest.
1648 2428 1682 2453 et
1703 2423 1795 2453 alibi.

1546 2476 1605 2506 21*
