2185 2720
562 510 919 563 12113E1R
1003 508 1632 563 53E1311N131JS.

1060 627 1135 659 DE

708 699 1486 769 INTERPOLATIONIBUs

156 875 203 924 In
224 896 411 934 corruptelis
440 895 522 932 illis,
559 895 670 933 quibus
700 895 802 924 omnia
822 896 866 924 M.
889 895 977 924 Tulli
998 894 1114 933 scripta
1134 894 1301 933 deprauata
1321 895 1357 924 ad
1378 906 1433 924 nos
1453 900 1682 934 peruenerunt,
1717 896 1924 926 numerandae
1954 895 2046 925 etiam

156 942 416 982 interpolationes
442 948 523 971 sunt.
564 943 651 979 Quae
679 943 790 971 menda
816 944 875 971 etsi
901 944 1000 972 multo
1031 941 1189 970 difficilius
1218 953 1308 980 quam
1336 949 1457 971 ceterae
1486 945 1681 982 corruptelae
1702 945 1773 973 tolli
1799 945 1918 981 solent,
1944 949 2047 973 tamen

156 991 414 1019 remouendorum
437 1001 545 1019 eorum
564 1000 628 1018 non
649 1000 736 1018 secus
757 1001 790 1018 ac
811 996 987 1019 ceterorum
1008 990 1126 1028 duplex
1144 990 1351 1028 potissumum
1371 990 1496 1026 ratiost,
1534 991 1577 1019 ita
1597 996 1632 1019 ut
1651 997 1703 1020 aut
1723 993 1865 1022 codicum
1886 1003 1961 1032 ope,
1995 997 2048 1022 aut

158 1039 339 1068 coniectura
359 1039 565 1077 expellantur.
605 1039 709 1076 Atque
731 1047 837 1067 eorum
858 1038 983 1076 quidem
1004 1042 1272 1075 argumentorum,
1307 1038 1418 1076 quibus
1448 1038 1493 1074 ei,
1530 1039 1583 1077 qui
1611 1039 1678 1067 sine
1700 1040 1842 1069 codicum
1863 1040 2048 1069 auctoritate

155 1086 267 1122 uerba,
287 1097 363 1125 quae
383 1087 416 1115 in
437 1087 636 1125 antiquorum
657 1085 846 1123 scriptorum
866 1086 1014 1124 operibus
1035 1086 1152 1124 scripta
1172 1090 1294 1123 extant,
1326 1086 1431 1124 spuria
1451 1096 1518 1113 esso
1539 1086 1684 1115 euincere
1704 1088 1798 1124 uelit,
1825 1089 1976 1117 utendum
1996 1088 2047 1124 sit,

156 1143 246 1162 nemo
266 1144 330 1162 non
349 1134 515 1172 intellegit,
535 1134 650 1172 ubique
671 1133 752 1161 idem
773 1144 868 1171 genus
889 1134 1077 1173 eandemque
1095 1134 1162 1162 uim
1184 1144 1258 1162 esse.
1288 1134 1361 1162 Alia
1383 1138 1489 1161 contra
1510 1134 1666 1162 illorumst
1686 1140 1936 1173 argumentorum
1955 1136 2048 1172 rann,

156 1190 233 1219 quae
254 1190 294 1210 ex
313 1181 455 1210 codicum
475 1181 638 1220 scripturis
660 1180 896 1219 depromuntur.
937 1182 1017 1209 Nam
1045 1181 1107 1210 nisi
1136 1191 1213 1220 quae
1244 1181 1437 1220 singulorum
1458 1181 1600 1209 codicum
1619 1183 1808 1220 praestantia
1828 1184 1868 1212 sit
1889 1189 1920 1213 et
1939 1190 2048 1213 aucto-

155 1228 247 1263 ritas,
267 1234 465 1268 perspectum
486 1229 745 1267 exploratumque
765 1228 931 1265 habemus,
950 1229 1021 1258 fieri
1042 1240 1105 1258 non
1125 1234 1246 1269 potest,
1271 1236 1308 1259 ut
1327 1240 1390 1258 non
1411 1229 1597 1267 saepissume
1618 1230 1782 1269 scripturis
1804 1241 1911 1260 eorum
1930 1231 1963 1260 in
1983 1236 2048 1260 tra-

156 1276 266 1304 ctanda
285 1276 339 1305 illa
358 1277 433 1305 artis
454 1277 580 1306 criticae
602 1282 689 1316 parte
709 1277 872 1306 abutamur
892 1277 1161 1316 turpissumosque
1189 1277 1222 1304 in
1244 1287 1364 1305 errores
1386 1277 1566 1305 incidamus.
1606 1277 1711 1317 Atque
1739 1279 1773 1307 in
1801 1289 1866 1307 eam
1892 1290 1958 1308 rem
1984 1289 2048 1308 non

153 1333 226 1352 raro
246 1323 283 1352 ab
304 1325 454 1353 orationis
475 1325 660 1354 Plancianae
681 1325 856 1353 editoribus
876 1330 1037 1364 peccatum
1058 1325 1202 1360 uidetur,
1224 1325 1277 1362 qui
1298 1335 1374 1363 quae
1395 1326 1428 1353 in
1449 1325 1629 1362 codicibus,
1659 1337 1790 1364 quorum
1810 1327 1897 1356 nulla
1918 1327 2049 1356 debebat

155 1380 222 1399 esse
242 1372 426 1409 auctoritas,
453 1373 566 1401 omissa
586 1372 681 1400 uerba
701 1377 807 1408 erant,
835 1377 953 1400 temere
974 1371 1080 1411 spuria
1101 1371 1285 1407 iudicarint,
1313 1374 1349 1401 ab
1370 1373 1468 1413 ipsius
1489 1379 1591 1402 autem
1612 1374 1775 1403 Ciceronis
1795 1385 1888 1404 manu
1907 1375 2049 1413 profecta

158 1418 386 1455 existumarint,
407 1430 484 1458 quac
504 1421 570 1448 sola
590 1420 733 1448 codicum
754 1419 922 1448 auctoritas
943 1420 979 1448 ab
1000 1419 1229 1458 interpretibus
1250 1420 1353 1449 addita
1374 1430 1439 1450 esse
1460 1422 1587 1450 euincit.
1628 1423 1770 1459 Accedit,
1790 1422 1872 1462 quod
1891 1432 2048 1450 nonnum-

157 1476 248 1504 quam
267 1466 349 1495 idem
369 1467 459 1502 libri,
488 1468 541 1505 qui
561 1467 690 1505 reliquis
710 1467 912 1496 librariorum
932 1468 1052 1496 mendis
1074 1478 1143 1496 cum
1164 1478 1305 1495 maxume
1325 1468 1468 1497 inmunes
1490 1475 1578 1505 sunt,
1606 1471 1704 1499 multo
1725 1471 1819 1509 magis
1840 1470 2049 1508 interpretum

156 1513 375 1543 additamentis
402 1514 484 1542 aucti
511 1520 600 1551 sunt,
634 1526 724 1553 quam
752 1516 818 1551 illi,
854 1526 930 1554 quos
959 1515 1204 1544 describentium
1234 1517 1422 1555 corruptelis
1442 1518 1554 1546 mirum
1576 1524 1723 1556 quantum
1742 1519 1876 1547 refertos
1896 1517 2048 1547 uidemus.

159 1561 256 1590 Cuius
276 1561 324 1590 rei
343 1561 497 1599 ignoratio
519 1572 582 1590 non
602 1573 716 1601 paucos
737 1563 879 1592 homines
908 1563 1016 1591 doctos
1045 1562 1180 1601 inpulit,
1215 1568 1250 1592 ut
1268 1574 1346 1602 quae
1367 1576 1383 1593 a
1404 1565 1512 1593 Tullio
1533 1565 1629 1594 scribi
1648 1567 1736 1595 nullo
1756 1571 1847 1605 pacto
1867 1570 2048 1604 potuerunt,

156 1618 192 1637 ea
211 1608 344 1646 genuina
363 1619 429 1637 esse
449 1609 509 1637 sibi
529 1611 760 1648 persuaderent.

233 1657 333 1694 Quam
354 1657 393 1685 ob
413 1667 479 1685 rem
500 1657 647 1694 uisumst,
675 1657 920 1696 diligentissume
940 1656 993 1686 hic
1013 1668 1188 1697 exponere,
1216 1669 1294 1697 quae
1314 1661 1457 1689 codicum
1478 1661 1650 1699 scripturae
1670 1661 1924 1699 interpolationis
1944 1661 2048 1700 suspi-

157 1705 279 1733 cionem
299 1714 425 1733 mouere
446 1705 596 1734 deberent
616 1715 753 1744 quaeque
773 1715 838 1733 non
858 1705 1026 1743 deberent,
1048 1707 1209 1745 omnisque
1229 1707 1331 1745 locos,
1352 1709 1405 1747 qui
1426 1708 1462 1736 ad
1483 1707 1542 1736 hoc
1563 1718 1657 1745 genus
1676 1708 1882 1747 pertinerent,
1902 1708 1959 1737 hac
1980 1708 2047 1737 sin—

157 1753 256 1791 gulari
277 1752 496 1781 dissertatione
515 1759 656 1783 tractare.
697 1755 863 1783 Praeterea
880 1763 945 1781 non
965 1753 1197 1783 incommodum
1216 1756 1343 1793 putaui,
1364 1766 1415 1785 eos
1436 1766 1559 1794 quoque
1579 1756 1681 1791 locos,
1709 1766 1785 1794 quos
1806 1756 1870 1783 sola
1889 1755 1953 1784 loci
1975 1765 2047 1784 sen-

156 1801 256 1830 tentia
275 1800 528 1839 interpolationis
549 1801 675 1830 nomine
694 1806 854 1839 suspectos
873 1801 1004 1831 reddere
1024 1802 1137 1838 uisast,
1164 1802 1264 1831 omnis
1285 1803 1386 1842 capite
1407 1804 1543 1832 secundo
1563 1813 1751 1842 proponere,
1772 1813 1940 1841 eorumque
1960 1803 2048 1839 duos,

157 1848 192 1876 in
211 1848 323 1886 quibus
342 1849 511 1877 tractandis
531 1849 674 1888 longiore
693 1859 771 1888 opus
792 1854 857 1878 erat
878 1849 1106 1889 disputatione,
1142 1860 1232 1889 quam
1260 1861 1337 1889 quae
1365 1852 1587 1882 commentario
1607 1856 1679 1891 apte
1698 1856 1804 1890 posset
1823 1850 1937 1887 inseri,
1972 1850 2047 1879 dili-

158 1899 265 1932 genter
284 1894 329 1922 ibi
350 1896 533 1925 examinare.

1006 2038 1127 2075 CAP.
1169 2040 1199 2074 Ι.

1061 2136 1130 2164 DE

221 2184 466 2216 CODICUM
504 2186 840 2226 SCRIPTURIS,
879 2189 1023 2227 QUAE
1062 2188 1579 2219 INTERPOLATIONIS
1618 2188 1981 2219 SUSPICIONEM

465 2238 690 2269 MOUERE
727 2241 980 2272 DEBEANT
1020 2241 1276 2280 QUAEQUE
1316 2242 1427 2271 NON
1465 2243 1733 2272 DEBEANT.

1057 2327 1085 2369 §.
1114 2336 1139 2361 1.

232 2389 319 2426 Quae
338 2389 435 2419 uerba
455 2399 524 2418 cum
538 2388 690 2418 Bauarico
711 2393 742 2417 et
756 2389 940 2421 Erfurtense
956 2392 1094 2431 plurumi
1110 2391 1245 2420 familiae
1261 2393 1373 2422 tertiae
1392 2392 1515 2421 codices
1532 2391 1691 2427 omittimt,
1711 2401 1756 2428 ea,
1775 2391 1802 2420 si
1821 2400 1885 2420 non
1904 2388 2042 2428 potuisse

160 2437 245 2466 facili
265 2437 431 2467 oculorum
451 2437 649 2467 aberratione
669 2436 772 2466 omitti
791 2442 887 2477 patet,
906 2439 982 2478 quin
1001 2440 1108 2480 spuria
1126 2440 1206 2477 sint,
1226 2440 1314 2469 nullo
1334 2440 1425 2469 modo
1446 2439 1583 2468 dubitari
1602 2443 1717 2478 potest.
1757 2439 1839 2468 Nam
1859 2447 1929 2468 cum
1949 2446 2042 2476 supra
