2185 2720
895 120 920 149 c
939 120 968 149 A
988 120 1022 149 P.
1060 118 1173 149 xxv.
1205 118 1232 160 ς.
1267 125 1312 154 61.
1988 131 2042 158 165

161 207 280 245 ptura:
317 200 415 242 Quid
436 200 527 233 enim
545 204 662 244 potest
689 198 821 237 dicere,
859 208 921 229 cur
942 196 1013 228 ista
1033 194 1140 226 editio
1160 206 1227 227 non
1250 208 1419 228 summam
1440 196 1563 228 lzabeat
1584 195 1829 229 acerbitatem?
1866 200 1982 231 multis
2004 200 2040 232 in

160 254 251 286 codd.
277 265 458 297 perperam
479 253 622 296 legitur:
665 250 834 291 Quidni
863 250 953 283 enim
977 252 1094 292 potest
1124 247 1263 280 dicere?
1306 248 1376 281 Cur
1402 249 1472 281 ista
1494 250 1599 281 editio
1627 262 1694 282 non
1716 262 1886 282 summam
1916 253 2040 286 habet

158 306 405 339 acerbitatem?
438 312 471 337 et
492 305 650 338 similiter
681 304 718 335 C.
742 303 879 336 XXVI.
909 303 940 344 §.
967 300 1018 333 63.
1049 310 1166 332 omnes
1194 299 1267 332 fere
1288 300 1369 333 libri
1398 312 1462 344 pro
1491 313 1573 333 uera
1600 303 1785 346 scriptura:
1819 304 1940 344 Quid?
1976 308 2040 339 alii

158 364 354 403 quaestores
376 372 443 392 non
458 358 648 402 fecerunt?
679 356 821 387 habent:
852 355 950 396 Quid
968 354 1034 386 alii
1056 355 1279 397 quaestores?
1311 354 1439 387 Nonne
1451 353 1641 397 fecerunt?
1685 357 1801 399 Ipsum
1823 363 1935 389 autem
1957 370 2041 402 pro-

156 423 284 443 nomen
306 412 486 443 relatiuom
508 411 568 455 qui
590 408 707 441 eadem
729 408 771 439 de
796 419 908 439 caussa
930 406 970 438 ab
992 405 1237 450 interpretibus
1260 405 1414 440 additum
1434 406 1500 440 fuit
1521 419 1585 452 pro
1610 408 1717 442 Sestio
1743 409 1780 441 C.
1794 409 1907 442 XLII.
1932 412 1961 454 §.
1977 423 2042 454 90„

156 463 216 496 ubi
237 464 318 496 uide
339 463 597 496 Lallemandum
619 468 653 494 et
676 460 912 494 Garatonium.

241 518 297 550 Re
318 517 398 549 bene
416 522 518 560 gesta
541 514 808 559 triumpharint)
850 513 1003 545 Placeret
1023 513 1111 545 mihi
1131 512 1245 557 potius
1258 537 1268 554 ,
1299 514 1491 559 republica
1515 514 1594 547 bene
1610 521 1730 559 gesta,
1760 522 1799 547 ut
1820 524 1902 560 aput
1923 519 2039 551 Ualer.

157 569 252 602 Max.
276 570 344 608 ΙΙΙ,
368 569 398 608 6,
422 570 450 600 5.
476 568 517 599 (10
540 567 676 610 Papirio
699 567 873 598 Massone:
901 579 1002 611 quom
1024 567 1106 599 bene
1125 572 1227 610 gesta
1252 580 1289 600 re
1305 569 1449 612 publica
1472 568 1686 611 triumphum
1707 581 1730 601 a
1751 576 1873 602 senatu
1895 583 1961 602 non
1985 572 2040 603 in-

155 627 335 666 petrasset.
377 621 466 654 Uide
488 621 593 653 Drak.
614 620 653 652 ad
675 620 754 652 Liu.
769 619 813 658 11,
838 618 889 650 64.
915 624 948 650 et
971 630 1056 661 quae
1081 619 1199 651 notaui
1220 620 1259 651 ad
1281 621 1318 652 C.
1336 622 1398 653 VI.
1421 620 1461 651 de
1481 631 1581 663 prou.
1605 621 1750 653 consul..
1778 622 2039 655 GARATONIUS.

156 675 219 707 Est
242 673 413 717 profecto,
439 673 528 716 quod
552 672 756 705 Garatonius
778 671 974 703 restitutum
995 673 1076 712 init,
1100 672 1426 715 frequentissumum
1447 684 1484 704 ac
1505 674 1642 716 uolgare
1663 674 1823 716 loquendi
1843 686 1958 717 genus.
1987 675 2041 707 Sic

157 726 195 758 in
216 726 283 758 Pis.
311 727 349 759 C.
373 728 452 759 XL.
478 728 508 768 ξ.
533 738 584 769 97.
607 726 696 767 Quis
719 731 752 758 te
773 725 951 764 miserior,
988 726 1066 769 quis
1087 732 1120 758 te
1145 726 1387 770 clampnatior,
1425 726 1485 770 qui
1506 739 1614 770 neque
1636 726 1783 759 scribere
1803 728 1852 759 ad
1872 734 2041 768 senatum,

158 792 182 813 a
203 785 237 812 te
259 780 339 813 bene
362 792 434 812 rem
450 779 629 823 publicam
651 791 722 811 esse
741 783 896 821 gestam,
921 790 1029 822 neque
1045 791 1214 822 praesens
1237 780 1350 811 dicere
1372 791 1478 811 ausus
1501 780 1561 811 es?
1605 778 1698 810 Idem
1723 779 1762 809 ad
1784 778 1865 811 Diu.
1888 781 1931 821 II,
1957 793 1986 823 7,
2010 783 2040 814 6.

159 838 217 873 ut,
253 833 416 877 quoniam
443 844 525 864 sane
544 830 704 875 feliciter
729 837 762 864 et
784 842 826 862 ex
849 842 925 862 mea
946 831 1118 863 sententia
1152 843 1225 863 rem
1247 831 1426 875 publicam
1453 833 1645 875 gessimus,
1681 832 1760 864 unis
1784 832 1912 866 litteris
1936 835 2042 867 totius

158 887 304 920 aestatis
325 899 378 919 res
397 891 518 930 gestas
539 885 586 917 ad
608 889 767 916 senatum
782 883 1042 926 perscriberem.
1086 883 1180 914 Idem
1205 884 1248 916 II.
1271 884 1307 914 iu
1330 885 1431 916 Uerr.
1456 885 1522 923 III,
1545 884 1604 924 80,
1637 884 1707 917 185.
1738 885 1846 928 Saepe
1869 886 1959 918 enim
1980 899 2041 918 no-

159 940 229 972 stri
250 940 480 983 inperatores,
520 936 694 981 superatis
716 936 888 977 hostibus,
926 943 1064 981 optume
1096 949 1133 968 re
1154 936 1295 980 publica
1323 942 1424 980 gesta
1446 936 1576 969 scribas
1599 950 1678 970 suos
1700 938 1841 969 annulis
1863 940 1979 971 aureis
2005 941 2041 972 in

160 992 316 1024 contione
337 993 522 1024 donarunt.
565 988 709 1022 Uerrius
731 989 870 1020 Flaccus
895 1000 949 1032 ap.
972 989 1018 1022 A.
1043 988 1199 1021 Gellium
1222 989 1272 1028 V,
1305 1000 1354 1030 17.
1386 991 1540 1034 quotiens
1564 990 1644 1023 belli
1663 991 1810 1034 gerendi
1833 993 1957 1034 gratia
1988 1004 2042 1025 res

161 1044 285 1077 diuina
302 1045 473 1088 postridie
494 1043 600 1083 Kal„
635 1043 778 1082 Nonas,
812 1042 900 1074 Idus
923 1054 945 1074 a
964 1043 1179 1086 magistratu
1196 1042 1323 1084 populi
1344 1043 1390 1074 R.
1404 1042 1510 1086 facta
1536 1049 1640 1082 esset,
1677 1044 1750 1075 eius
1773 1043 1854 1076 belli
1873 1056 2042 1087 proxumo

161 1097 320 1140 deinceps
335 1098 474 1141 praelio
496 1109 568 1129 rem
586 1095 765 1140 publicam
784 1096 874 1128 male
892 1101 1030 1138 gestam
1051 1106 1133 1127 esse.
1175 1093 1264 1126 Uide
1287 1094 1388 1125 etiam
1410 1096 1437 1126 I.
1460 1095 1499 1126 F.
1524 1096 1678 1127 Gronou.
1703 1095 1743 1126 ad
1764 1095 1843 1126 Liu.
1869 1097 1966 1136 VIII,
1989 1098 2041 1129 51.

162 1154 196 1180 et
220 1149 445 1181 Garatonium
467 1148 507 1180 ad
532 1160 581 1180 or.
609 1148 799 1188 Cant-III,
830 1148 860 1180 6.
888 1159 923 1191 p.
945 1147 1037 1190 496..
1082 1147 1200 1188 Atque
1222 1138 1304 1177 haut
1326 1147 1412 1187 scio,
1443 1159 1485 1178 an
1511 1148 1631 1179 eodem
1656 1147 1815 1190 loquendi
1839 1159 1962 1190 genere
1987 1150 2043 1181 1110

161 1214 240 1235 usus
267 1202 311 1234 sit
333 1202 472 1242 Cicero,
512 1213 589 1233 cum
613 1214 652 1246 p.
673 1201 786 1233 littera
814 1199 837 1233 i.
860 1211 889 1231 e.
906 1199 1052 1244 publica
1079 1199 1255 1231 facillumo
1281 1211 1397 1231 errore
1420 1200 1577 1231 excidere
1603 1200 1765 1243 potuerit.
1809 1201 2042 1234 Nihilominus

162 1257 333 1299 uolgatam
361 1254 572 1287 retinendam
599 1254 803 1298 scripturam
838 1252 976 1296 putaui,
1014 1251 1108 1283 cuius
1139 1251 1253 1293 aliqua
1282 1257 1372 1283 certe
1403 1253 1619 1296 explicandae
1647 1253 1734 1284 ratio
1766 1259 1908 1286 extaret.
1955 1256 2043 1287 Cum

164 1309 256 1341 enim
277 1308 474 1352 frequenter
497 1307 593 1339 duces
618 1311 676 1337 aut
696 1306 906 1349 inperatores
929 1318 1001 1338 rem
1023 1305 1103 1338 bene
1125 1311 1183 1337 aut
1204 1305 1294 1336 male
1313 1316 1437 1348 gerere
1458 1305 1620 1347 dicautur,
1646 1306 1703 1348 qui
1726 1306 1854 1338 bellum
1876 1318 2044 1349 pugnam-

161 1374 205 1395 ue
226 1362 313 1394 bene
336 1367 395 1393 aut
416 1361 504 1393 male
526 1364 648 1403 gerunt
688 1356 763 1401 (cfr.
788 1360 891 1391 Corn.
914 1350 1058 1402 Nep'otis
1082 1359 1108 1397 I,
1131 1358 1168 1398 5,
1191 1358 1221 1390 3.
1250 1357 1299 1396 II,
1323 1358 1362 1397 5,
1389 1369 1416 1389 1.
1449 1360 1552 1397 XIII,
1577 1360 1615 1399 5,
1638 1359 1669 1390 4.
1704 1359 1812 1399 XIV,
1848 1360 1885 1399 6,
1912 1361 1971 1400 1.),
2010 1366 2044 1392 et

161 1416 228 1448 hoc
251 1415 326 1447 loco
350 1426 393 1446 ex
414 1413 544 1453 uerbis,
569 1423 653 1455 quae
674 1412 868 1455 praeposita
889 1418 983 1452 sunt,
1011 1411 1155 1457 profers
1179 1411 1371 1454 triumphos
1399 1412 1440 1444 T.
1462 1412 1552 1444 Didi
1574 1417 1607 1444 et
1629 1412 1665 1445 C.
1687 1413 1806 1451 Mari,
1836 1412 1914 1443 satis
1937 1423 2044 1455 appa-

162 1474 272 1508 reret,
307 1468 347 1499 de
369 1479 489 1499 eorum
508 1467 545 1498 111
569 1465 660 1498 bello
683 1464 784 1496 rebus
805 1465 907 1507 gestis
929 1476 1123 1498 sermonem
1146 1476 1235 1506 esse,
1263 1470 1354 1496 recte
1377 1463 1511 1496 uidetur
1535 1465 1653 1497 Cicero
1676 1464 1847 1497 locutione
1870 1477 1941 1497 rem
1963 1465 2044 1498 bene

160 1532 283 1565 gerere
304 1519 355 1551 uti
375 1520 535 1563 potuisse.
753 1508 759 1514 ⁴

248 1573 327 1607 Hoc
356 1571 569 1616 inperatore)
619 1571 660 1603 In
690 1570 892 1604 editionibus
919 1571 1165 1603 recentioribus
1195 1570 1351 1603 omnibus
1381 1576 1521 1614 excepta
1543 1569 1718 1602 Orelliana
1745 1568 1880 1601 additur
1902 1571 2043 1602 AIetello

165 1632 243 1659 ante
266 1626 338 1658 hoc.
378 1625 558 1665 „Primum
581 1624 665 1656 adici
686 1625 723 1656 111
744 1625 959 1667 Naugeriana
982 1624 1154 1668 perspexi.
1200 1624 1271 1655 Cur
1293 1629 1407 1654 autem
1428 1636 1447 1655 a
1468 1624 1576 1666 glossa
1598 1635 1667 1654 non
1690 1623 1733 1654 sit
1765 1620 1957 1665 profectum
1979 1622 2044 1653 hoc

164 1690 308 1716 nomen,
336 1689 413 1710 cum
434 1683 646 1721 praesentem
667 1676 771 1709 fuisse
795 1677 838 1719 Q.
861 1677 1042 1709 Metellum
1067 1677 1240 1709 Creticum
1262 1682 1375 1720 pateat
1398 1688 1441 1708 ex
1465 1678 1502 1708 C.
1525 1677 1589 1708 XI.
1613 1676 1710 1708 miles
1733 1674 1915 1717 (Plancius)
1939 1675 2044 1707 buius

165 1732 208 1773 Q.
230 1731 386 1771 Metelli,
417 1729 506 1761 unde
525 1730 597 1773 peti
618 1730 727 1773 glossa
746 1728 918 1762 facillume
940 1729 1077 1773 potuit?
1122 1729 1259 1762 Dicitur
1281 1736 1394 1762 autem
1417 1731 1479 1762 lzoc
1500 1730 1696 1773 inperatore
1716 1727 1898 1766 δεικτικῶς,
1939 1738 2043 1758 manu

165 1784 346 1816 Metellum
367 1795 486 1815 uersus
509 1789 647 1815 extensa
655 1795 665 1822 3
698 1788 737 1815 ut
763 1783 906 1826 passim,
941 1789 974 1815 et
996 1781 1097 1813 modo
1130 1781 1231 1814 etiam
1265 1783 1303 1815 C.
1325 1782 1463 1815 XXIV.
1489 1782 1539 1814 sic
1560 1782 1602 1814 ab
1627 1782 1682 1814 his
1703 1793 1738 1814 es
1760 1780 1922 1819 auditus,
1955 1779 1990 1810 h.
2013 1791 2042 1810 e.

167 1847 188 1868 a
208 1836 415 1868 iudicibus.“
460 1837 721 1868 GARATONIUS.

255 1888 431 1921 Tribunus
453 1889 490 1921 in
511 1889 718 1922 ,Macedonia
738 1888 905 1929 militum)
949 1887 1154 1921 Putaueram
1177 1888 1261 1921 011111
1282 1900 1407 1920 nomen
1430 1888 1583 1921 militum
1604 1887 1645 1918 ab
1667 1886 1855 1929 interprete
1875 1884 2043 1916 adiectum

168 1946 219 1981 et,
242 1947 282 1973 ut
303 1940 378 1973 fieri
399 1941 503 1982 solet,
526 1941 675 1972 alienum
696 1941 732 1972 in
754 1941 868 1972 locum
889 1940 1035 1973 inlatum
1058 1953 1148 1982 esse,
1171 1942 1233 1974 hac
1255 1942 1372 1973 ductus
1397 1952 1526 1980 caussa,
1554 1939 1644 1983 quod
1668 1951 1753 1982 quae
1774 1938 1873 1969 unius
1896 1936 2043 1968 nominis

168 1993 275 2025 instar
295 2000 374 2026 sunt
394 1994 516 2034 uerba,
549 1993 709 2026 tribunus
737 1995 911 2033 militum,
950 2005 989 2026 eo
1017 1994 1131 2026 minus
1154 1994 1221 2026 alio
1243 1994 1421 2026 interiecto
1444 1994 1550 2025 uerbo
1577 1992 1707 2035 seiungi
1729 2003 1748 2023 a
1770 2003 1805 2023 se
1825 2001 1924 2033 posse
1945 1989 2044 2020 uide-

168 2047 307 2087 bantur,
346 2058 413 2090 quo
439 2047 544 2090 magis
567 2058 644 2078 cum
668 2046 708 2078 ab
732 2047 886 2078 omnium
907 2047 1104 2088 hominum,
1142 2054 1217 2079 tum
1240 2048 1341 2079 etiam
1371 2059 1390 2078 a
1414 2047 1464 2079 M.
1487 2045 1584 2078 Tulli
1606 2044 1848 2077 consuetudine
1872 2043 2043 2082 abhorret,

167 2105 224 2140 ut,
249 2100 342 2132 cuius
363 2100 462 2131 uerbi
482 2100 577 2131 nulla
597 2099 778 2142 praecipua
799 2099 852 2131 uis
875 2099 934 2140 sit,
959 2100 1057 2142 quale
1080 2101 1234 2133 militum
1255 2111 1379 2132 nomen
1402 2099 1439 2131 in
1464 2100 1529 2131 1100
1550 2098 1710 2142 loquendi
1731 2107 1853 2140 genere
1873 2107 1944 2127 non
1964 2100 2045 2138 pot-

170 2159 219 2184 est
240 2164 309 2184 non
329 2152 442 2184 uideri
464 2163 550 2192 esse,
579 2152 612 2183 id
634 2152 681 2183 sic
703 2152 911 2192 conlocetur,
939 2158 978 2184 ut
999 2159 1142 2196 propter
1164 2153 1292 2193 locum,
1325 2164 1426 2194 quem
1449 2158 1608 2196 occupat,
1641 2162 1718 2182 cum
1739 2149 1775 2181 ui
1799 2149 1938 2192 quadam
1960 2159 2045 2191 pro-

170 2206 321 2238 nuntiari
342 2205 528 2237 necessario
559 2205 685 2238 debeat.
729 2206 787 2237 Set
808 2204 909 2236 uideo
931 2216 1037 2245 nunc,
1062 2205 1151 2247 quod
1173 2205 1239 2237 alio
1262 2206 1299 2237 in
1321 2206 1395 2237 loco
1419 2205 1493 2237 fieri
1515 2205 1611 2237 nullo
1633 2209 1731 2247 pacto
1751 2202 1901 2241 licuerit,
1932 2201 1968 2232 id
1990 2199 2044 2231 hic

170 2259 354 2302 aptissume
373 2257 500 2290 factum
522 2269 610 2299 esse,
644 2258 859 2299 multumque
882 2257 924 2288 de
945 2263 1122 2289 uenustate
1145 2258 1307 2289 orationis
1334 2257 1438 2290 eiecto
1464 2258 1601 2290 nomine
1625 2257 1685 2288 illo
1714 2254 1854 2287 detrahi.
1896 2252 2046 2286 Manife-

172 2316 293 2343 stumst
315 2311 425 2351 enim,
449 2310 648 2343 Ciceronem
670 2310 843 2349 membro,
868 2309 959 2352 quod
980 2310 1167 2354 praecedit,
1200 2317 1233 2343 et
1256 2311 1354 2343 miles
1377 2310 1413 2342 in
1436 2310 1537 2343 Creta
1559 2311 1620 2343 hoc
1645 2311 1859 2354 inperatore,
1888 2306 1981 2338 omni
2002 2315 2044 2336 ex

172 2369 268 2405 parte
288 2365 369 2405 hoc,
393 2364 485 2407 quod
507 2363 677 2406 sequitur,
703 2368 737 2395 et
762 2362 920 2396 tribunus
945 2369 1007 2394 010.
1030 2364 1216 2405 adaequare
1238 2362 1415 2394 studuisse.
1459 2364 1576 2405 Itaque
1597 2363 1721 2395 militis
1751 2359 1883 2392 nomini
1904 2357 2045 2390 debebat

173 2426 298 2448 nomen
325 2418 475 2459 tribuni,
510 2416 624 2449 uerbis
655 2417 691 2449 in
714 2415 815 2448 Creta
842 2415 947 2447 uerba
975 2417 1012 2449 in
1032 2417 1259 2455 Macedonia,
1296 2416 1440 2458 denique
1465 2414 1578 2447 uerbis
1607 2415 1670 2447 ltoc
1699 2415 1894 2458 inperatore
1919 2421 2043 2442 nomen
