2185 2720
161 172 215 199 214
805 159 1378 191 COMMENTARIUS.

163 239 261 272 initio
282 237 455 282 plausum,
488 234 592 267 iratus
614 235 657 268 ob
680 246 734 267 eas
755 234 880 267 litteras
903 235 1059 267 Ciceroni
1081 247 1150 267 non
1172 233 1256 274 fuit;
1293 233 1321 266 si
1343 240 1460 278 postea
1479 235 1580 278 longe
1599 236 1753 279 grauiore
1776 237 1819 269 de
1843 248 1956 270 caussa
1976 237 2022 270 il-

163 293 237 324 lum
257 289 430 334 prodidit,
463 299 507 319 ne
529 288 610 320 dum
634 287 797 320 deseruit:
832 293 922 319 errat
941 287 1093 331 profecto
1115 299 1191 319 cum
1213 293 1420 319 accussatore
1441 288 1651 329 scholiastes,
1681 288 1739 331 qui
1767 291 2021 333 responsionem

163 344 248 376 adeo
273 340 462 380 Ciceronis,
487 340 597 372 nescio
622 351 688 382 qua
708 345 841 378 mente,
867 339 985 372 falsam
1007 339 1273 379 conminiscitur,
1300 340 1395 382 quasi
1417 351 1502 383 quae
1524 342 1659 374 leuiora
1680 352 1750 372 esse
1773 341 1870 383 dicit,
1895 343 1936 376 iis
1956 343 2023 375 ali-

164 396 245 439 quid
267 394 386 427 adiciat
412 392 582 436 ponderis.
627 393 678 424 Ita
702 392 794 424 enim
822 404 884 436 pro
910 404 968 424 sua
990 392 1151 435 dignitate
1180 403 1218 423 ac
1238 392 1419 435 prudentia
1439 394 1638 437 respondet:
1671 394 1760 426 mihi
1784 394 1934 438 obfuisse
1955 408 2022 430 non

163 450 345 491 intellege,
381 446 461 488 quia
488 446 576 478 nihil
598 457 637 478 ea
658 445 700 477 de
721 457 835 477 caussa
863 445 1055 478 offensionis
1084 445 1120 476 in
1147 444 1311 488 Pompeio
1336 452 1556 488 cognouerat3
1593 448 1645 480 rei
1668 460 1707 492 p.
1736 448 1837 480 uideo
1862 449 2025 491 prodesse

163 502 337 546 potuisse.-
369 510 479 541 neque
503 498 593 530 enim
615 498 840 542 profuerunt,
872 509 948 530 cum
970 497 1150 540 Pompeius
1172 509 1191 529 a
1213 504 1330 530 senatu
1352 498 1549 539 desciuerit,
1573 510 1673 541 quem
1694 499 1842 531 retinere
1863 500 1900 532 in
1923 506 2025 543 optu-

164 554 306 586 matium
329 552 480 595 partibus
503 551 704 595 potuissent,
726 557 764 583 ut
784 551 853 583 suis
875 551 994 594 opibus
1016 561 1214 582 consensum
1236 550 1422 591 bonorum,
1454 551 1724 583 coniunctionem
1747 552 1924 593 ordinum,
1952 552 2024 584 uim

163 606 320 637 aduersus
344 604 506 648 inprobos
528 603 611 635 ciuis
634 609 666 635 et
685 614 760 635 rem
783 615 818 647 p.
841 603 1063 635 concutientes
1086 603 1334 635 conroboraret.
1378 603 1484 635 Tecte
1511 604 1577 635 hoc
1598 603 1776 646 significat,
1804 616 1848 636 ne
1870 604 2025 637 reconci-

164 658 283 690 liatum
313 657 454 700 Pompei
480 656 632 688 animum
654 662 780 699 pungat
800 656 1017 688 restitutionis
1042 667 1121 687 suae
1145 655 1307 687 beneficio
1331 655 1517 688 deuinctus.
1547 657 1808 689 GARATONIUS.
1851 658 1922 690 Etsi
1944 669 2024 702 per—

163 711 255 742 docte
279 710 481 742 Garatonius
504 709 546 741 de
569 708 741 741 Ciceronis
764 719 841 740 cum
862 708 1024 750 Pompeio
1047 707 1283 740 coniunctione
1305 709 1481 753 exposuit,
1514 709 1551 740 in
1573 721 1612 741 eo
1633 715 1745 742 tamen
1771 709 1946 743 manifesto
1968 722 2024 743 er-

163 763 269 803 rauit,
306 762 397 805 quod
420 762 598 805 epistulam
628 761 724 793 illam
746 760 904 793 Ciceroni
928 767 1025 803 negat
1049 760 1227 803 quicquam
1256 760 1413 794 obfuisse.
1456 762 1547 794 Nam
1567 761 1718 805 primum
1737 774 1806 795 non
1828 767 1878 794 est
1898 762 2023 805 proba-

163 816 247 855 bile,
285 816 504 847 Laterensem
529 813 686 846 Ciceroni
709 813 839 855 aliquid
868 812 972 844 fuisse
1002 813 1301 855 exprobraturum,
1343 814 1434 857 quod
1463 815 1504 847 ab
1527 814 1622 847 omni
1650 814 1790 847 ueritate
1810 815 2025 856 abhorreret3

162 879 265 911 porro
289 866 438 899 dubitari
460 867 522 899 uix
546 873 671 910 potest,
701 866 783 909 quin
808 865 945 904 Cicero,
974 865 1064 896 nihil
1084 865 1113 897 si
1134 867 1319 907 nocuisset,
1349 867 1506 900 disertius
1527 868 1560 900 id
1582 867 1684 900 fuerit
1704 867 1958 909 adfirmaturus,
1989 874 2024 901 et

163 932 226 964 pro
250 920 363 951 uerbis
386 932 470 962 quae
492 921 606 963 posuit
628 919 778 963 obfuisse
800 931 867 952 non
888 918 1051 961 intellego
1073 918 1258 961 scripturus
1280 920 1393 963 potius
1416 919 1522 953 fuerit
1543 934 1610 954 non
1622 920 1773 965 obfuisse
1788 921 1880 961 scio3
1903 920 2025 952 deinde

165 985 223 1014 eo,
259 972 350 1015 quod
373 973 527 1004 concedit
546 985 614 1005 noa
631 971 810 1017 profuisse
832 972 883 1004 rei
901 971 1077 1015 publicae,
1115 972 1208 1003 cuius
1230 984 1342 1005 caussa
1363 973 1488 1016 scripta
1508 973 1702 1013 uidebatur,
1730 979 1846 1015 aperte
1868 972 2026 1014 ostendit,

165 1038 208 1058 ne
232 1026 297 1058 sibi
327 1025 464 1067 quidem
492 1025 558 1068 ipsi
585 1025 770 1068 profuisse3
808 1035 909 1066 quem
938 1029 1097 1055 certumst
1127 1035 1187 1055 sua
1209 1035 1321 1056 caussa
1351 1026 1535 1068 cupiuisse,
1570 1032 1609 1058 ut
1629 1025 1810 1068 Pompeius
1832 1037 1851 1057 a
1872 1026 2026 1069 partibus

166 1078 395 1122 optumatium
416 1085 526 1112 staret.
571 1077 702 1120 Quodsi
724 1089 793 1109 non
815 1075 944 1120 profuit
966 1075 1135 1115 Ciceroni,
1165 1076 1212 1108 ita
1233 1083 1270 1108 ut
1289 1077 1491 1120 Pompeium
1512 1090 1532 1110 a
1551 1077 1786 1110 coniunctione
1812 1089 1887 1109 cum
1908 1078 2028 1110 inimi-

166 1132 213 1164 cis
235 1132 302 1164 suis
325 1131 474 1163 retinere
495 1142 563 1162 non
588 1137 708 1173 posset,
731 1129 915 1162 necessario
939 1128 1084 1160 obfuisse
1107 1128 1215 1169 debet,
1239 1140 1314 1161 cum
1331 1130 1463 1170 Cicero,
1485 1130 1576 1173 quod
1598 1141 1642 1162 ex
1661 1142 1709 1162 or.
1732 1142 1795 1172 pro
1818 1131 1903 1162 Sull.
1925 1142 1954 1163 c.
1972 1129 2025 1163 24.

166 1190 276 1228 patet,
313 1183 355 1215 de
376 1183 555 1225 iniquitate
586 1189 618 1215 et
637 1183 838 1226 inprobitate
869 1193 1001 1222 eorum,
1040 1182 1238 1224 quibuscum
1260 1189 1376 1226 postea
1397 1195 1433 1215 se
1454 1182 1683 1215 coniunxisset
1702 1182 1893 1225 Pompeius,
1926 1183 1964 1215 in
1985 1195 2024 1215 ea

167 1242 368 1279 conquestus
400 1242 494 1268 esset.
539 1236 714 1268 Postremo
744 1236 848 1267 altera
875 1235 934 1266 illa
960 1234 1118 1278 epistula,
1159 1247 1259 1277 quam
1287 1247 1357 1268 non
1377 1236 1486 1268 multo
1508 1241 1586 1279 post
1611 1236 1651 1267 ad
1672 1235 1873 1278 Pompeium
1894 1235 2027 1279 scripsit

166 1289 221 1331 (ad
242 1289 324 1321 Diu.
347 1289 400 1328 V,
426 1288 488 1331 7.),
516 1289 694 1332 perspicue
716 1287 868 1331 profecto
892 1288 1007 1328 docet,
1036 1287 1237 1330 Pompeium
1266 1289 1408 1320 moleste
1434 1288 1567 1329 tulisse,
1600 1299 1685 1330 quae
1715 1287 1833 1320 Cicero
1862 1288 1904 1320 de
1924 1289 2026 1322 rebus

166 1342 235 1375 suis
258 1342 294 1373 in
316 1341 491 1373 consulatu
513 1341 613 1383 gestis
633 1341 826 1383 scripsisset.
870 1342 959 1375 Uide
988 1341 1078 1373 inter
1104 1341 1169 1372 alia
1197 1340 1296 1374 haec:
1330 1341 1391 1375 Ad
1417 1354 1470 1374 me
1491 1347 1608 1374 autem
1633 1341 1770 1373 litteras
1792 1352 1878 1384 quas
1898 1342 2028 1375 misisti

168 1407 377 1439 quamquam
399 1395 563 1437 exiguam
591 1392 886 1436 significationem
916 1400 996 1427 tuae
1023 1405 1109 1437 erga
1137 1405 1190 1426 me
1217 1395 1411 1427 uoluntatis
1438 1394 1605 1427 habebant
1633 1399 1715 1425 ete..
1759 1393 1877 1435 Itaque
1906 1405 2027 1437 quam-

168 1459 269 1489 quam
291 1446 491 1489 Pompeius,
521 1452 738 1488 posteaquam
759 1448 795 1478 in
819 1448 939 1479 urbem
961 1458 1116 1479 reuersus
1139 1452 1226 1486 erat,
1260 1447 1469 1489 aliquamdiu
1489 1447 1616 1479 amicus
1643 1445 1797 1478 Ciceroni
1818 1444 1883 1478 fuit
1910 1447 2026 1490 priua-

167 1506 304 1542 tamque
326 1499 420 1530 illam
444 1498 663 1530 offensionem
685 1500 812 1541 publici
827 1500 967 1531 benefici
987 1499 1152 1531 memoria
1172 1499 1306 1531 uidetur
1328 1499 1548 1540 oblitterasse,
1570 1506 1682 1531 tamen
1704 1498 1850 1531 obfuisse
1871 1499 1930 1531 illa
1952 1499 2027 1543 epi-

167 1552 255 1583 stula
278 1551 435 1583 Ciceroni
461 1552 645 1583 necessario
676 1552 792 1592 debet,
829 1553 920 1595 quod
949 1559 982 1584 et
1003 1552 1176 1592 homines,
1215 1552 1414 1595 quibuscum
1441 1558 1557 1595 postea
1577 1564 1613 1584 se
1635 1552 1814 1584 coniunxit
1833 1551 2026 1595 Pompeius,

168 1609 202 1636 et
223 1604 344 1646 agendi
366 1603 470 1643 ratio,
496 1615 597 1645 quam
619 1604 709 1636 idem
731 1611 845 1647 postea
864 1606 956 1645 iniit,
979 1605 1015 1637 in
1038 1616 1075 1636 ea
1095 1605 1418 1648 reprehendebatur.

252 1657 321 1688 Rei
338 1656 500 1699 publicae
521 1657 621 1689 uideo
641 1659 801 1702 prodesse
817 1657 986 1702 potuisse)
1028 1657 1068 1689 Id
1097 1658 1188 1689 enim
1215 1663 1327 1700 egerat
1353 1657 1489 1699 Cicero,
1524 1662 1563 1689 ut
1582 1656 1726 1700 Pompei
1748 1655 1900 1688 animum
1921 1656 1963 1688 ab
1984 1656 2025 1690 iis

168 1707 391 1749 abalienaret,
417 1708 475 1750 qui
499 1709 656 1742 aduersus
678 1721 752 1742 rem
773 1711 943 1753 publicam
967 1710 1235 1743 coniurauerant.

921 1799 950 1833 C
974 1797 1008 1833 A
1032 1798 1072 1832 P.
1122 1798 1280 1834 XXXV.

259 1868 289 1909 ς.
313 1867 365 1899 86.
410 1867 470 1900 Set
492 1873 573 1900 sunt
594 1870 678 1902 haec
699 1868 845 1912 leuiora)
889 1870 969 1902 Non
990 1870 1079 1902 male
1098 1881 1185 1902 unus
1209 1869 1414 1903 Oxoniensis
1440 1869 1531 1911 [cum
1552 1866 1641 1909 aliis]
1665 1867 1787 1899 omittit
1808 1873 1907 1908 sunt,
1937 1867 2029 1910 quod

173 1919 304 1963 saepius
335 1931 354 1950 a
376 1919 540 1951 Cicerone
568 1921 733 1952 similibus
762 1922 844 1954 locis
874 1922 1053 1954 omittitur.
1090 1924 1347 1955 GARATONIUS.
1392 1923 1501 1953 Immo
1532 1919 1682 1951 alienum
1702 1920 1767 1952 hoc
1789 1920 1927 1962 quidem
1953 1920 2028 1952 loco

172 1984 194 2005 a
215 1972 456 2005 consuetudine
481 1973 640 2004 Tulliana
666 1973 814 2005 uidetur.
858 1974 948 2007 Uide
971 1975 1040 2006 Cic.
1072 1975 1133 2006 III.
1157 1975 1308 2019 Philipp.
1332 1976 1405 2015 IX,
1435 1975 1484 2006 25.
1515 1974 1574 2006 Set
1600 1974 1684 2006 liaeo
1706 1972 1840 2005 leuiora
1851 1972 2030 2016 fortasse3

174 2026 257 2058 illut
287 2037 414 2069 quaero
446 2031 525 2065 etc„
558 2032 592 2057 et
612 2026 655 2057 ΙΙ.
681 2026 768 2058 Phil.
794 2027 864 2067 XI,
895 2028 946 2059 25.
980 2027 1040 2060 Set
1067 2029 1150 2060 lzaec
1177 2035 1315 2068 uetera3
1353 2028 1436 2061 illut
1463 2038 1545 2059 uero
1573 2037 1710 2065 recen-9,
1746 2024 1926 2058 Caesarem
1948 2031 2029 2058 etc..

177 2076 302 2110 Confer
325 2088 409 2119 quae
430 2078 562 2120 Proleg.
585 2079 627 2110 L.
650 2079 694 2110 ΙΙ.
719 2079 757 2111 Ο.
783 2080 809 2111 Ι.
834 2080 941 2121 §.16.
963 2079 1092 2113 monui.

258 2129 361 2169 Quod
380 2142 494 2162 meum
514 2131 712 2170 discessum,
735 2144 834 2176 quem
855 2145 955 2177 saepe
977 2133 1135 2178 defleras,
1157 2145 1247 2164 nune
1269 2133 1370 2176 quasi
1383 2132 1627 2176 reprehendere
1642 2148 1684 2155 —
1706 2130 1864 2174 uoluisti)
1886 2130 1922 2164 A
1936 2129 2028 2162 mul-

175 2181 218 2214 tis
241 2181 402 2214 discessus
426 2183 484 2214 ille
504 2184 728 2226 reprehensus
751 2191 817 2225 est,
858 2185 906 2216 ita
926 2191 963 2216 ut
984 2196 1082 2227 saepe
1105 2185 1222 2216 Cicero
1249 2186 1320 2216 eius
1342 2196 1491 2216 caussam
1511 2183 1718 2227 exposuerit.
1763 2182 1833 2215 Cfr.
1858 2189 1936 2228 post
1955 2182 2028 2214 red.

175 2234 212 2266 in
235 2245 305 2266 sen.
337 2245 364 2265 c.
391 2235 439 2267 15.
466 2236 534 2276 14„
557 2247 619 2279 pro
642 2236 740 2269 domo
763 2249 790 2269 c.
815 2237 865 2269 24.
889 2243 923 2268 et
944 2248 971 2268 c.
995 2238 1046 2269 55.
1069 2240 1099 2279 §.
1122 2238 1173 2280 95.
1197 2249 1224 2269 c.
1247 2238 1311 2279 56„
1337 2249 1401 2281 pro
1424 2236 1532 2268 Sestio
1556 2247 1583 2268 c.
1610 2237 1660 2269 16.
1683 2242 1716 2268 et
1737 2247 1842 2279 seqq„
1864 2236 1900 2267 in
1911 2234 2026 2268 Uatin.

175 2296 204 2317 c.
228 2292 273 2325 3,,
295 2286 332 2317 in
354 2286 419 2318 Pis.
442 2299 470 2318 c.
494 2300 523 2331 9.
551 2299 579 2319 c.
605 2288 674 2320 14..
716 2289 819 2322 Adde
839 2291 882 2322 ad
905 2290 985 2323 Diu.
1008 2291 1040 2329 I,
1067 2301 1102 2333 9,
1127 2301 1196 2333 29..

259 2338 339 2380 Ego
380 2351 461 2371 uero
494 2340 617 2383 fateor
652 2343 789 2376 hercule
803 2367 815 2382 ,
869 2344 961 2388 qaod
995 2344 1145 2377 uiderim
1187 2343 1274 2375 milii
1313 2342 1487 2375 auxilium
1520 2354 1588 2375 non
1629 2342 1767 2382 deesse,
1810 2339 1938 2372 idcirco
1973 2350 2028 2372 me

176 2389 232 2422 illi
267 2390 400 2446 ciuxilz'o
431 2394 637 2438 pepercisse)
682 2395 772 2429 Uide
810 2407 895 2438 quae
932 2395 974 2427 de
1010 2396 1111 2428 huius
1146 2395 1213 2427 loci
1249 2395 1416 2438 scriptura
1453 2395 1587 2438 Proleg.
1627 2395 1669 2426 L.
1700 2394 1741 2425 [I.
1778 2391 1816 2423 C·
1845 2392 1872 2423 Ι.
1912 2391 1942 2434 §.
1976 2392 2025 2424 16·

175 2452 379 2474 monuunus.
