2185 2720
99 171 133 197 ga
390 163 433 191 M.
464 162 500 190 T.
529 160 813 191 CICERONIS
846 160 925 190 OR.
946 160 1045 190 PRO
1079 158 1153 190 CN.
1178 159 1420 190 PLANCIO.
1447 161 1553 191 CAP.
1581 164 1687 193 XLII.

102 239 272 273 beneficiis
294 249 311 269 a
334 237 430 268 uobis
456 236 637 279 deprecor,
661 234 805 275 iudices,
830 242 880 269 set
903 236 1077 268 custodem
1100 234 1218 268 salutis
1240 245 1355 274 meae3
1377 235 1593 277 nonopibus
1616 239 1802 279 contendo,
1837 251 1905 271 non
1929 251 1991 271 au·-

103 293 279 330 etoritate,
315 302 385 321 nou
408 289 531 331 gratia,
569 294 620 319 set
642 289 816 331 precibus,
853 296 903 321 set
926 289 1103 329 lacrumis,
1137 294 1188 320 set
1209 287 1463 325 misericordia3
1503 298 1705 330 mecumque
1726 303 1787 323 uos
1811 291 1913 330 simul
1935 291 1992 323 hic

45 347 326 379 103111ise1·ru1m1s
357 348 388 373 et
420 347 580 383 optumus
608 341 796 372 obtestatur
823 353 966 384 parens,
1001 348 1035 373 et
1059 353 1124 384 pro
1152 353 1222 372 uno
1246 340 1317 372 filio
1348 340 1416 371 duo
1439 345 1552 382 patres
1583 339 1815 382 deprecamur.
1861 345 1994 384 Nolite,

103 398 247 430 iudices.
271 406 334 438 per
356 407 416 425 uos
440 393 605 433 fortunas,
634 405 697 436 per
727 394 852 425 liberos
884 401 1035 433 nostros,
1065 393 1211 425 inimicis
1233 394 1331 433 meis,
1353 392 1394 424 iis
1418 392 1629 435 praesertim,
1654 404 1738 434 quos
1762 405 1822 437 ego
1844 407 1907 438 pro
1929 409 1995 429 uo·-

103 457 173 483 stra
195 449 301 480 sainte
323 446 471 489 suscepi,
496 446 576 477 dare
599 447 763 477 laetitiam
787 446 1030 488 gloriantibus,
1053 457 1114 476 uos
1134 445 1203 476 iam
1225 445 1349 477 oblitos
1372 445 1442 476 mei
1462 445 1579 476 salutis
1604 444 1685 484 eius,
1710 456 1729 476 a
1751 456 1821 487 quo
1844 458 1920 479 mea
1941 460 1996 480 sa—

104 504 156 535 lus
181 506 428 538 comm—natast,
456 499 562 530 hostis
586 499 757 537 extitisse3
791 498 898 529 nolite
919 500 1072 530 animum
1095 509 1211 529 meum
1235 497 1413 529 debilitare
1436 502 1508 527 tum
1530 497 1642 535 Iuctu‚
1676 502 1751 528 tum
1775 499 1877 530 etiam
1900 507 1995 533 metu

105 559 317 587 commutatae
340 558 475 583 nostrae
499 551 684 583 uoluntatis
709 562 787 593 erga
808 562 881 589 me3
912 551 1012 583 sinite
1034 563 1108 590 me,
1138 549 1230 592 quod
1252 549 1350 581 uobis
1374 547 1483 579 fretus
1506 548 1587 579 huic
1609 560 1709 591 saepe
1729 551 1888 592 promisi,
1919 552 1954 584 id
1976 565 1996 584 a

47 614 95 640 102
106 607 202 639 uobis
224 606 257 636 ei
279 604 486 647 persoluere.
532 604 672 645 Teque,
696 604 733 635 C.
757 604 880 643 Flaue,
904 615 966 636 oro
990 611 1023 635 et
1046 605 1214 642 obtestor,
1249 602 1308 644 qui
1330 612 1488 633 meorum
1511 601 1733 633 consiliorum
1760 603 1795 634 in
1819 604 1996 636 consulatu

0 1401 56 1461 ἧς’

0 1289 71 1322 ξ.
3 1227 49 1254 ς·

106 660 231 697 socius,
255 657 488 700 periculorum
513 655 700 698 particeps,
725 668 843 688 rerum
866 669 946 699 quas
970 656 1056 699 gessi
1079 655 1216 687 adiutor
1237 653 1352 693 fuisti,
1383 664 1506 695 meque
1529 664 1599 684 non
1621 654 1725 686 modo
1750 657 1881 687 saluom
1906 668 1998 689 sem—

105 724 183 756 per,
208 717 257 741 set
280 709 381 740 etiam
403 714 561 740 ornatum
590 708 841 751 florentemque
870 721 942 741 esse
972 708 1131 748 uoluisti,
1153 713 1194 739 ut
1214 707 1301 739 mihi
1323 718 1387 750 per
1409 707 1471 738 hos
1498 717 1674 738 conserues
1698 719 1786 748 eum,
1808 720 1871 751 per
1894 721 1997 751 quem

105 776 160 796 me
183 763 245 795 tibi
269 768 302 793 et
324 761 375 792 his
399 767 637 792 conseruatum
659 761 766 792 uides.
812 761 916 792 Plura
937 773 981 792 ne
1005 761 1125 800 dicam,
1148 766 1227 791 tuae
1251 771 1307 791 me
1326 760 1428 790 etiam
1448 760 1619 790 lacrumae
1639 759 1821 802 inpediunt
1843 767 1998 793 nostrae-

107 828 187 860 que,
218 814 363 853 iudices,
395 825 465 844 non
487 813 600 844 solum
621 825 733 853 meae3
764 814 886 856 quibus
913 825 974 856 ego
995 825 1119 855 magno
1142 812 1178 843 in
1199 818 1296 843 metu
1317 823 1394 843 meo
1417 811 1530 843 subito
1557 811 1702 843 inducor
1723 812 1760 843 in
1781 824 1895 855 spem,
1933 825 1997 846 uos

106 868 242 900 eosdem
266 866 302 897 iu
324 867 388 897 hoc
414 866 645 897 conseruando
669 865 821 904 futuros,
854 866 912 908 qui
935 865 1069 897 fueritis
1092 865 1129 896 in
1152 875 1227 905 me,
1258 865 1421 907 quoniam
1442 864 1515 896 istis
1536 864 1661 896 uostris
1683 865 1842 897 lacrumis
1864 865 1906 897 de
1929 866 1997 899 issi·

105 920 286 959 recordor,
311 930 391 962 quas
415 930 478 961 pro
501 930 557 950 me
578 930 678 962 saepe
698 925 732 951 et
752 919 901 950 multum
923 916 1136 961 profudistis.

184 1076 315 1117 iudices)
335 1077 365 1105 D
385 1077 474 1113 uide,
493 1077 532 1116 23
553 1078 717 1107 iudicibus.
737 1094 775 1101 —
812 1086 933 1107 mecum
950 1089 991 1100 ο·-
1010 1074 1223 1115 deprecamur)
1249 1075 1278 1105 A
1297 1074 1402 1105 habet.
1420 1089 1459 1097 --
1496 1075 1689 1115 mecumque)
1708 1076 1748 1111 A,
1774 1076 1836 1110 Ma,
1862 1076 1929 1113 Mb,
1954 1076 1996 1112 D,

110 1128 145 1156 (Ἴ.
166 1132 197 1155 et
217 1127 249 1155 H
269 1136 392 1154 mecum.
411 1141 450 1146 —
489 1124 554 1159 hic)
580 1126 750 1154 Seruarunt
776 1126 816 1161 A,
844 1126 880 1161 B,
900 1125 938 1161 E,
956 1126 1008 1160 Pa,
1034 1124 1070 1160 C,
1091 1124 1134 1159 H,
1155 1122 1186 1159 S,
1212 1127 1242 1150 et
1263 1122 1301 1151 T.
1321 1137 1358 1146 ·-
1397 1128 1429 1152 et
1448 1123 1524 1163 opt.)
1544 1125 1587 1153 Pa
1606 1127 1748 1162 optimus.
1768 1140 1806 1146 —
1843 1124 1917 1162 duo)
1942 1125 1997 1153 Mc

109 1181 139 1203 ot
160 1176 197 1213 233
218 1175 300 1202 duos.
321 1188 358 1194 -·

183 1219 211 1260 §.
236 1221 296 1248 103.
316 1230 373 1258 per
391 1229 447 1248 uos
467 1219 626 1256 fortunas,
645 1231 702 1258 per
722 1221 840 1249 liberos
858 1218 993 1258 nestros)
1020 1218 1071 1247 Sic
1091 1228 1109 1246 e
1130 1216 1230 1253 coni.;
1256 1217 1281 1245 B
1303 1221 1334 1245 et
1353 1217 1380 1246 E
1397 1229 1456 1256 per
1476 1229 1531 1247 uos
1545 1219 1787 1261 per-fortunas,
1807 1230 1867 1257 per
1887 1219 1998 1248 liberos

110 1277 245 1302 πῶϋ-οε,-
266 1268 397 1296 forsitan
416 1267 508 1296 etiam
530 1267 609 1303 Ox.;
630 1273 713 1296 certe
734 1269 777 1296 sic
798 1269 845 1296 ed.
867 1268 946 1303 Ox„
974 1266 1027 1305 qui
1048 1265 1130 1294 nihil
1150 1265 1309 1293 uarietatis
1328 1266 1485 1306 euotauit3
1512 1266 1608 1294 ceteri
1622 1277 1684 1304 per
1703 1278 1756 1295 uos
1770 1278 1831 1304 per
1842 1267 2000 1305 fortunas

111 1324 248 1349 ueslras,
264 1326 323 1353 per
343 1316 461 1343 liberos.
481 1330 519 1335 —
556 1314 608 1353 iis)
631 1316 681 1343 Sic
702 1317 771 1351 Me;
800 1315 829 1343 D
852 1326 918 1351 0m3
945 1313 1043 1342 ceteri
1063 1313 1120 1341 his.
1139 1327 1179 1334 —-
1216 1311 1330 1350 uestra)
1355 1312 1386 1340 D
1407 1320 1523 1342 nostra.
1541 1329 1580 1335 —
1618 1314 1782 1355 laetitiam)
1808 1315 1864 1352 Pb,
1885 1315 1938 1351 Pc,
1959 1314 1999 1351 Ο,

111 1366 150 1397 (ὲ,
170 1369 202 1392 et
222 1364 273 1391 Br.
296 1364 466 1391 licentiam.
485 1378 523 1384 -
561 1362 630 1400 uos)
657 1364 719 1398 Ma,
739 1364 805 1399 Mb,
824 1364 882 1399 Le,
901 1364 943 1397 D,
963 1372 992 1396 ς,
1012 1365 1043 1388 et
1062 1370 1097 1398 χι
1121 1370 1181 1390 om.
1199 1375 1239 1380 —
1274 1359 1382 1388 salutis
1403 1359 1482 1398 eius)
1509 1361 1559 1388 Sic
1579 1362 1614 1398 B,
1636 1363 1673 1398 E,
1693 1364 1756 1399 Ma,
1775 1362 1841 1399 Mb,
1860 1362 1917 1396 La,
1935 1361 1998 1398 Lb,

111 1412 166 1446 Lc,
187 1412 238 1447 Pa,
257 1412 308 1446 Pc,
328 1410 367 1445 G,
386 1410 449 1445 Br„
469 1410 510 1445 D,
531 1409 567 1445 C,
586 1410 629 1444 H,
650 1410 679 1445 S,
701 1410 740 1445 T,
761 1415 792 1438 et
812 1412 866 1448 233
893 1409 991 1438 ceteri
1018 1410 1192 1447 salutisque
1211 1409 1285 1436 elas.
1303 1422 1344 1428 —
1381 1407 1551 1446 exstitisse)
1570 1409 1612 1436 Pa
1633 1411 1785 1438 extulisse.
1802 1425 1843 1431 -
1879 1409 1997 1449 meum)

108 1460 158 1488 Lb
180 1469 237 1486 om.
258 1472 295 1479 —-
332 1463 399 1485 tum
419 1456 518 1496 luctu)
540 1459 603 1493 Ma,
622 1457 681 1493 Lb,
700 1458 752 1492 Pe,
773 1462 804 1485 et
822 1456 852 1484 Ο
879 1467 948 1485 eum
968 1458 1064 1485 luctu.
1082 1471 1122 1478 --
1158 1454 1237 1494 tuln)
1263 1455 1306 1483 Pc
1327 1465 1406 1482 cum.
1423 1468 1462 1476 ·--
1500 1454 1593 1483 etiam
1612 1455 1708 1496 met-u)
1729 1457 1753 1485 C
1775 1463 1875 1494 ueste,
1904 1465 1930 1496 ψ
1951 1464 1998 1487 et·-

109 1509 183 1535 iam.
211 1520 248 1527 -—-
287 1504 503 1543 commutatae)
538 1505 586 1532 Lc
610 1510 806 1533 commutare.
833 1519 872 1525 —
909 1503 1045 1543 uestrae)
1080 1504 1105 1533 C
1131 1509 1225 1532 metu.
1252 1517 1292 1524 -
1328 1499 1511 1540 uoluntatis)
1545 1508 1573 1540 ’ψ
1599 1503 1786 1537 uoluntates,
1811 1518 1850 1526 ·-
1886 1504 1999 1542 fretus)

110 1555 153 1583 Pa
165 1554 305 1590 frat-lus.
323 1566 363 1572 ·-·
399 1562 490 1590 saepe
510 1552 621 1591 prom.)
640 1554 693 1581 Ma
708 1554 842 1590 promisi
859 1562 958 1589 saepe.
977 1568 1017 1574 -
1052 1551 1156 1589 uobis)
1175 1550 1225 1578 Lb
1246 1550 1340 1578 nobis.
1359 1563 1397 1571 ·—-

185 1599 213 1639 §.
237 1600 300 1628 104.
335 1600 370 1628 C.
391 1599 500 1638 Flauc)
522 1600 573 1628 Sic
593 1610 610 1627 e
630 1600 729 1635 c011i.;
754 1599 803 1627 Lb
827 1601 915 1627 Cassi
935 1601 1030 1627 Flaui
1037 1610 1048 1633 ;
1075 1599 1172 1627 ceteri
1193 1600 1224 1627 C.
1244 1599 1348 1628 Flaui.
1366 1612 1405 1619 -
1441 1596 1617 1637 consulatu)
1637 1607 1673 1636 χι
1694 1604 1816 1627 senatu.
1835 1613 1873 1621 ·-
1911 1599 1999 1638 quas)

115 1650 155 1677 Pa
175 1658 252 1686 quas
273 1658 332 1685 ego.
351 1661 390 1668 —·
427 1646 519 1685 gessi)
539 1649 592 1675 Ma
608 1649 691 1684 gexl.
710 1661 748 1667 -—
785 1646 854 1684 hos)
875 1647 916 1674 Pc
937 1657 983 1682 οε,
1003 1647 1033 1674 D
1055 1651 1086 1674 et
1107 1647 1131 1676 C
1153 1656 1209 1675 eos.
1229 1660 1269 1667 —-
1307 1643 1391 1683 eum)
1410 1646 1463 1673 Mc
1483 1655 1561 1673 cum.
1580 1660 1619 1667 --
1657 1644 1699 1684 et)
1720 1645 1744 1673 C
1765 1656 1823 1674 om.
1843 1661 1883 1666 —
1921 1657 1998 1676 con-

113 1693 280 1732 seruatum)
301 1694 348 1722 La
369 1698 400 1722 et
418 1702 444 1731 ψ
466 1701 643 1730 seruatum,
673 1705 692 1726 ς
712 1695 918 1722 consulatum.
938 1708 976 1714 -
1014 1692 1115 1733 uides)
1135 1693 1160 1722 C
1181 1704 1243 1722 esse
1262 1693 1356 1721 uides.
1376 1707 1415 1713 -
1450 1697 1520 1720 tuae
1540 1701 1588 1719 me
1608 1691 1713 1730 etiam)
1741 1691 1789 1720 La
1807 1697 1839 1721 et
1857 1693 1904 1722 Lc
1924 1699 1998 1724 tuae

113 1747 207 1772 etlam
228 1752 288 1775 me,
322 1741 364 1771 Pb
386 1746 417 1769 et
436 1742 478 1769 Pc
498 1747 533 1769 ta
553 1752 599 1769 me
620 1744 731 1776 eliam,
761 1741 786 1769 C
815 1746 888 1769 tuae
916 1751 963 1768 me
990 1747 1027 1769 et.
1041 1756 1080 1763 —-
1117 1742 1200 1780 meo)
1226 1742 1279 1770 Mc
1300 1751 1358 1769 om.
1377 1754 1418 1761 —
1455 1738 1591 1778 eosdem)
1610 1738 1640 1766 D
1663 1743 1694 1767 et
1714 1738 1737 1767 C
1757 1740 1792 1766 in
1811 1740 1939 1770 eosdem.
1958 1756 1996 1763 ·—

114 1792 179 1829 qui)
208 1790 252 1818 Pb
274 1799 334 1817 om.
354 1804 392 1811 -
429 1788 564 1826 fueritis)
594 1788 618 1817 C
630 1788 765 1826 fillurisn
784 1804 823 1810 ·—
860 1789 898 1818 de
924 1788 988 1816 illis
1014 1787 1176 1828 recordor)
1202 1789 1250 1818 La
1267 1788 1411 1818 recordor
1430 1786 1466 1815 ds
1485 1787 1561 1816 illis.
1580 1801 1618 1807 —
1656 1784 1701 1824 et)
1722 1785 1747 1814 C
1767 1796 1826 1815 om.
1845 1801 1884 1810 —
1920 1797 1996 1826 pro-

114 1836 250 1874 fudistis)
271 1843 306 1875 χί
322 1836 515 1874 profudisti,
539 1837 578 1874 χὸ
591 1836 789 1873 profitgislie.
809 1851 846 1857 ——-
