2185 2720
896 161 921 191 c
940 161 969 190 A
988 161 1023 191 P.
1061 161 1135 192 XL.
1169 161 1198 203 ς.
1225 167 1271 197 95.
1297 167 1344 198 96.
1998 171 2053 198 237

181 245 327 272 stremae
357 237 507 281 syllabae
537 236 630 270 uocis
660 242 800 270 uetusta
831 236 1052 280 superductae
1076 237 1217 269 fuerunt
1245 237 1319 269 aliis
1341 237 1424 270 item
1448 237 1567 278 erasi„
1602 250 1686 281 quae
1708 250 1760 271 res
1781 250 1937 282 magnam
1965 240 2052 272 mihi

180 291 408 335 suspicionem
429 290 538 330 inicit,
576 290 613 322 in
635 302 674 321 eo
698 289 813 321 codice
837 289 1005 332 integram
1028 290 1179 322 extitisse
1201 302 1320 322 uocem
1346 296 1503 324 uetustas
1525 303 1544 323 a
1565 292 1676 335 prima
1697 304 1814 332 manu,
1844 293 1915 325 siue
1937 293 2051 336 potius

179 350 365 383 uenustas,
405 355 491 386 quae
519 354 597 374 cum
617 342 677 374 illa
701 341 889 375 conmutari
917 341 1021 382 solet,
1057 349 1096 375 ut
1107 340 1264 377 'uidimus
1295 344 1334 376 ad
1359 356 1387 376 c.
1414 355 1462 376 12.
1492 356 1555 387 pro
1578 346 1705 378 Arch..
1750 345 1789 378 Id
1812 352 1920 385 certe,
1963 346 2050 387 quod

181 398 333 437 suberat,
356 396 512 440 pluribus
534 395 706 428 constabat
727 394 868 434 litteris,
892 406 994 437 quam
1018 395 1106 437 quod
1127 402 1241 438 postea
1263 397 1426 441 scriptum
1450 396 1527 429 fuit.
1572 398 1704 430 Similia
1725 398 1761 430 in
1784 399 1858 430 aliis
1880 398 2050 430 codicibus

179 450 388 493 deprehensa
408 447 570 488 fuissent,
602 448 744 491 opinor,
777 448 806 480 si
827 458 883 478 eos
908 447 998 478 docti
1020 448 1088 479 uiri
1110 448 1301 490 diligentius
1325 449 1559 482 excussissent.
1604 450 1723 482 Simile
1744 450 1852 482 satum
1874 451 1974 482 huius
1996 452 2050 482 lo-

180 501 326 534 cutionis
347 500 456 532 fuerat
476 501 523 533 V.
545 500 587 532 ad
609 501 691 533 Diu.
719 501 785 541 15„
826 499 885 532 ubi
908 499 1070 532 edebatur
1092 507 1250 534 uetustus
1272 508 1323 535 est
1343 514 1460 542 amor,-
1495 514 1540 534 ex
1564 503 1632 534 suis
1656 504 1803 546 optumis
1824 503 1908 536 Msis
1930 503 2051 536 Uicto-

178 554 248 587 rius
269 553 416 586 restituit
437 560 594 587 uetustas
601 579 613 594 ‚
642 566 757 594 amor,
788 553 989 586 Graeuianis
1014 554 1296 597 adstipulantibus
1320 561 1353 587 et
1376 555 1506 586 duobus
1528 555 1686 596 Barber„
1720 556 1755 588 in
1779 568 1924 599 quorum
1948 557 2051 588 etium

179 608 287 639 altero
306 618 400 638 num.
427 607 519 638 1410.
542 606 668 649 legitur
689 620 771 640 nam
793 612 959 640 uetustas.
983 607 1242 639 GARATONJUS.
1288 608 1327 639 In
1349 609 1423 652 ipso
1442 608 1525 640 Bau.
1548 615 1764 642 uetustatum
1786 611 1961 649 anzicitia,
1991 611 2048 653 qui

180 661 282 693 etiam
305 673 382 693 cum
403 665 480 691 ante
502 659 584 691 haec
606 659 756 691 exhibet.
801 659 917 691 Codex
940 665 1098 702 optumus
1121 658 1194 692 Erf.
1219 659 1340 692 obtulit
1363 661 1530 702 Graeuio,
1567 674 1644 694 cum
1667 669 1840 702 uetustas,
1869 668 1943 697 tum
1960 657 2048 700 ann,-

179 724 249 745 non
271 713 379 752 male,
405 712 535 754 inquit3
563 724 662 755 quam
684 713 786 752 bene,
808 723 879 743 non
901 711 1082 745 intellexit.
1125 713 1247 754 Neque
1269 713 1346 756 plus
1368 714 1454 746 uidit
1475 715 1647 756 Ernestus,
1675 716 1733 757 qui
1755 716 1841 747 hanc
1854 716 2048 748 Tullianam

177 765 379 798 latinitatem
401 776 461 796 suo
484 765 522 796 in
546 765 679 808 egregio
702 765 810 796 indice
832 764 1077 809 praetermisit3
1103 764 1192 806 quod
1215 771 1327 798 tamen
1350 773 1383 798 et
1405 767 1528 799 Parcus
1551 775 1646 799 antea
1667 767 1791 800 fecerat
1813 775 1847 800 et
1870 768 1942 812 ipse
1961 770 2050 801 Ges-

177 831 302 858 nerus3
331 824 382 850 set
403 819 511 850 Faber
532 818 716 861 affligerat,
743 830 844 861 quem
866 825 999 851 secutus
1023 823 1072 850 est
1096 818 1124 849 F
1126 818 1318 851 orcellinus.
1362 821 1435 863 Ego
1459 820 1605 863 denique
1627 821 1750 853 similia
1771 821 1870 864 plura
1893 833 1936 853 ex
1959 823 2048 853 Tul-

176 872 224 903 lio
248 871 410 913 congessi.
454 872 557 903 Hunc
578 878 695 914 postea
716 878 1013 915 peropportunum
1036 872 1149 903 locum
1172 871 1289 902 inueni
1310 873 1373 904 XI.
1398 874 1506 916 Epist.
1529 885 1580 916 27.
1604 874 1646 905 ad
1667 873 1830 906 Matium:
1867 875 2047 915 Quantum

177 924 343 957 memoria
370 930 522 968 repetere
547 925 740 969 praeterita
754 936 917 968 possum,
956 931 1086 956 nemost
1108 924 1194 956 mihi
1223 930 1255 956 te
1276 926 1408 957 amicus
1439 927 1627 971 antiquior.
1671 927 1731 959 Sec
1760 933 1917 960 uetustas
1946 929 2047 962 habet

176 978 316 1021 aliquid
336 989 500 1009 conrnune
520 990 597 1009 cum
619 978 758 1016 multis,
780 989 877 1010 amor
898 989 965 1009 non
986 977 1096 1010 habet.
1137 977 1260 1009 Dilexi
1282 983 1314 1009 te
1337 990 1402 1022 quo
1426 980 1483 1011 die
1505 980 1669 1023 cognoui,
1702 992 1820 1023 meque
1841 993 1864 1012 α
1887 986 1919 1012 te
1941 982 2048 1025 diligi

177 1031 347 1064 indicaui.
395 1030 493 1062 Tuus
517 1030 639 1064 deinde
668 1031 837 1063 discessus
858 1047 900 1054 —
924 1036 958 1063 et
981 1032 1076 1063 uitae
1104 1030 1354 1062 dissimilitudo
1384 1044 1451 1064 non
1480 1038 1530 1064 est
1552 1045 1663 1076 passa
1686 1033 1883 1065 uoluntates
1909 1040 2047 1067 nostrae

176 1083 421 1115 consuetudine
444 1082 692 1126 conglutinari.
736 1083 798 1115 Est
825 1083 930 1126 igitur
953 1088 1109 1116 uetustas
1131 1082 1203 1125 ipsa
1224 1083 1385 1125 temporis
1412 1084 1603 1126 longitudo,
1643 1084 1732 1127 quod
1763 1085 1959 1117 inlustrauit
1980 1087 2047 1118 Pa-

174 1147 251 1168 reus
274 1135 394 1167 Lexic.
418 1134 491 1166 crit.
514 1146 548 1178 p.
575 1135 665 1178 1289.
674 1159 685 1176 ,
719 1147 804 1178 quae
825 1136 862 1167 in
883 1136 946 1168 hac
968 1148 1005 1167 re
1027 1136 1069 1167 ad
1090 1136 1237 1179 primam
1263 1136 1428 1168 amicitiae
1460 1138 1624 1180 originem
1652 1138 1816 1178 refertur,
1853 1149 1930 1169 cum
1955 1138 2046 1171 inter

173 1200 236 1220 nos
266 1188 413 1220 officiosa
444 1187 636 1229 cognitione
666 1189 918 1232 coniungimur,
951 1201 1056 1232 eaque
1084 1201 1153 1220 non
1185 1188 1288 1221 modo
1311 1189 1351 1220 ab
1376 1189 1538 1222 interiore
1562 1190 1710 1224 amicitia
1731 1197 1832 1234 atque
1853 1191 1893 1222 ab
1917 1202 2044 1233 amore,

173 1253 294 1273 uerum
314 1241 415 1273 etiam
440 1252 460 1272 a
481 1241 720 1274 consuetudine
741 1242 815 1285 ipsa
836 1242 1035 1285 seiungitur.
1080 1243 1341 1275 GARATONIUS.

260 1296 335 1329 Mei
357 1293 493 1339 fratris
523 1294 697 1338 conlegia)
743 1295 833 1337 Quia
855 1296 1010 1338 conlegae
1034 1295 1175 1329 suerunt
1201 1295 1235 1327 in
1259 1301 1435 1338 praemi-213
1468 1303 1546 1338 post
1567 1304 1762 1340 praeturam
1783 1304 1896 1330 autem
1918 1299 2044 1342 Uergi-

174 1349 239 1381 lius
262 1348 299 1379 in
323 1347 472 1382 Siciliam
498 1353 532 1379 et
554 1347 671 1379 eodem
693 1359 780 1380 anno
805 1349 848 1391 Q.
871 1349 989 1381 Cicero
1011 1348 1048 1380 in
1070 1348 1188 1381 Asiam
1211 1348 1383 1392 profectus
1406 1356 1464 1381 est.
1508 1351 1724 1382 MAerlt's.

263 1401 354 1434 Tum
376 1412 429 1433 res
445 1400 590 1444 publica
610 1402 775 1445 sociarat)
819 1402 1000 1434 Bauaricus
1031 1402 1079 1444 [et
1100 1401 1189 1444 Erf.]
1216 1414 1285 1433 uno
1310 1408 1357 1435 est
1382 1403 1488 1435 uerbo
1511 1404 1558 1435 sic
1580 1403 1725 1444 auctior,
1760 1410 1833 1437 tum
1856 1406 1907 1438 rei
1923 1406 2043 1450 publi-

173 1466 233 1488 cae
255 1466 378 1487 caussa
400 1454 563 1487 sociarat.
608 1454 708 1495 Quod
732 1455 794 1486 etsi
815 1454 1040 1486 necessarium
1063 1466 1133 1486 non
1155 1460 1220 1495 est,
1249 1467 1326 1488 cum
1348 1462 1528 1499 optumum
1550 1456 1608 1496 sit,
1641 1469 1694 1489 res
1711 1458 1855 1501 publica
1877 1460 2042 1498 sociarat,

150 1534 153 1535 γ
172 1515 210 1540 ut
234 1518 295 1550 pro
318 1506 395 1539 Mil.
418 1517 446 1537 e.
470 1507 500 1539 8.
533 1519 588 1539 res
603 1506 748 1550 publica
770 1520 831 1540 nos
853 1508 1032 1541 coniunxit
1055 1520 1132 1541 cum
1154 1508 1266 1548 bonis,
1294 1515 1529 1541 uerumtamen
1551 1510 1750 1542 Tullianum
1774 1511 1913 1543 omnino
1937 1518 1987 1543 est
2009 1518 2043 1544 et

172 1559 390 1603 sequentibus
414 1566 687 1600 censentaneum,
722 1561 874 1594 eiusdem
898 1561 1030 1595 tribuni
1048 1562 1099 1606 pl.
1121 1562 1334 1595 contionibus
1361 1568 1503 1606 propter
1525 1564 1666 1596 eandem
1689 1564 1740 1596 rei
1755 1564 1919 1608 publicae
1941 1577 2042 1597 caus-

172 1627 248 1648 sam
277 1625 377 1657 saepe
405 1618 562 1647 uexatus.
603 1613 862 1647 GARATONIUS.
908 1614 1141 1657 Optumorum
1162 1615 1314 1647 codicum
1344 1616 1544 1658 scripturam
1570 1627 1609 1647 eo
1631 1616 1742 1648 minus
1765 1617 1917 1659 recipere
1941 1619 2043 1649 dubi-

172 1668 259 1708 taui,
300 1678 366 1709 quo
391 1666 599 1707 aequaliora,
637 1678 721 1709 quae
741 1667 805 1698 sibi
827 1667 980 1710 opposita
1004 1674 1097 1707 sunt,
1136 1668 1306 1708 membra,
1338 1669 1406 1701 mei
1417 1668 1553 1712 fratris
1576 1670 1733 1712 conlegia
1755 1675 1789 1700 et
1811 1671 1863 1702 rei
1878 1671 2041 1715 publicae

171 1732 296 1755 caussa
319 1718 478 1751 existunt.
522 1719 682 1759 Accedit,
706 1719 814 1762 quod,
842 1720 1009 1762 quomodo
1032 1732 1157 1752 nomen
1180 1734 1302 1754 caussa
1326 1720 1504 1760 exciderit,
1532 1720 1662 1754 facilius
1686 1723 1908 1766 intellegitur,
1939 1736 2040 1767 quam

171 1772 338 1817 quomodo
361 1771 402 1802 ab
424 1771 611 1815 interprete
636 1773 714 1804 addi
735 1773 896 1816 potuerit.
939 1773 1027 1806 Uide
1049 1773 1150 1806 etiam
1171 1774 1301 1817 Proleg.
1325 1776 1367 1807 L.
1391 1774 1433 1805 II.
1461 1774 1499 1805 C.
1522 1774 1548 1804 Ι.
1573 1774 1602 1815 §.
1626 1774 1656 1806 8.
1679 1786 1714 1817 p.
1736 1775 1804 1807 XL
1824 1788 1914 1819 sqq..

257 1826 288 1867 ς.
321 1824 372 1867 96.
417 1823 513 1864 Quid
544 1826 681 1860 dicam?
725 1826 760 1860 C.
794 1826 971 1870 Uergilz'O,
1005 1827 1071 1859 tali
1098 1828 1169 1859 ciui
1200 1833 1233 1860 et
1260 1829 1337 1860 uiro
1359 1844 1401 1851 —
1421 1826 1536 1871 fidem
1562 1826 1727 1872 defuisse)
1770 1828 1958 1863 Priscianus
1988 1832 2038 1863 ed.

169 1879 305 1913 Putsch.
328 1889 363 1920 p.
392 1877 463 1918 766.
486 1877 533 1909 ita
555 1877 644 1909 hunc
666 1879 779 1911 locum
801 1879 900 1912 citat:
939 1881 1036 1920 Quid
1055 1882 1170 1915 dicam
1199 1882 1241 1914 de
1262 1881 1298 1915 C.
1328 1880 1500 1923 Uirgilio,
1538 1881 1604 1914 tali
1625 1882 1696 1913 ciui
1718 1887 1750 1913 et
1775 1883 1878 1915 uiro?
1922 1884 2039 1927 Atque

169 1933 216 1966 ita
237 1932 349 1975 ipsum
370 1929 490 1972 legisse
511 1930 589 1962 illut
612 1931 769 1972 ostendit,
792 1932 881 1974 quod
902 1933 1041 1965 ablatiui
1063 1934 1334 1966 terminationem
1356 1933 1490 1976 putauit
1512 1933 1567 1964 hic
1590 1945 1670 1974 esse,
1694 1936 1760 1967 tali
1781 1936 1863 1969 ciui.
1907 1937 1943 1968 Si
1958 1950 2038 1970 usus

168 1992 220 2019 est
243 1984 373 2023 codice,
407 1993 476 2015 non
509 1995 587 2016 eum
618 1984 734 2017 ceteris
761 1986 916 2018 omnibus
941 1986 1203 2029 praeferendum
1232 1999 1302 2020 esse
1328 1987 1400 2018 ullo
1430 1986 1530 2019 modo
1556 1988 1770 2031 putauerim3
1810 1989 1838 2022 si
1861 1992 2036 2032 memoria,

167 2038 313 2072 nimium
335 2046 413 2068 sane
436 2035 477 2067 ab
500 2035 559 2068 illa
580 2036 646 2069 fuit
667 2038 834 2081 deceptus.
880 2040 1139 2072 GARATONIUS.

251 2089 325 2124 Iter
346 2102 369 2122 a
397 2089 526 2123 Uibone
546 2090 791 2124 Brundusium
814 2098 908 2124 terra
923 2098 1043 2135 petere
1066 2094 1237 2137 contendi)
1280 2095 1319 2126 In
1342 2093 1408 2126 hoc
1426 2092 1502 2123 loco
1525 2092 1697 2125 neminem
1719 2093 1865 2127 haesisse
1886 2097 2034 2139 repperi.

167 2145 240 2187 Ego
266 2148 379 2174 autem
401 2154 535 2186 semper
556 2144 660 2176 haesi.
703 2145 778 2177 Iter
801 2150 895 2177 terra
911 2151 1031 2188 petere
1054 2146 1193 2189 aliquo,
1230 2146 1336 2189 qualis
1366 2145 1476 2177 forma
1505 2146 1661 2179 dicendi?
1706 2147 1853 2180 Uidetur
1877 2149 1944 2181 iter
1974 2149 2034 2180 de-

166 2196 315 2230 lendum.
358 2195 446 2228 Mox
467 2207 496 2229 c.
511 2200 564 2233 41.
580 2203 630 2230 est
650 2198 913 2241 Dyrrhachium
929 2204 1047 2241 petere
1069 2200 1236 2234 contendi.
1259 2200 1484 2231 ERNESTIUS.
1528 2199 1691 2232 Abundat
1711 2201 1766 2232 hic
1787 2200 1940 2244 profecto
1962 2214 2033 2235 uox

167 2251 254 2283 iter.-
288 2248 366 2280 satis
397 2249 488 2281 enim
516 2256 588 2283 erat
616 2250 746 2290 dicere,
785 2263 808 2283 α
839 2250 967 2283 Uibone
988 2251 1233 2285 Brundusium
1264 2259 1357 2286 terra
1384 2258 1500 2296 petere
1528 2254 1705 2293 contendi,
1740 2260 1778 2285 ut
1807 2265 1890 2285 mox
1923 2266 1950 2286 c.
1979 2256 2031 2287 41.

148 2302 298 2346 ‘Dyrrln
321 2307 441 2345 petere
468 2304 636 2336 contendi.
678 2303 902 2346 Pantagathus
931 2304 1053 2346 igitur,
1090 2310 1129 2335 ut
1157 2306 1309 2337 narrauit
1331 2305 1492 2345 Ursinus,
1529 2306 1741 2345 emendabat,
1780 2312 1874 2339 terra
1904 2308 2033 2341 Uibone

166 2354 409 2388 Brundusium
426 2361 543 2398 petere
565 2357 723 2389 contendi
730 2369 743 2396 ‚-
784 2367 905 2387 uocem
927 2357 994 2389 iter
1016 2357 1145 2390 delebat
1166 2359 1339 2390 Ernestus.
1385 2359 1443 2390 Set
1464 2359 1598 2391 nullum
1620 2371 1691 2391 esse
1712 2359 1768 2390 hic
1802 2360 2031 2392 emendationi

166 2406 280 2438 locum
303 2408 448 2440 ostendit
469 2409 524 2440 uir
545 2408 696 2442 doctrina
718 2415 752 2441 et
771 2408 897 2441 iudicio
918 2421 1099 2444 maxumus
1121 2411 1347 2443 Ruhnkenius
1370 2410 1412 2442 ad
1438 2412 1528 2444 Uell.
1554 2413 1605 2451 ΙΙ,
1634 2412 1705 2451 82„
1741 2412 1799 2454 qui
1822 2413 1936 2447 docet.
1965 2425 2030 2458 pe-

166 2465 237 2494 tere
257 2460 324 2492 iter
345 2460 386 2492 ab
409 2461 557 2504 optumis
580 2461 770 2494 auctoribus
796 2462 899 2494 fuisse
920 2462 1098 2505 aliquando
1122 2470 1339 2507 usurpatum3
1363 2475 1381 2495 a
1399 2464 1501 2496 Liuio
1525 2465 1662 2505 XLIV,
1688 2476 1717 2498 2.
1744 2466 1836 2509 quod
1852 2467 1919 2498 iter
1935 2466 2030 2511 peti-
