2185 2720
142 190 195 217 236
784 178 1356 214 COMMENTARIUS.

142 259 272 292 tionem
300 256 336 290 in
364 256 511 290 hominis
542 256 690 291 eiusdem
719 257 859 291 nomine
884 264 1036 291 secutum
1066 269 1137 291 esse
1166 257 1385 290 Plutarchum
1414 256 1571 291 uidimus.
1618 257 1747 289 Graeca
1778 258 1878 292 etiam
1911 265 2002 291 extat

146 317 230 355 aput
258 310 485 343 Muratorium
514 309 688 353 inscriptio
716 323 750 354 p.
774 311 894 344 MXII.
924 311 956 344 4.
977 312 1014 345 C.
1039 312 1196 354 Uergilio
1218 310 1253 343 C.
1273 311 1317 344 F.
1337 311 1448 344 Balbo
1474 311 1510 343 in
1533 310 1647 343 Sicilia
1671 312 1838 352 quaestori
1865 312 1905 343 ab
1928 313 2003 344 Ha·-

145 363 280 396 laesinis
303 362 421 406 posita,
446 373 546 404 quam
567 364 695 395 rettulit
717 364 891 396 Castellius
917 364 1019 396 Inscr.
1043 364 1133 396 Sicil.
1156 374 1191 406 p.
1213 364 1277 406 59.‚
1299 364 1382 396 haut
1403 370 1516 396 tamen
1537 375 1581 395 ex
1603 364 1677 407 ipso
1701 375 1881 396 marmore.
1924 366 2003 407 Quo

146 416 201 455 fit,
225 422 263 447 ut
284 414 480 454 articulum,
507 414 564 457 qui
586 415 659 447 addi
681 416 808 450 solebat
829 428 848 448 a
870 416 1011 457 Siculis,
1044 408 1287 448 describentem
1315 416 1467 448 omisisse
1488 422 1623 459 putem3
1654 416 1851 460 praesertim
1873 428 1949 448 cum
1969 417 2007 450 in

146 470 252 501 altera
272 467 532 500 Halaesinorum
554 467 657 500 simili
679 474 760 511 aput
783 469 928 501 eundem
948 480 983 513 p.
1005 469 1057 501 48.
1080 469 1225 510 legatur,
1257 469 1299 501 Ο.
1320 469 1500 507 AAMOJJ.
1544 470 1600 501 Ex
1629 481 1667 501 ea
1690 480 1875 512 cognomen
1905 469 2006 501 huius

146 521 254 564 gentis
285 519 443 553 discimus
465 520 625 560 Balbum,
653 521 808 564 ignotum
831 522 1038 565 Glandorpio
1061 528 1094 553 et
1116 519 1235 562 Pighio
1266 520 1309 552 Τ.
1333 521 1395 552 III.
1417 521 1544 554 Annal.
1569 533 1606 564 p.
1629 523 1720 555 215..
1762 524 1884 564 Neque
1907 521 2009 554 dubi-

145 573 285 605 tandum
314 572 471 611 uidetur,
504 573 586 614 quin
607 574 647 604 ad
669 574 754 605 hanc
778 575 884 617 ipsam
906 574 1109 618 praetoriam
1132 572 1297 607 familiam
1326 572 1499 620 inscriptio
1522 574 1704 606 Halaesina
1726 574 1904 617 pertineat.
1947 575 2008 608 An

146 637 227 657 uero
251 625 289 655 ad
311 625 421 664 hunc,
456 625 514 667 qui
537 637 585 656 ex
607 633 765 668 praetura
794 627 927 659 Siciliae
954 627 1101 671 praefuit
1128 632 1162 658 et
1187 631 1278 656 certe
1306 626 1415 668 potuit
1444 626 1584 658 eandem
1607 626 1790 658 obtinuisse
1819 634 1915 659 antea
1941 639 2007 671 pro

147 683 339 720 quaestore,
362 677 426 708 hoc
450 677 620 710 Ciceronis
643 679 804 721 producto
826 680 901 711 loco
925 680 979 712 uir
999 680 1058 712 ille
1080 678 1317 721 amplissumus
1338 685 1434 710 caute
1455 685 1608 722 recteque
1622 679 1763 711 dubitat.
1806 680 1912 712 Filius
1934 679 2010 711 for·

147 736 233 761 tasse
257 728 323 760 fuit
346 729 463 764 eodem
487 732 725 772 praenomine,
748 739 787 764 ut
808 743 906 775 saepe
928 732 1043 771 fiebat,
1066 737 1155 762 certe
1177 742 1259 762 uero
1281 731 1415 773 gentilis
1438 730 1538 762 illius.
1581 732 1635 764 De
1656 743 1737 763 uera
1759 732 1901 775 denique
1925 731 2010 764 scri-

146 782 264 825 ptione
287 781 434 813 nominis
458 783 660 815 contendere
680 785 726 819 ita
746 785 864 824 nolim,
886 790 925 817 ut
946 784 983 816 in
1004 784 1041 815 P.
1058 783 1204 826 Uirgilio
1226 789 1325 825 poeta
1346 782 1434 815 inter
1456 783 1547 815 uiros
1569 783 1785 816 doctissumus
1806 784 1931 816 factum
1947 790 2008 826 est,

148 845 250 877 quem
287 834 485 877 Uergilium
514 836 663 878 appellat
691 837 796 869 codex
824 837 897 880 ipse
924 836 1103 869 Mediceus.
1147 836 1253 868 Erant
1285 835 1402 867 inore
1431 836 1584 867 omnium
1610 837 1755 880 uirgae3
1789 843 1884 869 erant
1905 837 2008 869 etiam

154 887 335 930 Uergiliae
358 887 399 918 de
423 888 528 919 Tauri
551 888 678 927 sidere3
715 889 780 921 hoc
803 900 970 932 proxume
991 887 1137 927 accedit,
1165 894 1216 920 set
1239 894 1306 919 tam
1328 889 1475 921 nominis
1497 889 1695 921 adsciscendi
1718 901 1829 921 caussa
1852 900 1922 921 esse
1940 901 2008 932 po-

148 939 213 971 tuit
236 950 335 981 quam
358 941 604 984 corrumpendi.
648 943 765 976 Unum
787 942 851 975 hoc
874 942 967 981 dico,
1005 953 1083 973 cum
1104 940 1189 973 nihil
1215 941 1265 972 his
1286 941 1479 973 hominibus
1509 953 1585 973 cum
1604 943 1641 973 P.
1663 943 1806 975 Marone
1827 942 1930 974 fuisse
1952 942 2009 973 ui·-

149 992 283 1030 deatur,
308 992 470 1024 uarietate
491 1005 625 1036 quoque
647 994 793 1026 nominis
816 994 965 1037 potuisse
987 992 1156 1035 distingui.
1200 993 1267 1024 Hic
1289 999 1402 1024 autem
1423 1001 1568 1036 praetor,
1601 994 1672 1026 siue
1701 995 1896 1038 Uirgilius,
1924 994 2008 1033 siue,

151 1051 191 1077 ut
212 1044 327 1075 suadet
351 1044 544 1088 inscriptio,
574 1046 755 1090 Uergilius
776 1060 845 1087 me,
872 1047 919 1081 ait
941 1045 1074 1085 Cicero,
1106 1045 1146 1079 in
1174 1046 1332 1080 Siciliam
1360 1047 1478 1079 uenire
1506 1047 1629 1083 noluit.
1673 1047 1712 1079 Id
1734 1059 1801 1078 non
1825 1059 1888 1090 pro
1909 1047 2011 1090 inpe-

150 1098 222 1135 rio,
246 1103 294 1128 set
316 1097 436 1129 litteris
459 1098 601 1130 comiter
623 1100 815 1142 urbaneque
837 1099 986 1143 scriptis,
1018 1110 1094 1133 cum
1115 1097 1256 1141 sortasse
1280 1099 1397 1131 Cicero
1420 1098 1460 1130 ad
1483 1110 1560 1130 eum
1582 1100 1768 1143 scripsisset
1790 1101 1899 1143 prior,
1929 1111 2010 1132 eum

153 1149 354 1192 significasse
377 1150 539 1189 arbitror3
575 1163 654 1193 quas
678 1152 811 1194 quidem
834 1153 1004 1186 Uibonem
1026 1151 1065 1183 ad
1087 1151 1136 1183 M.
1160 1150 1314 1183 Tullium
1336 1151 1465 1183 misisse
1489 1157 1628 1184 testatur
1656 1152 1692 1183 in
1714 1152 1813 1184 huius
1835 1152 1906 1183 uita
1926 1152 2011 1183 Plu-

149 1203 283 1235 tarchus
306 1213 333 1233 c,
353 1202 424 1236 52..
468 1203 597 1235 Habuit
619 1204 674 1236 hic
695 1205 729 1236 in
748 1212 904 1248 praetura
927 1205 1099 1247 conlegam
1119 1215 1187 1235 non
1209 1204 1311 1235 modo
1336 1204 1378 1245 Q.
1405 1204 1612 1243 Ciceronem,
1637 1204 1772 1246 quicum
1794 1204 1898 1236 alium
1921 1216 2010 1247 quo-

151 1268 215 1299 que
239 1256 469 1297 magistratum
491 1257 629 1298 gessisse
651 1264 747 1291 antea
772 1270 814 1290 ex
837 1258 877 1292 iis
901 1258 1032 1298 uerbis,
1065 1258 1134 1291 mei
1146 1256 1281 1300 fratris·
1302 1256 1475 1299 conlegia,
1506 1257 1632 1300 plurali
1654 1268 1797 1288 numero
1823 1257 2010 1300 suspicatur

152 1308 289 1351 Pighius
313 1308 335 1339 1.
359 1308 382 1339 l.
407 1319 441 1350 p.
465 1308 553 1351 529„
579 1322 700 1344 uerum
722 1311 823 1343 etiam
847 1311 884 1343 C.
907 1311 1096 1344 Caesarem,
1139 1310 1221 1341 Erat
1245 1320 1322 1351 ergo
1347 1309 1377 1340 ei
1400 1320 1475 1340 cum
1499 1311 1650 1349 Caesare,
1676 1309 1734 1351 qui
1756 1315 1829 1341 tum
1852 1309 2010 1342 Ciceroni

150 1372 310 1394 maxume
331 1360 580 1402 aduersabatur,
607 1363 723 1395 eadem
745 1364 952 1396 necessitudo
977 1362 1115 1404 conlegi.
1159 1362 1240 1395 Alia
1262 1373 1305 1393 ex
1319 1362 1382 1393 hoc
1402 1362 1476 1393 loco
1501 1361 1543 1392 ad
1557 1361 1741 1404 Uirgilium
1765 1361 2008 1394 excussandum

154 1413 300 1455 conlegit
315 1413 402 1445 idem
417 1414 554 1455 Pighius
571 1426 605 1457 p.
622 1415 694 1448 566.
708 1439 716 1447 .
742 1417 1000 1448 GARATONIUS.
1047 1415 1133 1446 Cum
1154 1414 1318 1457 scriptura
1336 1415 1472 1459 Uirgili
1487 1420 1615 1447 tantum
1635 1415 1671 1446 in
1685 1415 1890 1446 deteriorum
1910 1415 2007 1447 codi-

150 1479 227 1498 cum
246 1466 351 1497 classe
372 1466 569 1509 reperiatur,
592 1474 709 1499 contra
731 1469 869 1513 Uergili
891 1475 923 1502 et
945 1467 1154 1506 Plutarchus,
1183 1473 1214 1500 et
1235 1468 1478 1510 inscriptiones,
1505 1473 1538 1498 et
1556 1467 1791 1509 antiquissumi
1809 1467 2008 1509 optumique

150 1520 230 1552 libri
252 1526 325 1553 tum
349 1519 503 1550 hocloco
526 1526 599 1556 tum
618 1521 699 1553 alibi
721 1527 888 1561 tueantur,
914 1520 1065 1564 profecto
1087 1526 1163 1552 utra
1181 1519 1398 1562 praeferenda
1420 1520 1473 1559 sit,
1499 1520 1642 1553 dubitari
1664 1519 1790 1561 nequit.
1833 1519 1887 1550 Sic
1909 1519 2009 1551 etiam

154 1565 316 1615 interpres
341 1571 502 1604 Ambros.
531 1572 572 1603 ad
594 1585 645 1604 or.
668 1573 704 1606 in
730 1574 766 1607 P.
791 1574 946 1608 Clodium
970 1579 1003 1605 et
1020 1573 1203 1606 Curionem
1225 1585 1259 1616 p.
1283 1584 1333 1615 72,
1357 1573 1409 1604 ed.
1432 1573 1513 1605 Mai.
1537 1573 1571 1605 C.
1595 1572 1751 1616 Uergilio
1771 1571 1897 1605 scribit.
1938 1572 2023 1604 Mi-·

151 1637 284 1667 rol-que,
309 1625 531 1658 Garatonium
550 1626 722 1668 ambigere
743 1627 902 1669 potuisse,
924 1633 1039 1660 utrum
1062 1626 1236 1670 Uirgilius
1253 1638 1296 1658 an
1317 1626 1497 1671 Uergilius
1519 1631 1616 1668 poeta
1628 1625 1878 1657 celeberrumus
1900 1636 1919 1657 a
1933 1625 2008 1657 Ro-

151 1679 258 1709 manis
282 1677 386 1711 dictus
409 1684 506 1710 esset.

237 1731 392 1770 Quocum
412 1743 466 1763 me
491 1744 558 1767 uno
580 1733 638 1765 uel
664 1733 835 1777 maxume)
878 1733 968 1767 Uide
998 1734 1040 1766 de
1061 1734 1125 1766 hoc
1146 1745 1209 1766 usu
1231 1732 1377 1764 nominis
1400 1744 1488 1765 unus
1515 1730 1727 1774 superlatiuis
1749 1729 1894 1763 adiuncti
1922 1740 2008 1771 quae

153 1783 281 1816 monita
305 1789 383 1814 sunt
407 1783 450 1814 ad
474 1785 511 1817 C.
533 1786 629 1817 XLI.
654 1787 683 1828 §.
706 1797 756 1828 97.
781 1800 886 1819 unam
908 1788 994 1822 mihi
1015 1789 1280 1820 amicissumam.

239 1835 323 1869 Cum
346 1843 484 1870 uetusta
505 1839 674 1878 amicitia,
700 1845 773 1872 tum
794 1841 861 1874 mei
873 1838 1007 1883 fratris
1030 1842 1197 1884 conlegia,
1223 1845 1297 1871 tum
1319 1849 1372 1870 res
1387 1837 1531 1881 publica
1549 1835 1716 1872 sociarat)
1762 1836 1816 1868 Sic
1837 1841 1914 1867 ante
1937 1836 2009 1868 Ga-

153 1889 324 1922 ratonium
348 1888 490 1922 editores
512 1892 714 1925 recentiores
738 1904 852 1923 omnes
875 1892 1093 1935 scripserunt.
1137 1891 1232 1931 „Erfi
1256 1904 1333 1924 cum
1354 1896 1521 1929 uetustas,
1543 1895 1617 1922 tum
1641 1890 1808 1928 amicitia,
1831 1901 1911 1921 cum
1922 1888 2009 1932 fra-

155 1943 220 1975 tris
241 1942 398 1984 collegia,
421 1948 494 1977 tum
518 1950 598 1975 etc.=
623 1956 692 1976 non
713 1945 840 1977 male.“
866 1945 1072 1977 GRAEUIUS.
1115 1944 1224 1978 Immo
1246 1944 1348 1986 longe
1367 1947 1506 1984 optuma
1527 1947 1560 1972 et
1581 1953 1740 1973 maxume
1763 1942 1921 1973 Tulliana
1941 1943 2010 1974 Er-

152 1994 310 2027 suriensis
341 2000 390 2025 est
418 1995 529 2028 lectio.
576 1997 660 2039 Quis
691 1998 816 2028 etenim
838 1996 958 2035 nescit,
990 1996 1036 2028 ita
1058 1996 1153 2038 loqui
1174 2008 1273 2039 saepe
1294 1996 1492 2027 Ciceronem
1518 1994 1554 2026 in
1577 1995 1727 2037 epistulis
1756 1994 1795 2025 ad
1819 1995 2009 2027 Diuersus?

153 2048 208 2086 V,
235 2048 300 2078 15.:
329 2048 455 2080 Tecum
476 2050 595 2082 uiuere
612 2062 747 2094 possem
769 2051 923 2093 equidem
945 2055 977 2081 et
995 2061 1156 2085 maxume
1179 2049 1322 2087 uellem9·
1346 2053 1520 2086 uetustas,
1541 2060 1655 2086 amor,
1677 2048 1901 2087 consuetudo,
1931 2053 2009 2080 stu-

155 2101 215 2133 clia
234 2101 339 2144 paria
362 2107 442 2139 etc-3
472 2101 524 2142 X,
552 2114 619 2134 10.:
647 2103 707 2135 Ad
728 2115 784 2134 eas
808 2103 898 2134 enim
919 2114 1075 2142 caussas,
1105 2102 1228 2146 quibus
1249 2102 1340 2133 inter
1361 2111 1421 2131 nos
1441 2111 1556 2131 amore
1573 2112 1709 2139 sumus,
1738 2112 1755 2131 o
1783 2100 1877 2138 reiis,
1907 2105 2008 2132 uetu-

155 2159 244 2185 state
267 2153 458 2192 coniuncti,
483 2156 622 2197 patriae
643 2156 773 2187 caritas
794 2155 966 2193 accessit-‚-
994 2155 1062 2195 XI,
1088 2156 1156 2187 16.:
1188 2154 1233 2186 L.
1255 2153 1384 2186 Lamia
1403 2158 1607 2196 praeturam
1622 2153 1732 2196 petit5
1760 2154 1822 2185 lzoc
1843 2163 1906 2195 ego
1927 2157 2007 2184 utor

155 2218 222 2239 uno
246 2206 397 2237 omnium
416 2206 636 2250 plurumume
658 2219 787 2250 magna
810 2213 981 2246 uetustas,
1002 2219 1131 2251 magna
1150 2206 1358 2241 consuetudo
1379 2206 1588 2246 iaterceclit.5
1609 2205 1706 2245 XIII,
1728 2205 1797 2237 52.z
1821 2204 1880 2237 Set
1903 2204 2007 2236 uelim

156 2259 206 2289 sic
229 2258 429 2296 existumes,
449 2259 537 2290 lianc
549 2259 733 2302 familiam
755 2266 788 2292 et
808 2260 867 2292 llos
891 2260 978 2292 milii
998 2272 1156 2292 maxume
1181 2271 1251 2291 esse
1271 2259 1466 2291 coniunctos
1489 2263 1678 2296 uetustate,
1703 2257 1842 2301 officiis,
1863 2257 2007 2289 beneuo-

155 2311 273 2342 lentia.
317 2310 471 2349 Accedit,
513 2312 600 2352 quod
629 2313 726 2344 huius
758 2311 910 2354 egregiae
932 2312 1083 2345 lectionis
1106 2312 1244 2353 uestigia
1267 2316 1447 2353 supersunt
1473 2310 1510 2341 in
1530 2322 1606 2341 meo
1629 2310 1719 2350 cod.,
1756 2311 1792 2342 in
1814 2320 1879 2351 quo
1907 2308 2008 2340 etiam

157 2376 235 2400 cum
253 2363 320 2394 mei
331 2362 386 2405 fr.
409 2376 455 2401 c.,
484 2362 521 2394 in
543 2364 595 2396 ed.
618 2366 740 2406 Rom,
773 2370 803 2395 et
824 2354 858 2395 in
882 2370 1021 2406 utraque
1044 2366 1131 2397 Uen.
1155 2363 1391 2395 exhibentibus
1415 2368 1488 2398 tum
1509 2368 1724 2398 uetustatum
1743 2361 1917 2400 amicitia,
1951 2372 2008 2393 ea-

157 2427 223 2459 que
250 2421 319 2446 tam
348 2422 479 2458 aperta,
513 2423 551 2448 ut
572 2418 722 2449 litterula
753 2429 819 2449 una
849 2417 998 2459 perierit.
1043 2416 1136 2459 Quin
1159 2416 1259 2449 etiam
1287 2416 1404 2448 eadem
1428 2421 1523 2447 erant
1549 2415 1586 2449 in.
1606 2415 1679 2449 cod.
1702 2415 1837 2449 Barber.
1859 2414 2008 2457 uestigia,

158 2469 195 2500 in
218 2479 284 2511 quo
305 2467 448 2499 alterum
469 2468 547 2502 illut
569 2476 643 2503 tum
664 2476 741 2502 ante
763 2481 882 2502 uocem
904 2470 1060 2503 amicitia
1083 2481 1215 2502 erasum
1237 2470 1283 2502 ita
1304 2468 1380 2509 fuit,
1406 2475 1444 2501 ut
1457 2475 1569 2502 tamen
1589 2473 1764 2512 appareat3
1787 2473 1819 2498 et
1841 2466 1923 2497 duae
1944 2477 2008 2509 po-
