2185 2720
785 103 890 133 CAP.
929 103 1058 133 XXIV.
1084 100 1113 141 §.
1135 106 1180 134 58-
1215 116 1252 124 ·—
1271 103 1382 133 XXV.
1410 102 1437 144 ς.
1463 110 1509 137 so.
2042 115 2094 142 159

170 218 173 221 ¹
282 178 321 212 A
339 179 424 211 Ioue
448 177 558 221 ortas)
602 178 728 211 Atreus
753 178 907 218 fortasse,
930 177 1022 209 Iouis
1044 188 1224 220 pronep05.
1269 178 1351 209 Ioue
1375 178 1467 210 enim
1490 179 1668 219 Tantalus,
1697 181 1839 213 Tantalo
1863 182 2001 226 Pelops,
2029 184 2094 215 Pe-

197 231 276 274 lope
302 232 426 264 Atreus
451 238 618 271 natusest,
643 243 745 274 quem
769 238 888 274 poetae
910 231 1085 263 scelestum
1111 236 1209 272 atque
1224 230 1359 274 inpium
1381 230 1528 274 fingunt5
1552 232 1710 265 historiae
1734 235 1871 278 ingenio
1896 237 2094 268 excelluisse

196 290 229 316 et
250 284 330 316 solis
353 284 507 328 eclipsim
531 284 738 328 praedixisse
759 291 905 317 narrant.
937 285 1154 317 MANUTIUS.

282 338 392 371 Nosti
414 344 537 371 cetera.
581 337 748 380 NonneP)
791 338 916 380 Magna
947 348 1024 368 cum
1054 334 1232 367 acerbitate
1262 335 1345 367 haec
1372 335 1477 368 uerba
1499 336 1583 369 dicta
1605 345 1692 371 sunt.
1736 340 1807 371 Iam
1832 340 1923 371 enim
1948 341 1987 372 ad
2011 343 2093 373 Cas—

196 390 285 422 sium
307 390 477 433 pertinere
498 390 572 423 Atti
594 390 654 421 illa
675 391 797 430 uerba,
832 402 917 434 quae
938 396 1014 434 post
1040 390 1136 422 bonis
1159 389 1398 431 sequebantur,
1432 390 1490 429 iel,
1526 392 1617 434 qaod
1639 393 1743 424 multi
1765 394 1948 426 imziclecmt
1969 396 2093 427 multi-

197 456 262 488 que
285 450 466 487 expetant,
496 444 671 476 inscitiast
693 445 900 482 Postulare,
926 443 959 475 si
981 442 1132 474 laborem
1155 454 1290 474 summa
1313 455 1391 474 cum
1414 455 1499 475 cura
1522 443 1655 486 efferas
1678 446 1849 485 ZVullnm,
1881 453 1964 479 tecte
1986 448 2091 491 signi-

194 496 287 537 ficat,
311 508 388 528 cum
409 496 445 527 in
467 495 736 529 antecedentibus
758 503 888 529 tantum
913 508 949 527 se
971 496 1041 528 filio
1068 506 1128 526 suo
1151 505 1207 532 ea,
1235 506 1320 536 quae
1342 495 1456 527 Attius
1477 496 1660 539 scripserit,
1690 499 1798 530 solere
1823 501 2017 544 praecipere
2040 501 2092 533 di-

194 550 309 582 Xisset.
354 549 498 592 Egregie
520 549 621 592 igitur
646 550 738 582 Cassi
760 550 929 590 animum,
954 561 973 581 a
998 560 1066 592 quo
1088 546 1255 579 lacessitus
1279 548 1578 592 interrogatusque,
1602 557 1715 582 utrum
1739 553 1802 583 sibi
1828 559 1967 595 putaret,
1994 555 2091 597 equi-

194 602 236 634 tis
258 603 301 634 R.
326 601 414 642 filio,
447 602 637 634 faciliorem
660 602 765 634 fuisse
786 603 826 634 ad
849 601 1076 646 adipiscendos
1098 601 1245 633 honores
1267 600 1377 641 uiam,
1414 613 1457 633 an
1479 602 1628 634 futuram
1653 615 1722 635 esse
1746 605 1816 636 filio
1840 618 1919 646 suo,
1957 607 2014 649 qui
2038 607 2091 638 fa-

193 655 289 687 milia
311 655 479 687 consulari
502 661 604 695 esset,
630 657 789 699 repungit
811 657 874 695 ita,
898 662 934 687 ut
955 657 1192 693 Laterensem,
1224 664 1323 696 quem
1347 661 1485 698 propter
1507 656 1614 687 solam
1636 658 1804 690 maiorum
1827 671 1966 690 suorum
1990 660 2090 691 nobi-

192 707 321 739 litatem
342 707 382 739 ad
405 720 554 740 summos
577 709 724 741 honores
747 710 847 741 euehi
870 709 1021 740 debuisse
1043 706 1259 749 significarat,
1294 708 1454 740 stultitiae
1473 716 1645 751 coarguat,
1679 722 1772 750 cum,
1806 713 2089 753 quemadmodum

191 767 291 803 poeta
313 761 417 801 dicat,
454 761 585 793 inscitia
606 762 648 794 sit
669 762 720 801 id,
758 762 847 805 quod
866 761 965 793 multi
988 767 1164 804 expetant,
1197 761 1386 802 postulare,
1421 762 1448 793 si
1473 762 1608 795 nullum
1630 763 1781 795 laborem
1806 765 1941 797 ecferas.
1989 767 2089 799 Cete-

190 825 268 846 rum
291 814 367 845 uide
391 825 476 856 quae
499 815 539 846 de
562 815 723 857 scriptura
747 815 848 847 huius
870 814 936 846 loci
960 814 1091 856 Prolcg.
1115 814 1156 845 L.
1179 813 1222 844 II·
1248 814 1286 845 C.
1310 814 1353 845 II.
1377 826 1410 857 p.
1435 815 1519 847 LVI
1542 827 1615 858 sqq.
1638 817 1845 849 monuimus.

277 867 412 900 Grauis
442 873 475 899 et
504 867 720 912 ingeniosus)
764 868 876 910 Uolgo
913 867 1002 898 male
1032 868 1092 900 ille
1121 873 1197 911 post
1221 868 1349 910 grauis
1379 867 1519 900 additur.
1565 869 1652 902 Uide
1681 870 1814 913 Proleg-
1846 872 1889 903 L.
1917 871 1961 902 II.
1991 872 2028 904 C.
2059 873 2086 904 I.

192 920 223 962 §.
247 920 278 952 6.
301 932 336 963 p.
359 920 552 952 XXXIII..

275 973 400 1014 Poeta)
442 972 568 1004 Attius.
614 973 687 1005 Csr.
713 973 916 1005 Garatonius
944 972 983 1004 ad
1014 984 1064 1004 or.
1088 973 1170 1004 Sest.
1199 973 1238 1004 C.
1260 972 1429 1005 XLVIII.
1452 985 1487 1017 p.
1512 985 1585 1006 201.
1612 974 1661 1005 ed.
1686 976 1815 1019 Neap..
1838 994 1882 1000 —
1928 977 2085 1009 Ceterum

190 1037 250 1058 cur
267 1026 428 1069 scripsit,
462 1025 550 1066 quod
573 1031 649 1068 post
670 1037 797 1057 nomen
814 1032 940 1070 poetae
961 1025 997 1057 in
1020 1026 1188 1057 codicibus
1212 1025 1396 1069 repetitur,
1433 1027 1721 1070 expunxerimus,
1759 1030 1928 1061 monitum
1950 1030 2083 1074 Proleg.

187 1079 231 1111 L.
254 1078 298 1109 II.
326 1078 364 1110 C.
387 1077 432 1109 II.
454 1088 487 1120 p.
511 1078 591 1110 LX.
616 1084 673 1109 est.

272 1131 324 1163 Et
353 1130 402 1162 acl
429 1131 582 1176 laudem)
628 1132 698 1164 Cur
727 1131 776 1164 ad
803 1139 879 1164 ante
910 1132 1049 1164 laudem
1076 1135 1120 1164 e'x
1154 1131 1177 1163 B
1203 1138 1234 1163 et
1256 1131 1285 1163 E
1314 1131 1522 1175 receperim,
1558 1133 1689 1177 Proleg.
1718 1134 1760 1166 L.
1791 1135 1835 1166 Π.
1867 1135 1905 1167 C.
1934 1137 1961 1168 Ι.
1990 1139 2020 1180 §.
2052 1139 2082 1171 8.

186 1194 222 1226 p.
243 1182 358 1215 XLII.
383 1185 538 1226 exposui.

272 1237 302 1279 §.
327 1236 378 1269 60.
425 1237 485 1270 Cn.
508 1237 696 1282 Scipionis)
740 1237 825 1269 Eius
848 1236 1003 1276 fortasse,
1030 1236 1085 1268 cui
1106 1236 1240 1270 Asinae
1263 1249 1449 1281 cognomen
1474 1237 1557 1279 fuit3
1581 1239 1638 1281 qui
1661 1246 1735 1283 post
1760 1240 1905 1272 alterum
1927 1242 2084 1273 consula-

186 1295 260 1321 tum
281 1289 322 1320 de
344 1289 466 1321 Poenis
488 1290 722 1334 triumphauit.
767 1291 984 1322 MANUTIUS.

271 1343 375 1383 Quod
402 1344 435 1375 ei
467 1345 583 1377 minus
615 1344 848 1385 inuideremr)
892 1343 999 1375 Patris
1028 1343 1119 1375 enim
1148 1344 1252 1387 gratia
1280 1343 1385 1376 sactus
1414 1343 1602 1384 uideretur3
1635 1356 1727 1377 nunc
1750 1347 1798 1388 ei,
1834 1346 1911 1390 qula
1936 1347 2081 1389 equestri

184 1396 260 1429 loco
282 1402 380 1427 natus
401 1397 603 1429 aedilitatem
629 1397 826 1432 obtinuerit,
860 1396 1040 1428 inuidetur.
1084 1396 1301 1428 MANL‘TIUS.

271 1448 416 1481 Gloriae
445 1450 616 1494 dispares)
661 1450 872 1482 Forcellinus
900 1449 935 1481 in
961 1461 994 1480 u.
1015 1450 1153 1493 gloriae
1183 1456 1214 1481 et
1235 1450 1367 1481 Ernest.
1400 1449 1440 1481 ad
1462 1450 1568 1482 Tacit.
1592 1450 1686 1483 Ann.
1710 1452 1727 1483 5

183 1512 317 1534 merum
339 1502 506 1544 pluralem
530 1515 599 1534 esse
622 1504 758 1542 uolunt,
784 1509 832 1535 set
855 1503 1051 1534 concinnius
1074 1510 1121 1534 est
1142 1509 1293 1545 repetere
1316 1514 1359 1534 ex
1382 1503 1673 1545 praecedentibus:
1703 1506 1841 1548 gloriae
1863 1505 1982 1548 gradus
2006 1507 2080 1538 dis-

180 1566 298 1599 pares.
343 1554 547 1587 ORELLIUS.
592 1557 858 1597 hIanife-stumsss
893 1557 1031 1600 gloriae
1066 1567 1179 1588 casum
1209 1566 1278 1587 esse
1300 1555 1497 1597 genitiuom.
1544 1558 1702 1589 Ceterum
1728 1559 1843 1590 confer
1865 1570 1927 1601 pro
1954 1560 2078 1591 Milon.

186 1608 226 1639 C.
248 1607 397 1640 XXXV
398 1630 407 1638 .
433 1609 462 1650 §.
487 1620 538 1651 97.
565 1610 655 1643 lumc
678 1608 849 1654 (gloriam)
872 1611 1019 1655 denique
1036 1622 1125 1650 esse,
1148 1610 1248 1642 cuius
1267 1608 1441 1651 gradibus
1463 1611 1569 1643 etiam
1590 1612 1743 1644 homines
1767 1613 1802 1644 in
1822 1613 1955 1645 caelum
1978 1614 2078 1646 uide-

183 1666 306 1694 rentur
329 1662 523 1694 ascendere.

1736 1477 1744 1490 ,
1773 1452 1824 1484 45.
1852 1453 1991 1495 gloriae
2013 1464 2080 1484 nu-

972 1751 1003 1784 C
1028 1749 1061 1785 A
1086 1749 1126 1784 P.
1163 1750 1286 1786 XXV.

269 1824 332 1856 M'.
355 1821 473 1866 Curio)
500 1822 593 1854 Male
615 1822 651 1854 in
673 1823 840 1854 codicibus
864 1829 895 1854 et
916 1822 971 1854 hic
996 1829 1027 1854 et
1049 1822 1129 1854 alibi
1152 1822 1306 1855 scribitur
1327 1825 1379 1857 M.
1401 1824 1538 1857 Curius.
1582 1824 1639 1856 Est
1662 1830 1773 1856 autem
1796 1824 1852 1856 hic
1873 1826 2073 1868 intellegen-

181 1877 241 1909 dus
263 1877 325 1909 M‘.
350 1876 472 1908 Curius
494 1876 674 1914 Dentatus,
706 1876 763 1917 qui
786 1876 968 1907 secundum
991 1876 1107 1907 consul
1130 1888 1183 1908 an.
1207 1888 1240 1907 n.
1264 1876 1338 1919 479-
1364 1877 1531 1919 Pyrrhum
1555 1889 1668 1919 regem
1692 1878 1782 1909 uicit.
1829 1878 1899 1910 Cfr.
1926 1879 1971 1911 A.
1995 1880 2073 1910 Ma-

181 1931 253 1962 ium
279 1929 319 1960 ad
346 1928 415 1960 Cic.
446 1929 485 1959 de
508 1929 561 1960 Re
581 1939 615 1970 p.
638 1929 703 1969 III,
726 1929 764 1968 ⁴5.
805 1935 837 1960 et
859 1928 986 1961 scholia
1007 1929 1129 1961 Ambr.
1160 1928 1200 1960 ad
1228 1941 1277 1961 or.
1308 1942 1371 1974 pro
1394 1931 1431 1962 P.
1455 1931 1551 1962 Sulla
1582 1932 1620 1962 C.
1645 1931 1723 1963 VII.
1753 1943 1787 1975 p.
1815 1932 1884 1964 154.
1916 1932 1965 1963 ed.
1987 1933 2070 1965 Mai.

180 1994 245 2015 sec.
269 1981 386 2022 ibique
410 1981 553 2014 Maium.

265 2035 300 2067 C.
323 2034 497 2074 Fabricio)
542 2034 601 2066 Est
631 2035 668 2066 C.
692 2032 864 2066 Fabricius
886 2034 1071 2075 Luscinus,
1108 2035 1167 2077 qui
1196 2035 1378 2067 secundum
1405 2037 1523 2068 consul
1552 2048 1581 2068 a.
1610 2049 1644 2069 u.
1675 2037 1748 2080 476.
1777 2038 1971 2082 perfugam,
2010 2040 2069 2082 qui

180 2089 314 2133 Pyrrho
337 2087 408 2129 regi
430 2098 602 2118 uenenum
625 2099 659 2119 se
679 2088 834 2119 daturum
857 2088 1074 2130 promiserat,
1097 2089 1167 2131 regi
1191 2088 1255 2131 ipsi
1278 2089 1419 2122 tradidit.

267 2141 301 2174 C.
324 2141 459 2181 Duilio)
504 2141 596 2172 Male
619 2140 654 2171 in
672 2140 766 2171 libris
788 2141 832 2173 P.
854 2141 999 2173 Duellio
1021 2143 1137 2182 scribi,
1160 2143 1318 2173 uiderunt
1339 2142 1406 2174 iam
1428 2143 1582 2182 Ursinus,
1605 2142 1787 2180 Manutius,
1814 2144 2066 2187 Ernestiusque.

180 2194 431 2228 Manifestumst
461 2193 569 2233 enim,
611 2193 790 2235 significari
815 2194 870 2226 hic
894 2196 932 2226 C.
956 2195 1054 2226 illum
1078 2196 1252 2235 Duilium,
1289 2196 1347 2238 qui
1377 2208 1406 2227 a.
1431 2208 1463 2227 u.
1494 2197 1567 2239 494.
1597 2196 1713 2227 consul
1740 2196 1897 2228 aduersus
1926 2198 2066 2230 classem

180 2247 373 2279 Poenorum
397 2257 558 2288 prospere
580 2247 759 2289 pugnauit,
797 2247 996 2290 primusque
1025 2248 1177 2278 omnium
1201 2249 1436 2281 Romanorum
1467 2248 1587 2279 ducum
1613 2249 1740 2280 naualis
1764 2249 1922 2281 uictoriae
1943 2251 2066 2283 trium-

180 2299 287 2342 phum
310 2299 417 2330 duxit.
463 2299 518 2331 Ob
542 2311 642 2341 quam
665 2311 737 2331 rem
759 2307 941 2343 perpetuus
965 2301 995 2332 ei
1018 2300 1126 2331 honos
1147 2301 1279 2333 habitus
1300 2309 1361 2343 est,
1404 2309 1439 2334 ut
1461 2302 1642 2333 reuertenti
1669 2313 1687 2332 a
1711 2313 1812 2332 coena
1834 2303 1986 2335 tibicines
2009 2316 2065 2335 ca-

182 2358 300 2383 nerent
330 2358 362 2383 et
389 2351 505 2383 funale
534 2352 771 2394 praeferretur.
816 2352 887 2384 Csr.
913 2353 1100 2396 Glandorpi
1124 2354 1298 2385 Onomast.
1328 2366 1362 2398 p.
1387 2355 1447 2398 509
1473 2367 1521 2397 sq.
1567 2355 1643 2395 „At
1672 2366 1792 2396 magna
1821 2361 1868 2386 est
1889 2356 2062 2388 difficultas

182 2405 219 2436 in
241 2405 378 2436 nomine
400 2406 592 2448 [chellio],
635 2417 734 2448 quam
757 2405 972 2448 interpreteS,
1009 2407 1105 2439 nullo
1128 2407 1183 2439 hic
1204 2407 1416 2439 dissentiente
1437 2408 1567 2448 codice,
1603 2418 1671 2439 non
1701 2407 1897 2450 adtigerunt.
1940 2411 2062 2452 Neque
