<?xml version="1.0" encoding="UTF-8"?>
<!DOCTYPE html PUBLIC "-//W3C//DTD XHTML 1.0 Transitional//EN"
    "http://www.w3.org/TR/xhtml1/DTD/xhtml1-transitional.dtd">
<html xmlns="http://www.w3.org/1999/xhtml" xml:lang="en" lang="en">
 <head>
  <title>
</title>
<meta http-equiv="Content-Type" content="text/html;charset=utf-8" />
  <meta name='ocr-system' content='tesseract 3.04.00' />
  <meta name='ocr-capabilities' content='ocr_page ocr_carea ocr_par ocr_line ocrx_word'/>
</head>
<body>
  <div class='ocr_page' id='page_1' title='image "./oratioprocnplanc00ciceuoft/oratioprocnplanc00ciceuoft_0047.png"; bbox 0 0 2185 2720; ppageno 0'>
   <div class='ocr_carea' id='block_1_1' title="bbox 912 147 2049 188">
    <p class='ocr_par' dir='ltr' id='par_1_1' title="bbox 912 147 2049 188">
     <span class='ocr_line' id='line_1_1' title="bbox 912 147 2049 188; baseline 0.006 -11"><span class='ocrx_word' id='word_1_1' title='bbox 912 149 949 178; x_wconf 92' lang='lat' dir='ltr'>L.</span> <span class='ocrx_word' id='word_1_2' title='bbox 977 149 999 178; x_wconf 91' lang='grc' dir='ltr'>Ι.</span> <span class='ocrx_word' id='word_1_3' title='bbox 1047 149 1079 178; x_wconf 90' lang='lat' dir='ltr'>C.</span> <span class='ocrx_word' id='word_1_4' title='bbox 1104 149 1160 178; x_wconf 87' lang='lat' dir='ltr'>III.</span> <span class='ocrx_word' id='word_1_5' title='bbox 1205 147 1231 188; x_wconf 79' lang='lat'>§.</span> <span class='ocrx_word' id='word_1_6' title='bbox 1262 151 1302 179; x_wconf 82' lang='lat'>13.</span> <span class='ocrx_word' id='word_1_7' title='bbox 1913 155 2049 184; x_wconf 85' lang='lat' dir='ltr'>XXVII</span> 
     </span>
    </p>
   </div>
   <div class='ocr_carea' id='block_1_2' title="bbox 142 222 2059 1073">
    <p class='ocr_par' dir='ltr' id='par_1_2' title="bbox 142 222 2059 1073">
     <span class='ocr_line' id='line_1_2' title="bbox 163 222 2045 266; baseline 0.003 -14"><span class='ocrx_word' id='word_1_8' title='bbox 163 223 238 253; x_wconf 83' lang='lat' dir='ltr'>bero</span> <span class='ocrx_word' id='word_1_9' title='bbox 264 233 326 251; x_wconf 87' lang='lat' dir='ltr'>non</span> <span class='ocrx_word' id='word_1_10' title='bbox 353 222 510 262; x_wconf 82' lang='lat' dir='ltr'>potuisse,</span> <span class='ocrx_word' id='word_1_11' title='bbox 544 222 677 260; x_wconf 84' lang='lat' dir='ltr'>ideoque</span> <span class='ocrx_word' id='word_1_12' title='bbox 706 222 806 261; x_wconf 86' lang='lat' dir='ltr'>ipsum</span> <span class='ocrx_word' id='word_1_13' title='bbox 834 223 923 253; x_wconf 87' lang='lat' dir='ltr'>illum</span> <span class='ocrx_word' id='word_1_14' title='bbox 950 224 1088 252; x_wconf 82' lang='lat' dir='ltr'>codicem</span> <span class='ocrx_word' id='word_1_15' title='bbox 1115 224 1291 262; x_wconf 82' lang='lat' dir='ltr'>principem</span> <span class='ocrx_word' id='word_1_16' title='bbox 1318 224 1377 252; x_wconf 86' lang='lat' dir='ltr'>hoc</span> <span class='ocrx_word' id='word_1_17' title='bbox 1406 225 1474 255; x_wconf 85' lang='lat' dir='ltr'>loeo</span> <span class='ocrx_word' id='word_1_18' title='bbox 1504 227 1747 266; x_wconf 70' lang='lat' dir='ltr'>interpolatione</span> <span class='ocrx_word' id='word_1_19' title='bbox 1775 229 1902 266; x_wconf 84' lang='lat' dir='ltr'>quadam</span> <span class='ocrx_word' id='word_1_20' title='bbox 1923 236 2045 258; x_wconf 85' lang='lat' dir='ltr'>anctum</span> 
     </span>
     <span class='ocr_line' id='line_1_3' title="bbox 162 269 2046 315; baseline 0.004 -16"><span class='ocrx_word' id='word_1_21' title='bbox 162 271 275 300; x_wconf 84' lang='lat' dir='ltr'>debere</span> <span class='ocrx_word' id='word_1_22' title='bbox 296 269 494 305; x_wconf 71' lang='lat' dir='ltr'>existumari,</span> <span class='ocrx_word' id='word_1_23' title='bbox 514 271 678 299; x_wconf 85' lang='lat' dir='ltr'>manifesto</span> <span class='ocrx_word' id='word_1_24' title='bbox 699 277 835 309; x_wconf 85' lang='lat' dir='ltr'>apparet.</span> <span class='ocrx_word' id='word_1_25' title='bbox 876 273 953 301; x_wconf 88' lang='lat' dir='ltr'>Cum</span> <span class='ocrx_word' id='word_1_26' title='bbox 975 273 1014 300; x_wconf 85' lang='lat' dir='ltr'>iis</span> <span class='ocrx_word' id='word_1_27' title='bbox 1035 277 1136 300; x_wconf 88' lang='lat' dir='ltr'>autem</span> <span class='ocrx_word' id='word_1_28' title='bbox 1157 272 1235 301; x_wconf 89' lang='lat' dir='ltr'>uiris</span> <span class='ocrx_word' id='word_1_29' title='bbox 1258 272 1373 308; x_wconf 85' lang='lat' dir='ltr'>doctis,</span> <span class='ocrx_word' id='word_1_30' title='bbox 1402 284 1418 300; x_wconf 88' lang='lat' dir='ltr'>a</span> <span class='ocrx_word' id='word_1_31' title='bbox 1439 274 1549 311; x_wconf 79' lang='lat' dir='ltr'>quibus</span> <span class='ocrx_word' id='word_1_32' title='bbox 1572 276 1711 313; x_wconf 76' lang='lat' dir='ltr'>profecta</span> <span class='ocrx_word' id='word_1_33' title='bbox 1730 277 1884 315; x_wconf 82' lang='lat' dir='ltr'>scriptura</span> <span class='ocrx_word' id='word_1_34' title='bbox 1904 278 2046 306; x_wconf 84' lang='lat' dir='ltr'>codicum</span> 
     </span>
     <span class='ocr_line' id='line_1_4' title="bbox 160 317 2045 359; baseline 0.004 -12"><span class='ocrx_word' id='word_1_35' title='bbox 160 318 186 347; x_wconf 89' lang='lat' dir='ltr'>C</span> <span class='ocrx_word' id='word_1_36' title='bbox 206 323 237 347; x_wconf 87' lang='lat' dir='ltr'>et</span> <span class='ocrx_word' id='word_1_37' title='bbox 259 319 286 346; x_wconf 90' lang='lat' dir='ltr'>T</span> <span class='ocrx_word' id='word_1_38' title='bbox 302 324 363 353; x_wconf 84' lang='lat' dir='ltr'>est,</span> <span class='ocrx_word' id='word_1_39' title='bbox 384 317 674 356; x_wconf 74' lang='lat' dir='ltr'>recentioribusque</span> <span class='ocrx_word' id='word_1_40' title='bbox 695 318 868 348; x_wconf 70' lang='lat' dir='ltr'>editoribus</span> <span class='ocrx_word' id='word_1_41' title='bbox 890 325 920 348; x_wconf 85' lang='lat' dir='ltr'>et</span> <span class='ocrx_word' id='word_1_42' title='bbox 940 331 978 348; x_wconf 80' lang='lat' dir='ltr'>ne</span> <span class='ocrx_word' id='word_1_43' title='bbox 998 325 1029 347; x_wconf 85' lang='lat' dir='ltr'>et</span> <span class='ocrx_word' id='word_1_44' title='bbox 1049 331 1092 348; x_wconf 78' lang='lat' dir='ltr'>an</span> <span class='ocrx_word' id='word_1_45' title='bbox 1113 320 1232 356; x_wconf 81' lang='lat' dir='ltr'>eicere,</span> <span class='ocrx_word' id='word_1_46' title='bbox 1259 321 1337 349; x_wconf 82' lang='lat' dir='ltr'>inihi</span> <span class='ocrx_word' id='word_1_47' title='bbox 1359 331 1504 359; x_wconf 80' lang='lat' dir='ltr'>perquam</span> <span class='ocrx_word' id='word_1_48' title='bbox 1528 323 1724 352; x_wconf 75' lang='lat' dir='ltr'>temerarium</span> <span class='ocrx_word' id='word_1_49' title='bbox 1745 325 1880 354; x_wconf 85' lang='lat' dir='ltr'>uidetur.</span> <span class='ocrx_word' id='word_1_50' title='bbox 1917 326 2045 353; x_wconf 74' lang='lat' dir='ltr'>Utram-</span> 
     </span>
     <span class='ocr_line' id='line_1_5' title="bbox 160 366 2047 412; baseline 0.005 -19"><span class='ocrx_word' id='word_1_51' title='bbox 160 376 219 404; x_wconf 89' lang='lat' dir='ltr'>que</span> <span class='ocrx_word' id='word_1_52' title='bbox 240 367 321 394; x_wconf 85' lang='lat' dir='ltr'>cnim</span> <span class='ocrx_word' id='word_1_53' title='bbox 342 366 525 405; x_wconf 83' lang='lat' dir='ltr'>particulam</span> <span class='ocrx_word' id='word_1_54' title='bbox 547 366 583 393; x_wconf 88' lang='lat' dir='ltr'>ab</span> <span class='ocrx_word' id='word_1_55' title='bbox 605 366 777 405; x_wconf 70' lang='lat' dir='ltr'>interprete</span> <span class='ocrx_word' id='word_1_56' title='bbox 799 367 947 396; x_wconf 86' lang='lat' dir='ltr'>adiectam</span> <span class='ocrx_word' id='word_1_57' title='bbox 979 377 1060 403; x_wconf 77' lang='lat' dir='ltr'>esse,</span> <span class='ocrx_word' id='word_1_58' title='bbox 1095 368 1232 395; x_wconf 86' lang='lat' dir='ltr'>minume</span> <span class='ocrx_word' id='word_1_59' title='bbox 1261 379 1336 397; x_wconf 86' lang='lat' dir='ltr'>uero</span> <span class='ocrx_word' id='word_1_60' title='bbox 1365 369 1504 397; x_wconf 81' lang='lat' dir='ltr'>similest.</span> <span class='ocrx_word' id='word_1_61' title='bbox 1545 370 1661 399; x_wconf 73' lang='lat' dir='ltr'>Contra</span> <span class='ocrx_word' id='word_1_62' title='bbox 1682 373 1777 401; x_wconf 77' lang='lat' dir='ltr'>solani</span> <span class='ocrx_word' id='word_1_63' title='bbox 1798 385 1842 401; x_wconf 79' lang='grc' dir='ltr'><em>ιιιι,</em></span> <span class='ocrx_word' id='word_1_64' title='bbox 1863 373 2047 412; x_wconf 80' lang='lat' dir='ltr'>particulam</span> 
     </span>
     <span class='ocr_line' id='line_1_6' title="bbox 157 413 2059 459; baseline 0.004 -18"><span class='ocrx_word' id='word_1_65' title='bbox 157 413 183 441; x_wconf 84' lang='lat' dir='ltr'>si</span> <span class='ocrx_word' id='word_1_66' title='bbox 203 418 239 441; x_wconf 86' lang='lat' dir='ltr'>nt</span> <span class='ocrx_word' id='word_1_67' title='bbox 258 415 395 452; x_wconf 88' lang='lat' dir='ltr'>spuriam</span> <span class='ocrx_word' id='word_1_68' title='bbox 416 414 620 452; x_wconf 69' lang='lat' dir='ltr'>expellimus,</span> <span class='ocrx_word' id='word_1_69' title='bbox 650 414 733 450; x_wconf 89' lang='lat' dir='ltr'>quod</span> <span class='ocrx_word' id='word_1_70' title='bbox 753 414 896 443; x_wconf 82' lang='lat' dir='ltr'>fecerunt</span> <span class='ocrx_word' id='word_1_71' title='bbox 916 415 956 451; x_wconf 84' lang='lat' dir='ltr'>ii,</span> <span class='ocrx_word' id='word_1_72' title='bbox 985 415 1037 453; x_wconf 87' lang='lat' dir='ltr'>qui</span> <span class='ocrx_word' id='word_1_73' title='bbox 1059 415 1181 443; x_wconf 81' lang='lat' dir='ltr'>codices</span> <span class='ocrx_word' id='word_1_74' title='bbox 1203 416 1235 444; x_wconf 94' lang='lat' dir='ltr'>H</span> <span class='ocrx_word' id='word_1_75' title='bbox 1256 421 1287 444; x_wconf 89' lang='lat' dir='ltr'>et</span> <span class='ocrx_word' id='word_1_76' title='bbox 1308 417 1326 443; x_wconf 88' lang='lat' dir='ltr'>S</span> <span class='ocrx_word' id='word_1_77' title='bbox 1349 423 1532 452; x_wconf 71' lang='lat' dir='ltr'>exararunt,</span> <span class='ocrx_word' id='word_1_78' title='bbox 1562 423 1591 446; x_wconf 79' lang='lat' dir='ltr'>ct</span> <span class='ocrx_word' id='word_1_79' title='bbox 1613 421 1764 448; x_wconf 80' lang='lat' dir='ltr'>sententia</span> <span class='ocrx_word' id='word_1_80' title='bbox 1785 421 1847 449; x_wconf 88' lang='lat' dir='ltr'>loci</span> <span class='ocrx_word' id='word_1_81' title='bbox 1869 426 1994 459; x_wconf 83' lang='lat' dir='ltr'>optume</span> <span class='ocrx_word' id='word_1_82' title='bbox 2015 418 2059 448; x_wconf 64' lang='lat' dir='ltr'>se*</span> 
     </span>
     <span class='ocr_line' id='line_1_7' title="bbox 157 459 2048 504; baseline 0.004 -16"><span class='ocrx_word' id='word_1_83' title='bbox 157 459 285 490; x_wconf 79' lang='lat' dir='ltr'>habebit</span> <span class='ocrx_word' id='word_1_84' title='bbox 305 472 406 500; x_wconf 85' lang='lat' dir='ltr'>neque</span> <span class='ocrx_word' id='word_1_85' title='bbox 426 473 441 490; x_wconf 93' lang='lat' dir='ltr'>a</span> <span class='ocrx_word' id='word_1_86' title='bbox 462 462 604 490; x_wconf 87' lang='lat' dir='ltr'>codicum</span> <span class='ocrx_word' id='word_1_87' title='bbox 625 462 810 490; x_wconf 69' lang='lat' dir='ltr'>auctoritate</span> <span class='ocrx_word' id='word_1_88' title='bbox 831 463 953 500; x_wconf 82' lang='lat' dir='ltr'>longius</span> <span class='ocrx_word' id='word_1_89' title='bbox 982 473 1070 500; x_wconf 88' lang='lat' dir='ltr'>quam</span> <span class='ocrx_word' id='word_1_90' title='bbox 1098 473 1153 501; x_wconf 89' lang='lat' dir='ltr'>par</span> <span class='ocrx_word' id='word_1_91' title='bbox 1174 468 1221 491; x_wconf 85' lang='lat' dir='ltr'>est</span> <span class='ocrx_word' id='word_1_92' title='bbox 1239 464 1428 493; x_wconf 84' lang='lat' dir='ltr'>recedemus.</span> <span class='ocrx_word' id='word_1_93' title='bbox 1469 466 1547 493; x_wconf 70' lang='lat' dir='ltr'>Nam</span> <span class='ocrx_word' id='word_1_94' title='bbox 1570 471 1729 504; x_wconf 76' lang='lat' dir='ltr'>postquam</span> <span class='ocrx_word' id='word_1_95' title='bbox 1752 474 1825 496; x_wconf 71' lang='lat' dir='ltr'>lune</span> <span class='ocrx_word' id='word_1_96' title='bbox 1846 468 1879 496; x_wconf 88' lang='lat' dir='ltr'>in</span> <span class='ocrx_word' id='word_1_97' title='bbox 1899 474 1966 495; x_wconf 84' lang='lat' dir='ltr'>tum</span> <span class='ocrx_word' id='word_1_98' title='bbox 1985 467 2048 496; x_wconf 84' lang='lat' dir='ltr'>fuit</span> 
     </span>
     <span class='ocr_line' id='line_1_8' title="bbox 142 510 2048 553; baseline 0.003 -16"><span class='ocrx_word' id='word_1_99' title='bbox 142 511 306 538; x_wconf 85' lang='lat' dir='ltr'>&#39;mutatum</span> <span class='ocrx_word' id='word_1_100' title='bbox 335 515 366 538; x_wconf 84' lang='lat' dir='ltr'>et</span> <span class='ocrx_word' id='word_1_101' title='bbox 393 520 461 538; x_wconf 87' lang='lat' dir='ltr'>cum</span> <span class='ocrx_word' id='word_1_102' title='bbox 489 510 692 537; x_wconf 83' lang='lat' dir='ltr'>antecedente</span> <span class='ocrx_word' id='word_1_103' title='bbox 721 510 800 548; x_wconf 81' lang='lat' dir='ltr'>quid</span> <span class='ocrx_word' id='word_1_104' title='bbox 825 519 987 548; x_wconf 85' lang='lat' dir='ltr'>perperam</span> <span class='ocrx_word' id='word_1_105' title='bbox 1015 510 1232 547; x_wconf 88' lang='lat' dir='ltr'>coniunctum,</span> <span class='ocrx_word' id='word_1_106' title='bbox 1261 513 1335 550; x_wconf 86' lang='lat' dir='ltr'>quid</span> <span class='ocrx_word' id='word_1_107' title='bbox 1363 513 1487 541; x_wconf 83' lang='lat' dir='ltr'>tandem</span> <span class='ocrx_word' id='word_1_108' title='bbox 1515 513 1637 541; x_wconf 90' lang='lat' dir='ltr'>facilius</span> <span class='ocrx_word' id='word_1_109' title='bbox 1666 515 1733 542; x_wconf 86' lang='lat' dir='ltr'>ficri</span> <span class='ocrx_word' id='word_1_110' title='bbox 1755 515 1875 553; x_wconf 84' lang='lat' dir='ltr'>potnit,</span> <span class='ocrx_word' id='word_1_111' title='bbox 1905 525 1993 553; x_wconf 80' lang='lat' dir='ltr'>quain</span> <span class='ocrx_word' id='word_1_112' title='bbox 2014 520 2048 543; x_wconf 86' lang='lat' dir='ltr'>ut</span> 
     </span>
     <span class='ocr_line' id='line_1_9' title="bbox 155 556 2048 600; baseline 0.003 -15"><span class='ocrx_word' id='word_1_113' title='bbox 155 556 302 586; x_wconf 89' lang='lat' dir='ltr'>librarius</span> <span class='ocrx_word' id='word_1_114' title='bbox 322 558 375 586; x_wconf 80' lang='lat' dir='ltr'>uel</span> <span class='ocrx_word' id='word_1_115' title='bbox 394 558 549 596; x_wconf 84' lang='lat' dir='ltr'>interpres</span> <span class='ocrx_word' id='word_1_116' title='bbox 571 557 824 594; x_wconf 81' lang='lat' dir='ltr'>interrogationis</span> <span class='ocrx_word' id='word_1_117' title='bbox 845 557 1026 586; x_wconf 84' lang='lat' dir='ltr'>indicandae</span> <span class='ocrx_word' id='word_1_118' title='bbox 1048 569 1151 587; x_wconf 80' lang='lat' dir='ltr'>caussa</span> <span class='ocrx_word' id='word_1_119' title='bbox 1171 564 1240 587; x_wconf 84' lang='lat' dir='ltr'>ante</span> <span class='ocrx_word' id='word_1_120' title='bbox 1261 561 1422 598; x_wconf 83' lang='lat' dir='ltr'>sequentia</span> <span class='ocrx_word' id='word_1_121' title='bbox 1437 562 1488 588; x_wconf 78' lang='lat' dir='ltr'>An</span> <span class='ocrx_word' id='word_1_122' title='bbox 1510 561 1664 599; x_wconf 78' lang='lat' dir='ltr'>poneret&#39;.&gt;</span> <span class='ocrx_word' id='word_1_123' title='bbox 1687 562 1738 589; x_wconf 81' lang='lat' dir='ltr'>Sic</span> <span class='ocrx_word' id='word_1_124' title='bbox 1759 562 1791 589; x_wconf 89' lang='lat' dir='ltr'>iu</span> <span class='ocrx_word' id='word_1_125' title='bbox 1812 562 1868 590; x_wconf 84' lang='lat' dir='ltr'>hac</span> <span class='ocrx_word' id='word_1_126' title='bbox 1889 563 1956 600; x_wconf 90' lang='lat' dir='ltr'>ipsa</span> <span class='ocrx_word' id='word_1_127' title='bbox 1976 572 2048 590; x_wconf 86' lang='lat' dir='ltr'>ora-</span> 
     </span>
     <span class='ocr_line' id='line_1_10' title="bbox 154 604 2048 648; baseline 0.003 -16"><span class='ocrx_word' id='word_1_128' title='bbox 154 604 241 632; x_wconf 85' lang='lat' dir='ltr'>tione</span> <span class='ocrx_word' id='word_1_129' title='bbox 270 605 305 633; x_wconf 92' lang='lat' dir='ltr'>C.</span> <span class='ocrx_word' id='word_1_130' title='bbox 326 605 454 634; x_wconf 81' lang='lat' dir='ltr'>XXVI.</span> <span class='ocrx_word' id='word_1_131' title='bbox 483 604 510 644; x_wconf 84' lang='lat'>§.</span> <span class='ocrx_word' id='word_1_132' title='bbox 532 606 577 634; x_wconf 79' lang='lat'>63.</span> <span class='ocrx_word' id='word_1_133' title='bbox 606 605 684 633; x_wconf 78' lang='lat' dir='ltr'>mala</span> <span class='ocrx_word' id='word_1_134' title='bbox 709 606 878 633; x_wconf 86' lang='lat' dir='ltr'>uerborum</span> <span class='ocrx_word' id='word_1_135' title='bbox 907 605 1129 634; x_wconf 83' lang='lat' dir='ltr'>coniunctione</span> <span class='ocrx_word' id='word_1_136' title='bbox 1158 606 1321 645; x_wconf 85' lang='lat' dir='ltr'>deceptum</span> <span class='ocrx_word' id='word_1_137' title='bbox 1349 609 1511 636; x_wconf 86' lang='lat' dir='ltr'>librarium</span> <span class='ocrx_word' id='word_1_138' title='bbox 1541 619 1598 647; x_wconf 90' lang='lat' dir='ltr'>pro</span> <span class='ocrx_word' id='word_1_139' title='bbox 1626 620 1687 636; x_wconf 79' lang='lat' dir='ltr'>non</span> <span class='ocrx_word' id='word_1_140' title='bbox 1708 610 1859 647; x_wconf 75' lang='lat' dir='ltr'>ficerunt</span> <span class='ocrx_word' id='word_1_141' title='bbox 1887 610 2048 648; x_wconf 83' lang='lat' dir='ltr'>scripsisse</span> 
     </span>
     <span class='ocr_line' id='line_1_11' title="bbox 154 652 2048 695; baseline 0.002 -15"><span class='ocrx_word' id='word_1_142' title='bbox 154 661 255 680; x_wconf 78' lang='lat' dir='ltr'>nonne</span> <span class='ocrx_word' id='word_1_143' title='bbox 265 652 416 690; x_wconf 73' lang='lat' dir='ltr'>fecerunt</span> <span class='ocrx_word' id='word_1_144' title='bbox 440 658 596 682; x_wconf 80' lang='lat' dir='ltr'>certumst.</span> <span class='ocrx_word' id='word_1_145' title='bbox 634 654 744 691; x_wconf 84' lang='lat' dir='ltr'>Neque</span> <span class='ocrx_word' id='word_1_146' title='bbox 766 653 892 689; x_wconf 82' lang='lat' dir='ltr'>dubito,</span> <span class='ocrx_word' id='word_1_147' title='bbox 929 654 1004 691; x_wconf 87' lang='lat' dir='ltr'>quin</span> <span class='ocrx_word' id='word_1_148' title='bbox 1025 654 1106 682; x_wconf 87' lang='lat' dir='ltr'>idem</span> <span class='ocrx_word' id='word_1_149' title='bbox 1127 654 1171 682; x_wconf 84' lang='lat' dir='ltr'>ibi</span> <span class='ocrx_word' id='word_1_150' title='bbox 1193 665 1230 682; x_wconf 79' lang='lat' dir='ltr'>ne</span> <span class='ocrx_word' id='word_1_151' title='bbox 1251 654 1399 684; x_wconf 74' lang='lat' dir='ltr'>adiecerit</span> <span class='ocrx_word' id='word_1_152' title='bbox 1426 656 1588 693; x_wconf 84' lang='lat' dir='ltr'>librarius,</span> <span class='ocrx_word' id='word_1_153' title='bbox 1619 657 1672 695; x_wconf 87' lang='lat' dir='ltr'>qui</span> <span class='ocrx_word' id='word_1_154' title='bbox 1699 657 1773 686; x_wconf 84' lang='lat' dir='ltr'>huic</span> <span class='ocrx_word' id='word_1_155' title='bbox 1801 658 1870 686; x_wconf 88' lang='lat' dir='ltr'>loco</span> <span class='ocrx_word' id='word_1_156' title='bbox 1892 668 1934 685; x_wconf 80' lang='lat' dir='ltr'>an</span> <span class='ocrx_word' id='word_1_157' title='bbox 1963 657 2048 685; x_wconf 88' lang='lat' dir='ltr'>inse-</span> 
     </span>
     <span class='ocr_line' id='line_1_12' title="bbox 154 699 2048 743; baseline 0.003 -17"><span class='ocrx_word' id='word_1_158' title='bbox 154 699 227 727; x_wconf 83' lang='lat' dir='ltr'>ruit.</span> <span class='ocrx_word' id='word_1_159' title='bbox 267 700 461 730; x_wconf 80' lang='lat' dir='ltr'>Sententiam</span> <span class='ocrx_word' id='word_1_160' title='bbox 482 707 583 729; x_wconf 87' lang='lat' dir='ltr'>autem</span> <span class='ocrx_word' id='word_1_161' title='bbox 605 701 688 739; x_wconf 85' lang='lat' dir='ltr'>quod</span> <span class='ocrx_word' id='word_1_162' title='bbox 708 700 842 736; x_wconf 79' lang='lat' dir='ltr'>adtinet,</span> <span class='ocrx_word' id='word_1_163' title='bbox 869 701 946 729; x_wconf 85' lang='lat' dir='ltr'>salso</span> <span class='ocrx_word' id='word_1_164' title='bbox 968 701 1116 737; x_wconf 83' lang='lat' dir='ltr'>Orellius,</span> <span class='ocrx_word' id='word_1_165' title='bbox 1138 701 1191 739; x_wconf 88' lang='lat' dir='ltr'>qui</span> <span class='ocrx_word' id='word_1_166' title='bbox 1214 703 1322 739; x_wconf 75' lang='lat' dir='ltr'>Quid?</span> <span class='ocrx_word' id='word_1_167' title='bbox 1343 710 1376 731; x_wconf 80' lang='lat' dir='ltr'>tu</span> <span class='ocrx_word' id='word_1_168' title='bbox 1399 705 1427 732; x_wconf 81' lang='lat' dir='ltr'>cl.</span> <span class='ocrx_word' id='word_1_169' title='bbox 1449 704 1584 742; x_wconf 81' lang='lat' dir='ltr'>scripsit,</span> <span class='ocrx_word' id='word_1_170' title='bbox 1604 710 1774 742; x_wconf 84' lang='lat' dir='ltr'>praeeunte</span> <span class='ocrx_word' id='word_1_171' title='bbox 1795 705 1950 733; x_wconf 83' lang='lat' dir='ltr'>Huldrico</span> <span class='ocrx_word' id='word_1_172' title='bbox 1971 715 2048 743; x_wconf 81' lang='lat' dir='ltr'>pro-</span> 
     </span>
     <span class='ocr_line' id='line_1_13' title="bbox 151 749 2045 788; baseline 0.004 -15"><span class='ocrx_word' id='word_1_173' title='bbox 151 750 259 784; x_wconf 82' lang='lat' dir='ltr'>pterea</span> <span class='ocrx_word' id='word_1_174' title='bbox 278 749 403 785; x_wconf 78' lang='lat' dir='ltr'>negauit</span> <span class='ocrx_word' id='word_1_175' title='bbox 423 755 497 777; x_wconf 82' lang='lat' dir='ltr'>lune</span> <span class='ocrx_word' id='word_1_176' title='bbox 517 754 621 788; x_wconf 85' lang='lat' dir='ltr'>aptum</span> <span class='ocrx_word' id='word_1_177' title='bbox 643 758 717 783; x_wconf 86' lang='lat' dir='ltr'>esse,</span> <span class='ocrx_word' id='word_1_178' title='bbox 739 749 820 786; x_wconf 89' lang='lat' dir='ltr'>quod</span> <span class='ocrx_word' id='word_1_179' title='bbox 840 754 906 777; x_wconf 87' lang='lat' dir='ltr'>tota</span> <span class='ocrx_word' id='word_1_180' title='bbox 924 749 1096 777; x_wconf 84' lang='lat' dir='ltr'>sententiae</span> <span class='ocrx_word' id='word_1_181' title='bbox 1115 749 1163 777; x_wconf 87' lang='lat' dir='ltr'>uis</span> <span class='ocrx_word' id='word_1_182' title='bbox 1184 749 1217 777; x_wconf 90' lang='lat' dir='ltr'>in</span> <span class='ocrx_word' id='word_1_183' title='bbox 1239 750 1408 788; x_wconf 68' lang='lat' dir='ltr'>dignitatis</span> <span class='ocrx_word' id='word_1_184' title='bbox 1427 752 1580 780; x_wconf 77' lang='lat' dir='ltr'>uocabulo</span> <span class='ocrx_word' id='word_1_185' title='bbox 1602 752 1726 780; x_wconf 81' lang='lat' dir='ltr'>inesset.</span> <span class='ocrx_word' id='word_1_186' title='bbox 1763 752 1843 781; x_wconf 78' lang='lat' dir='ltr'>Nam</span> <span class='ocrx_word' id='word_1_187' title='bbox 1865 763 1931 780; x_wconf 83' lang='lat' dir='ltr'>esse</span> <span class='ocrx_word' id='word_1_188' title='bbox 1952 752 2045 781; x_wconf 84' lang='lat' dir='ltr'>etiam</span> 
     </span>
     <span class='ocr_line' id='line_1_14' title="bbox 152 793 2045 837; baseline 0.004 -16"><span class='ocrx_word' id='word_1_189' title='bbox 152 793 186 821; x_wconf 85' lang='lat' dir='ltr'>in</span> <span class='ocrx_word' id='word_1_190' title='bbox 206 795 392 832; x_wconf 83' lang='lat' dir='ltr'>pronomine</span> <span class='ocrx_word' id='word_1_191' title='bbox 414 803 447 824; x_wconf 80' lang='lat' dir='ltr'>tu</span> <span class='ocrx_word' id='word_1_192' title='bbox 469 797 533 824; x_wconf 89' lang='lat' dir='ltr'>uim</span> <span class='ocrx_word' id='word_1_193' title='bbox 555 796 722 835; x_wconf 81' lang='lat' dir='ltr'>quandam,</span> <span class='ocrx_word' id='word_1_194' title='bbox 744 805 782 823; x_wconf 82' lang='lat' dir='ltr'>ex</span> <span class='ocrx_word' id='word_1_195' title='bbox 803 806 839 824; x_wconf 91' lang='lat' dir='ltr'>co</span> <span class='ocrx_word' id='word_1_196' title='bbox 860 796 1062 834; x_wconf 79' lang='lat' dir='ltr'>perspicitur,</span> <span class='ocrx_word' id='word_1_197' title='bbox 1084 797 1166 834; x_wconf 88' lang='lat' dir='ltr'>quod</span> <span class='ocrx_word' id='word_1_198' title='bbox 1187 797 1220 824; x_wconf 92' lang='lat' dir='ltr'>in</span> <span class='ocrx_word' id='word_1_199' title='bbox 1240 797 1334 825; x_wconf 89' lang='lat' dir='ltr'>initio</span> <span class='ocrx_word' id='word_1_200' title='bbox 1356 798 1610 837; x_wconf 81' lang='lat' dir='ltr'>interrogationis</span> <span class='ocrx_word' id='word_1_201' title='bbox 1631 800 1807 837; x_wconf 85' lang='lat' dir='ltr'>positumst.</span> <span class='ocrx_word' id='word_1_202' title='bbox 1847 801 1920 828; x_wconf 82' lang='lat' dir='ltr'>Non</span> <span class='ocrx_word' id='word_1_203' title='bbox 1940 810 2045 828; x_wconf 85' lang='lat' dir='ltr'>rarum</span> 
     </span>
     <span class='ocr_line' id='line_1_15' title="bbox 151 843 2045 885; baseline 0.003 -15"><span class='ocrx_word' id='word_1_204' title='bbox 151 846 272 878; x_wconf 80' lang='lat' dir='ltr'>autem,</span> <span class='ocrx_word' id='word_1_205' title='bbox 291 847 327 870; x_wconf 89' lang='lat' dir='ltr'>ut</span> <span class='ocrx_word' id='word_1_206' title='bbox 348 843 408 872; x_wconf 85' lang='lat' dir='ltr'>(luo</span> <span class='ocrx_word' id='word_1_207' title='bbox 429 845 480 872; x_wconf 90' lang='lat' dir='ltr'>uel</span> <span class='ocrx_word' id='word_1_208' title='bbox 500 846 592 883; x_wconf 85' lang='lat' dir='ltr'>plura</span> <span class='ocrx_word' id='word_1_209' title='bbox 612 844 703 872; x_wconf 81' lang='lat' dir='ltr'>etiam</span> <span class='ocrx_word' id='word_1_210' title='bbox 725 844 820 872; x_wconf 86' lang='lat' dir='ltr'>uerba</span> <span class='ocrx_word' id='word_1_211' title='bbox 840 844 872 872; x_wconf 85' lang='lat' dir='ltr'>in</span> <span class='ocrx_word' id='word_1_212' title='bbox 893 854 953 872; x_wconf 89' lang='lat' dir='ltr'>una</span> <span class='ocrx_word' id='word_1_213' title='bbox 974 844 1190 872; x_wconf 87' lang='lat' dir='ltr'>enuntiatione</span> <span class='ocrx_word' id='word_1_214' title='bbox 1215 844 1440 883; x_wconf 79' lang='lat' dir='ltr'>interrogatiua</span> <span class='ocrx_word' id='word_1_215' title='bbox 1466 847 1631 885; x_wconf 85' lang='lat' dir='ltr'>praecipua</span> <span class='ocrx_word' id='word_1_216' title='bbox 1653 848 1685 875; x_wconf 88' lang='lat' dir='ltr'>ui</span> <span class='ocrx_word' id='word_1_217' title='bbox 1707 853 1867 877; x_wconf 87' lang='lat' dir='ltr'>ornentur.</span> <span class='ocrx_word' id='word_1_218' title='bbox 1908 848 1958 876; x_wconf 83' lang='lat' dir='ltr'>Sic</span> <span class='ocrx_word' id='word_1_219' title='bbox 1980 847 2045 876; x_wconf 90' lang='lat' dir='ltr'>Cic.</span> 
     </span>
     <span class='ocr_line' id='line_1_16' title="bbox 153 889 2046 935; baseline 0.003 -18"><span class='ocrx_word' id='word_1_220' title='bbox 153 889 248 917; x_wconf 80' lang='lat' dir='ltr'>Tusc.</span> <span class='ocrx_word' id='word_1_221' title='bbox 269 890 394 926; x_wconf 88' lang='lat' dir='ltr'>Quaest.</span> <span class='ocrx_word' id='word_1_222' title='bbox 417 890 447 926; x_wconf 86' lang='lat' dir='ltr'>I,</span> <span class='ocrx_word' id='word_1_223' title='bbox 470 893 519 927; x_wconf 84' lang='lat'>15,</span> <span class='ocrx_word' id='word_1_224' title='bbox 540 902 602 920; x_wconf 67' lang='lat'>22:</span> <span class='ocrx_word' id='word_1_225' title='bbox 633 893 719 928; x_wconf 84' lang='lat' dir='ltr'>Quid</span> <span class='ocrx_word' id='word_1_226' title='bbox 737 894 770 920; x_wconf 75' lang='lat' dir='ltr'>in</span> <span class='ocrx_word' id='word_1_227' title='bbox 793 892 852 920; x_wconf 75' lang='lat' dir='ltr'>hac</span> <span class='ocrx_word' id='word_1_228' title='bbox 872 903 905 920; x_wconf 88' lang='lat' dir='ltr'>re</span> <span class='ocrx_word' id='word_1_229' title='bbox 930 902 963 929; x_wconf 73' lang='lat'>[2-</span> <span class='ocrx_word' id='word_1_230' title='bbox 985 897 1029 918; x_wconf 82' lang='lat' dir='ltr'>tot</span> <span class='ocrx_word' id='word_1_231' title='bbox 1050 897 1215 930; x_wconf 74' lang='lat' dir='ltr'>tantosque</span> <span class='ocrx_word' id='word_1_232' title='bbox 1235 895 1338 928; x_wconf 82' lang='lat' dir='ltr'>uiros,</span> <span class='ocrx_word' id='word_1_233' title='bbox 1365 894 1400 921; x_wconf 74' lang='lat' dir='ltr'>ob</span> <span class='ocrx_word' id='word_1_234' title='bbox 1421 904 1486 922; x_wconf 81' lang='lat' dir='ltr'>rem</span> <span class='ocrx_word' id='word_1_235' title='bbox 1500 905 1535 931; x_wconf 83' lang='lat' dir='ltr'>p.</span> <span class='ocrx_word' id='word_1_236' title='bbox 1556 896 1756 933; x_wconf 64' lang='lat' dir='ltr'>hilei-seclus,</span> <span class='ocrx_word' id='word_1_237' title='bbox 1785 898 1938 935; x_wconf 74' lang='lat' dir='ltr'>cogitasse</span> <span class='ocrx_word' id='word_1_238' title='bbox 1959 895 2046 923; x_wconf 76' lang='lat' dir='ltr'>arbi-</span> 
     </span>
     <span class='ocr_line' id='line_1_17' title="bbox 152 938 2047 980; baseline 0.004 -16"><span class='ocrx_word' id='word_1_239' title='bbox 152 938 302 967; x_wconf 76' lang='lat' dir='ltr'>tramur?</span> <span class='ocrx_word' id='word_1_240' title='bbox 321 939 499 967; x_wconf 78' lang='lat' dir='ltr'>isdemne</span> <span class='ocrx_word' id='word_1_241' title='bbox 519 945 555 966; x_wconf 83' lang='lat' dir='ltr'>ut</span> <span class='ocrx_word' id='word_1_242' title='bbox 572 940 743 978; x_wconf 77' lang='lat' dir='ltr'>finibus</span> <span class='ocrx_word' id='word_1_243' title='bbox 763 949 899 967; x_wconf 83' lang='lat' dir='ltr'>nomen</span> <span class='ocrx_word' id='word_1_244' title='bbox 921 949 1029 974; x_wconf 77' lang='lat' dir='ltr'>suum,</span> <span class='ocrx_word' id='word_1_245' title='bbox 1051 939 1161 977; x_wconf 72' lang='lat' dir='ltr'>quihus</span> <span class='ocrx_word' id='word_1_246' title='bbox 1182 941 1274 968; x_wconf 84' lang='lat' dir='ltr'>uita</span> <span class='ocrx_word' id='word_1_247' title='bbox 1295 942 1540 970; x_wconf 74' lang='lat' dir='ltr'>terminaretur?</span> <span class='ocrx_word' id='word_1_248' title='bbox 1567 942 1637 978; x_wconf 90' lang='lat' dir='ltr'>Quo</span> <span class='ocrx_word' id='word_1_249' title='bbox 1658 943 1691 971; x_wconf 88' lang='lat' dir='ltr'>in</span> <span class='ocrx_word' id='word_1_250' title='bbox 1712 943 1782 972; x_wconf 90' lang='lat' dir='ltr'>loco</span> <span class='ocrx_word' id='word_1_251' title='bbox 1804 950 1834 972; x_wconf 87' lang='lat' dir='ltr'>et</span> <span class='ocrx_word' id='word_1_252' title='bbox 1854 943 2047 980; x_wconf 79' lang='lat' dir='ltr'>isdem-fini—</span> 
     </span>
     <span class='ocr_line' id='line_1_18' title="bbox 151 983 2046 1028; baseline 0.003 -15"><span class='ocrx_word' id='word_1_253' title='bbox 151 983 209 1013; x_wconf 79' lang='lat' dir='ltr'>bus</span> <span class='ocrx_word' id='word_1_254' title='bbox 228 991 259 1014; x_wconf 86' lang='lat' dir='ltr'>et</span> <span class='ocrx_word' id='word_1_255' title='bbox 278 996 387 1015; x_wconf 78' lang='lat' dir='ltr'>nomen</span> <span class='ocrx_word' id='word_1_256' title='bbox 408 991 438 1013; x_wconf 82' lang='lat' dir='ltr'>et</span> <span class='ocrx_word' id='word_1_257' title='bbox 459 988 529 1014; x_wconf 79' lang='lat' dir='ltr'>uita</span> <span class='ocrx_word' id='word_1_258' title='bbox 556 987 757 1026; x_wconf 85' lang='lat' dir='ltr'>praeeipuam</span> <span class='ocrx_word' id='word_1_259' title='bbox 783 987 848 1015; x_wconf 89' lang='lat' dir='ltr'>uim</span> <span class='ocrx_word' id='word_1_260' title='bbox 874 986 999 1014; x_wconf 85' lang='lat' dir='ltr'>habent.</span> <span class='ocrx_word' id='word_1_261' title='bbox 1039 987 1129 1015; x_wconf 83' lang='lat' dir='ltr'>Adde</span> <span class='ocrx_word' id='word_1_262' title='bbox 1151 987 1215 1016; x_wconf 85' lang='lat' dir='ltr'>Cic.</span> <span class='ocrx_word' id='word_1_263' title='bbox 1238 988 1309 1016; x_wconf 90' lang='lat' dir='ltr'>Orr.</span> <span class='ocrx_word' id='word_1_264' title='bbox 1331 990 1428 1017; x_wconf 80' lang='lat' dir='ltr'>Partt.</span> <span class='ocrx_word' id='word_1_265' title='bbox 1457 999 1481 1017; x_wconf 81' lang='lat' dir='ltr'>e.</span> <span class='ocrx_word' id='word_1_266' title='bbox 1502 998 1547 1017; x_wconf 78' lang='lat'>20.</span> <span class='ocrx_word' id='word_1_267' title='bbox 1576 987 1603 1028; x_wconf 80' lang='lat'>§.</span> <span class='ocrx_word' id='word_1_268' title='bbox 1624 991 1669 1020; x_wconf 73' lang='lat'>(38.</span> <span class='ocrx_word' id='word_1_269' title='bbox 1711 991 1820 1028; x_wconf 77' lang='lat' dir='ltr'>Quid?</span> <span class='ocrx_word' id='word_1_270' title='bbox 1853 998 1887 1020; x_wconf 79' lang='lat' dir='ltr'>tu</span> <span class='ocrx_word' id='word_1_271' title='bbox 1909 993 2046 1019; x_wconf 77' lang='lat' dir='ltr'>aliamne</span> 
     </span>
     <span class='ocr_line' id='line_1_19' title="bbox 152 1034 2047 1073; baseline 0.003 -13"><span class='ocrx_word' id='word_1_272' title='bbox 152 1043 256 1061; x_wconf 77' lang='lat' dir='ltr'>censes</span> <span class='ocrx_word' id='word_1_273' title='bbox 275 1039 304 1061; x_wconf 77' lang='lat' dir='ltr'>et</span> <span class='ocrx_word' id='word_1_274' title='bbox 324 1044 385 1061; x_wconf 85' lang='lat' dir='ltr'>non</span> <span class='ocrx_word' id='word_1_275' title='bbox 406 1034 544 1069; x_wconf 80' lang='lat' dir='ltr'>eandem,</span> <span class='ocrx_word' id='word_1_276' title='bbox 565 1041 675 1073; x_wconf 76' lang='lat' dir='ltr'>quaest</span> <span class='ocrx_word' id='word_1_277' title='bbox 696 1036 845 1071; x_wconf 76' lang='lat' dir='ltr'>exposita,</span> <span class='ocrx_word' id='word_1_278' title='bbox 866 1040 901 1061; x_wconf 78' lang='lat' dir='ltr'>ut</span> <span class='ocrx_word' id='word_1_279' title='bbox 923 1045 959 1062; x_wconf 78' lang='lat' dir='ltr'>ex</span> <span class='ocrx_word' id='word_1_280' title='bbox 979 1035 1092 1062; x_wconf 78' lang='lat' dir='ltr'>eisdem</span> <span class='ocrx_word' id='word_1_281' title='bbox 1114 1035 1189 1062; x_wconf 76' lang='lat' dir='ltr'>loeis</span> <span class='ocrx_word' id='word_1_282' title='bbox 1210 1037 1254 1063; x_wconf 82' lang='lat' dir='ltr'>acl</span> <span class='ocrx_word' id='word_1_283' title='bbox 1264 1037 1366 1072; x_wconf 79' lang='lat' dir='ltr'>fidem</span> <span class='ocrx_word' id='word_1_284' title='bbox 1387 1042 1415 1064; x_wconf 81' lang='lat' dir='ltr'>et</span> <span class='ocrx_word' id='word_1_285' title='bbox 1436 1037 1480 1064; x_wconf 76' lang='lat' dir='ltr'>acl</span> <span class='ocrx_word' id='word_1_286' title='bbox 1498 1039 1722 1067; x_wconf 67' lang='lat' dir='ltr'>inuenienclum</span> <span class='ocrx_word' id='word_1_287' title='bbox 1739 1040 1898 1068; x_wconf 74' lang='lat' dir='ltr'>ducantur</span> <span class='ocrx_word' id='word_1_288' title='bbox 1918 1038 2047 1068; x_wconf 78' lang='lat' dir='ltr'>omnia?</span> 
     </span>
    </p>
   </div>
   <div class='ocr_carea' id='block_1_3' title="bbox 148 1094 2044 1422">
    <p class='ocr_par' dir='ltr' id='par_1_3' title="bbox 148 1094 2044 1422">
     <span class='ocr_line' id='line_1_20' title="bbox 225 1094 2044 1140; baseline 0.003 -16"><span class='ocrx_word' id='word_1_289' title='bbox 225 1097 318 1125; x_wconf 82' lang='lat' dir='ltr'>Alter</span> <span class='ocrx_word' id='word_1_290' title='bbox 344 1097 431 1125; x_wconf 87' lang='lat' dir='ltr'>Iocus</span> <span class='ocrx_word' id='word_1_291' title='bbox 458 1098 572 1136; x_wconf 77' lang='lat' dir='ltr'>legitur</span> <span class='ocrx_word' id='word_1_292' title='bbox 601 1097 634 1126; x_wconf 88' lang='lat' dir='ltr'>C.</span> <span class='ocrx_word' id='word_1_293' title='bbox 655 1097 784 1125; x_wconf 79' lang='lat' dir='ltr'>XXIV.</span> <span class='ocrx_word' id='word_1_294' title='bbox 813 1094 840 1135; x_wconf 85' lang='lat'>§.</span> <span class='ocrx_word' id='word_1_295' title='bbox 862 1098 906 1135; x_wconf 82' lang='lat'>59.</span> <span class='ocrx_word' id='word_1_296' title='bbox 947 1101 978 1125; x_wconf 86' lang='lat' dir='ltr'>ct</span> <span class='ocrx_word' id='word_1_297' title='bbox 1005 1096 1038 1124; x_wconf 86' lang='lat' dir='ltr'>in</span> <span class='ocrx_word' id='word_1_298' title='bbox 1067 1097 1174 1125; x_wconf 85' lang='lat' dir='ltr'>codice</span> <span class='ocrx_word' id='word_1_299' title='bbox 1201 1098 1403 1135; x_wconf 86' lang='lat' dir='ltr'>Erfurtense,</span> <span class='ocrx_word' id='word_1_300' title='bbox 1432 1099 1483 1128; x_wconf 88' lang='lat' dir='ltr'>eui</span> <span class='ocrx_word' id='word_1_301' title='bbox 1513 1100 1573 1128; x_wconf 80' lang='lat' dir='ltr'>Ox.</span> <span class='ocrx_word' id='word_1_302' title='bbox 1603 1100 1636 1129; x_wconf 93' lang='lat' dir='ltr'>C.</span> <span class='ocrx_word' id='word_1_303' title='bbox 1665 1102 1802 1138; x_wconf 85' lang='lat' dir='ltr'>accedit,</span> <span class='ocrx_word' id='word_1_304' title='bbox 1837 1103 1881 1131; x_wconf 87' lang='lat' dir='ltr'>sic</span> <span class='ocrx_word' id='word_1_305' title='bbox 1909 1102 2044 1140; x_wconf 83' lang='lat' dir='ltr'>scriptus</span> 
     </span>
     <span class='ocr_line' id='line_1_21' title="bbox 154 1146 2043 1188; baseline 0.002 -16"><span class='ocrx_word' id='word_1_306' title='bbox 154 1148 256 1172; x_wconf 81' lang='lat' dir='ltr'>extat:</span> <span class='ocrx_word' id='word_1_307' title='bbox 284 1146 484 1183; x_wconf 74' lang='lat' dir='ltr'>Quamquam</span> <span class='ocrx_word' id='word_1_308' title='bbox 514 1146 559 1173; x_wconf 76' lang='lat' dir='ltr'>acl</span> <span class='ocrx_word' id='word_1_309' title='bbox 580 1151 750 1182; x_wconf 75' lang='lat' dir='ltr'>praecepta</span> <span class='ocrx_word' id='word_1_310' title='bbox 779 1150 868 1172; x_wconf 78' lang='lat' dir='ltr'>aetas</span> <span class='ocrx_word' id='word_1_311' title='bbox 895 1155 957 1172; x_wconf 70' lang='lat' dir='ltr'>noti</span> <span class='ocrx_word' id='word_1_312' title='bbox 985 1151 1029 1172; x_wconf 84' lang='lat' dir='ltr'>est</span> <span class='ocrx_word' id='word_1_313' title='bbox 1052 1147 1188 1183; x_wconf 70' lang='lat' dir='ltr'>grauis;</span> <span class='ocrx_word' id='word_1_314' title='bbox 1221 1147 1389 1175; x_wconf 83' lang='lat' dir='ltr'>Bauaricus</span> <span class='ocrx_word' id='word_1_315' title='bbox 1415 1157 1473 1185; x_wconf 85' lang='lat' dir='ltr'>pro</span> <span class='ocrx_word' id='word_1_316' title='bbox 1499 1150 1612 1185; x_wconf 72' lang='lat' dir='ltr'>grauis</span> <span class='ocrx_word' id='word_1_317' title='bbox 1639 1147 1733 1177; x_wconf 84' lang='lat' dir='ltr'>habet</span> <span class='ocrx_word' id='word_1_318' title='bbox 1755 1160 1894 1188; x_wconf 76' lang='lat' dir='ltr'>gnarus,</span> <span class='ocrx_word' id='word_1_319' title='bbox 1927 1148 2043 1186; x_wconf 82' lang='lat' dir='ltr'>reliqui</span> 
     </span>
     <span class='ocr_line' id='line_1_22' title="bbox 151 1185 2044 1235; baseline 0.002 -14"><span class='ocrx_word' id='word_1_320' title='bbox 151 1191 219 1221; x_wconf 78' lang='lat' dir='ltr'>fere</span> <span class='ocrx_word' id='word_1_321' title='bbox 240 1203 346 1221; x_wconf 88' lang='lat' dir='ltr'>omnes</span> <span class='ocrx_word' id='word_1_322' title='bbox 363 1200 500 1231; x_wconf 76' lang='lat' dir='ltr'>gnatus,</span> <span class='ocrx_word' id='word_1_323' title='bbox 520 1192 613 1232; x_wconf 86' lang='lat' dir='ltr'>pauci</span> <span class='ocrx_word' id='word_1_324' title='bbox 625 1185 744 1230; x_wconf 51' lang='lat' dir='ltr'>galati,</span> <span class='ocrx_word' id='word_1_325' title='bbox 774 1192 938 1230; x_wconf 78' lang='lat' dir='ltr'>pauciores</span> <span class='ocrx_word' id='word_1_326' title='bbox 956 1187 1142 1229; x_wconf 73' lang='lat' dir='ltr'>generatus,</span> <span class='ocrx_word' id='word_1_327' title='bbox 1163 1203 1243 1222; x_wconf 87' lang='lat' dir='ltr'>unus</span> <span class='ocrx_word' id='word_1_328' title='bbox 1260 1201 1375 1232; x_wconf 80' lang='lat' dir='ltr'>gnata.</span> <span class='ocrx_word' id='word_1_329' title='bbox 1414 1194 1461 1223; x_wconf 92' lang='lat' dir='ltr'>Ac</span> <span class='ocrx_word' id='word_1_330' title='bbox 1481 1195 1617 1233; x_wconf 86' lang='lat' dir='ltr'>primum</span> <span class='ocrx_word' id='word_1_331' title='bbox 1639 1197 1779 1234; x_wconf 88' lang='lat' dir='ltr'>quidem,</span> <span class='ocrx_word' id='word_1_332' title='bbox 1807 1208 1846 1225; x_wconf 86' lang='lat' dir='ltr'>ne</span> <span class='ocrx_word' id='word_1_333' title='bbox 1868 1197 1935 1235; x_wconf 87' lang='lat' dir='ltr'>quis</span> <span class='ocrx_word' id='word_1_334' title='bbox 1956 1196 2044 1225; x_wconf 87' lang='lat' dir='ltr'>codi-</span> 
     </span>
     <span class='ocr_line' id='line_1_23' title="bbox 153 1239 2043 1283; baseline 0.002 -15"><span class='ocrx_word' id='word_1_335' title='bbox 153 1239 198 1269; x_wconf 86' lang='lat' dir='ltr'>cis</span> <span class='ocrx_word' id='word_1_336' title='bbox 219 1240 260 1275; x_wconf 91' lang='lat' dir='ltr'>C,</span> <span class='ocrx_word' id='word_1_337' title='bbox 281 1240 333 1278; x_wconf 89' lang='lat' dir='ltr'>qui</span> <span class='ocrx_word' id='word_1_338' title='bbox 357 1250 425 1268; x_wconf 90' lang='lat' dir='ltr'>cum</span> <span class='ocrx_word' id='word_1_339' title='bbox 446 1241 631 1269; x_wconf 82' lang='lat' dir='ltr'>Ersurtense</span> <span class='ocrx_word' id='word_1_340' title='bbox 652 1240 735 1268; x_wconf 86' lang='lat' dir='ltr'>solus</span> <span class='ocrx_word' id='word_1_341' title='bbox 757 1240 947 1275; x_wconf 72' lang='lat' dir='ltr'>consentiat,</span> <span class='ocrx_word' id='word_1_342' title='bbox 969 1240 1101 1278; x_wconf 82' lang='lat' dir='ltr'>aliquam</span> <span class='ocrx_word' id='word_1_343' title='bbox 1122 1241 1338 1270; x_wconf 82' lang='lat' dir='ltr'>auctoritatem</span> <span class='ocrx_word' id='word_1_344' title='bbox 1358 1247 1448 1281; x_wconf 86' lang='lat' dir='ltr'>putet</span> <span class='ocrx_word' id='word_1_345' title='bbox 1469 1252 1551 1279; x_wconf 83' lang='lat' dir='ltr'>esse,</span> <span class='ocrx_word' id='word_1_346' title='bbox 1579 1245 1814 1281; x_wconf 86' lang='lat' dir='ltr'>monendumst,</span> <span class='ocrx_word' id='word_1_347' title='bbox 1842 1254 1918 1283; x_wconf 83' lang='lat' dir='ltr'>quae</span> <span class='ocrx_word' id='word_1_348' title='bbox 1937 1243 1990 1271; x_wconf 85' lang='lat' dir='ltr'>hic</span> <span class='ocrx_word' id='word_1_349' title='bbox 2010 1243 2043 1271; x_wconf 89' lang='lat' dir='ltr'>in</span> 
     </span>
     <span class='ocr_line' id='line_1_24' title="bbox 151 1287 2043 1329; baseline 0.002 -13"><span class='ocrx_word' id='word_1_350' title='bbox 151 1287 209 1316; x_wconf 84' lang='lat' dir='ltr'>illo</span> <span class='ocrx_word' id='word_1_351' title='bbox 229 1288 312 1316; x_wconf 88' lang='lat' dir='ltr'>libro</span> <span class='ocrx_word' id='word_1_352' title='bbox 334 1293 420 1316; x_wconf 82' lang='lat' dir='ltr'>extet</span> <span class='ocrx_word' id='word_1_353' title='bbox 447 1287 616 1326; x_wconf 81' lang='lat' dir='ltr'>scriptura,</span> <span class='ocrx_word' id='word_1_354' title='bbox 645 1298 711 1316; x_wconf 87' lang='lat' dir='ltr'>eam</span> <span class='ocrx_word' id='word_1_355' title='bbox 738 1288 875 1316; x_wconf 84' lang='lat' dir='ltr'>minume</span> <span class='ocrx_word' id='word_1_356' title='bbox 908 1298 947 1315; x_wconf 77' lang='lat' dir='ltr'>ex</span> <span class='ocrx_word' id='word_1_357' title='bbox 968 1297 1003 1315; x_wconf 88' lang='lat' dir='ltr'>eo</span> <span class='ocrx_word' id='word_1_358' title='bbox 1026 1288 1150 1325; x_wconf 80' lang='lat' dir='ltr'>codice,</span> <span class='ocrx_word' id='word_1_359' title='bbox 1179 1289 1232 1327; x_wconf 86' lang='lat' dir='ltr'>qui</span> <span class='ocrx_word' id='word_1_360' title='bbox 1252 1299 1364 1328; x_wconf 88' lang='lat' dir='ltr'>parens</span> <span class='ocrx_word' id='word_1_361' title='bbox 1385 1290 1520 1319; x_wconf 83' lang='lat' dir='ltr'>familiae</span> <span class='ocrx_word' id='word_1_362' title='bbox 1541 1291 1652 1319; x_wconf 82' lang='lat' dir='ltr'>tertiae</span> <span class='ocrx_word' id='word_1_363' title='bbox 1672 1292 1749 1329; x_wconf 83' lang='lat' dir='ltr'>suit,</span> <span class='ocrx_word' id='word_1_364' title='bbox 1777 1293 1810 1320; x_wconf 90' lang='lat' dir='ltr'>in</span> <span class='ocrx_word' id='word_1_365' title='bbox 1830 1292 1921 1320; x_wconf 84' lang='lat' dir='ltr'>illum</span> <span class='ocrx_word' id='word_1_366' title='bbox 1941 1296 2043 1319; x_wconf 64' lang='lat' dir='ltr'>Hans-</span> 
     </span>
     <span class='ocr_line' id='line_1_25' title="bbox 150 1335 2042 1379; baseline 0.001 -15"><span class='ocrx_word' id='word_1_367' title='bbox 150 1335 260 1372; x_wconf 83' lang='lat' dir='ltr'>latam,</span> <span class='ocrx_word' id='word_1_368' title='bbox 300 1340 346 1363; x_wconf 81' lang='lat' dir='ltr'>set</span> <span class='ocrx_word' id='word_1_369' title='bbox 380 1346 396 1362; x_wconf 88' lang='lat' dir='ltr'>a</span> <span class='ocrx_word' id='word_1_370' title='bbox 433 1336 620 1364; x_wconf 82' lang='lat' dir='ltr'>correctoris</span> <span class='ocrx_word' id='word_1_371' title='bbox 654 1346 747 1364; x_wconf 89' lang='lat' dir='ltr'>mauu</span> <span class='ocrx_word' id='word_1_372' title='bbox 781 1335 953 1374; x_wconf 79' lang='lat' dir='ltr'>profectam</span> <span class='ocrx_word' id='word_1_373' title='bbox 989 1345 1053 1363; x_wconf 85' lang='lat' dir='ltr'>esse</span> <span class='ocrx_word' id='word_1_374' title='bbox 1086 1337 1262 1365; x_wconf 84' lang='lat' dir='ltr'>necessario</span> <span class='ocrx_word' id='word_1_375' title='bbox 1296 1338 1389 1365; x_wconf 86' lang='lat' dir='ltr'>statui</span> <span class='ocrx_word' id='word_1_376' title='bbox 1428 1338 1550 1366; x_wconf 73' lang='lat' dir='ltr'>debere.</span> <span class='ocrx_word' id='word_1_377' title='bbox 1601 1338 1684 1367; x_wconf 88' lang='lat' dir='ltr'>Uide</span> <span class='ocrx_word' id='word_1_378' title='bbox 1722 1351 1798 1379; x_wconf 82' lang='lat' dir='ltr'>quae</span> <span class='ocrx_word' id='word_1_379' title='bbox 1827 1349 1920 1378; x_wconf 86' lang='lat' dir='ltr'>supra</span> <span class='ocrx_word' id='word_1_380' title='bbox 1947 1338 1981 1367; x_wconf 89' lang='lat' dir='ltr'>C.</span> <span class='ocrx_word' id='word_1_381' title='bbox 2002 1338 2042 1366; x_wconf 88' lang='lat' dir='ltr'>II.</span> 
     </span>
     <span class='ocr_line' id='line_1_26' title="bbox 148 1380 369 1422; baseline 0 -11"><span class='ocrx_word' id='word_1_382' title='bbox 148 1380 177 1422; x_wconf 83' lang='lat'>§.</span> <span class='ocrx_word' id='word_1_383' title='bbox 197 1384 225 1412; x_wconf 80' lang='lat'>3.</span> <span class='ocrx_word' id='word_1_384' title='bbox 252 1382 369 1411; x_wconf 85' lang='lat' dir='ltr'>monui.</span> 
     </span>
    </p>
   </div>
   <div class='ocr_carea' id='block_1_4' title="bbox 150 1445 2041 1535">
    <p class='ocr_par' dir='ltr' id='par_1_4' title="bbox 150 1445 2041 1535">
     <span class='ocr_line' id='line_1_27' title="bbox 225 1445 2041 1490; baseline 0.002 -15"><span class='ocrx_word' id='word_1_385' title='bbox 225 1447 386 1483; x_wconf 84' lang='lat' dir='ltr'>Editores,</span> <span class='ocrx_word' id='word_1_386' title='bbox 414 1458 545 1485; x_wconf 87' lang='lat' dir='ltr'>quorum</span> <span class='ocrx_word' id='word_1_387' title='bbox 566 1447 603 1475; x_wconf 87' lang='lat' dir='ltr'>ad</span> <span class='ocrx_word' id='word_1_388' title='bbox 623 1447 653 1475; x_wconf 90' lang='lat' dir='ltr'>h.</span> <span class='ocrx_word' id='word_1_389' title='bbox 674 1447 695 1474; x_wconf 93' lang='lat' dir='ltr'>l.</span> <span class='ocrx_word' id='word_1_390' title='bbox 716 1446 932 1474; x_wconf 85' lang='lat' dir='ltr'>adnotationes</span> <span class='ocrx_word' id='word_1_391' title='bbox 954 1445 1089 1483; x_wconf 80' lang='lat' dir='ltr'>integras</span> <span class='ocrx_word' id='word_1_392' title='bbox 1110 1447 1143 1475; x_wconf 88' lang='lat' dir='ltr'>in</span> <span class='ocrx_word' id='word_1_393' title='bbox 1164 1448 1260 1476; x_wconf 86' lang='lat' dir='ltr'>imum</span> <span class='ocrx_word' id='word_1_394' title='bbox 1280 1448 1450 1485; x_wconf 74' lang='lat' dir='ltr'>marginem</span> <span class='ocrx_word' id='word_1_395' title='bbox 1470 1450 1635 1478; x_wconf 80' lang='lat' dir='ltr'>reiecimus</span> <span class='ocrx_word' id='word_1_396' title='bbox 1653 1448 1698 1488; x_wconf 88' lang='lat'>*)‚</span> <span class='ocrx_word' id='word_1_397' title='bbox 1724 1450 1883 1488; x_wconf 76' lang='lat' dir='ltr'>triplicem</span> <span class='ocrx_word' id='word_1_398' title='bbox 1902 1450 2041 1490; x_wconf 82' lang='lat' dir='ltr'>potissu-</span> 
     </span>
     <span class='ocr_line' id='line_1_28' title="bbox 150 1493 2041 1535; baseline 0.003 -14"><span class='ocrx_word' id='word_1_399' title='bbox 150 1503 234 1522; x_wconf 85' lang='lat' dir='ltr'>mum</span> <span class='ocrx_word' id='word_1_400' title='bbox 252 1493 345 1521; x_wconf 84' lang='lat' dir='ltr'>huius</span> <span class='ocrx_word' id='word_1_401' title='bbox 365 1494 428 1521; x_wconf 89' lang='lat' dir='ltr'>loci</span> <span class='ocrx_word' id='word_1_402' title='bbox 449 1495 663 1522; x_wconf 85' lang='lat' dir='ltr'>conformandi</span> <span class='ocrx_word' id='word_1_403' title='bbox 684 1495 767 1523; x_wconf 88' lang='lat' dir='ltr'>uiam</span> <span class='ocrx_word' id='word_1_404' title='bbox 795 1494 925 1531; x_wconf 73' lang='lat' dir='ltr'>ingrcssi</span> <span class='ocrx_word' id='word_1_405' title='bbox 951 1499 1031 1522; x_wconf 86' lang='lat' dir='ltr'>sunt.</span> <span class='ocrx_word' id='word_1_406' title='bbox 1070 1495 1259 1532; x_wconf 80' lang='lat' dir='ltr'>Lambinus,</span> <span class='ocrx_word' id='word_1_407' title='bbox 1297 1497 1350 1534; x_wconf 87' lang='lat' dir='ltr'>qui</span> <span class='ocrx_word' id='word_1_408' title='bbox 1378 1497 1517 1525; x_wconf 84' lang='lat' dir='ltr'>nondum</span> <span class='ocrx_word' id='word_1_409' title='bbox 1537 1498 1604 1526; x_wconf 78' lang='lat' dir='ltr'>Erf.</span> <span class='ocrx_word' id='word_1_410' title='bbox 1633 1498 1819 1535; x_wconf 84' lang='lat' dir='ltr'>scripturam</span> <span class='ocrx_word' id='word_1_411' title='bbox 1844 1504 1969 1535; x_wconf 85' lang='lat' dir='ltr'>nosset,</span> <span class='ocrx_word' id='word_1_412' title='bbox 1997 1498 2041 1527; x_wconf 83' lang='lat' dir='ltr'>ita</span> 
     </span>
    </p>
   </div>
   <div class='ocr_carea' id='block_1_5' title="bbox 103 1619 2041 2500">
    <p class='ocr_par' dir='ltr' id='par_1_5' title="bbox 103 1619 2041 2500">
     <span class='ocr_line' id='line_1_29' title="bbox 217 1619 2040 1658; baseline 0.003 -13"><span class='ocrx_word' id='word_1_413' title='bbox 217 1619 239 1652; x_wconf 68' lang='lat'>‘)</span> <span class='ocrx_word' id='word_1_414' title='bbox 256 1619 304 1645; x_wconf 81' lang='lat' dir='ltr'>Ad</span> <span class='ocrx_word' id='word_1_415' title='bbox 316 1626 465 1654; x_wconf 75' lang='lat' dir='ltr'>praecepta</span> <span class='ocrx_word' id='word_1_416' title='bbox 483 1627 563 1647; x_wconf 78' lang='lat' dir='ltr'>aetas</span> <span class='ocrx_word' id='word_1_417' title='bbox 581 1632 635 1648; x_wconf 82' lang='lat' dir='ltr'>non</span> <span class='ocrx_word' id='word_1_418' title='bbox 654 1626 695 1646; x_wconf 79' lang='lat' dir='ltr'>est</span> <span class='ocrx_word' id='word_1_419' title='bbox 712 1622 785 1655; x_wconf 79' lang='lat' dir='ltr'>nati]</span> <span class='ocrx_word' id='word_1_420' title='bbox 822 1620 898 1645; x_wconf 84' lang='lat' dir='ltr'>Libri</span> <span class='ocrx_word' id='word_1_421' title='bbox 916 1625 1024 1646; x_wconf 70' lang='lat' dir='ltr'>ueteres</span> <span class='ocrx_word' id='word_1_422' title='bbox 1043 1622 1156 1654; x_wconf 81' lang='lat' dir='ltr'>habent,</span> <span class='ocrx_word' id='word_1_423' title='bbox 1185 1624 1222 1647; x_wconf 73' lang='lat' dir='ltr'>ad</span> <span class='ocrx_word' id='word_1_424' title='bbox 1236 1633 1267 1657; x_wconf 45' lang='lat' dir='ltr'>p,</span> <span class='ocrx_word' id='word_1_425' title='bbox 1286 1629 1364 1648; x_wconf 77' lang='lat' dir='ltr'>aetas</span> <span class='ocrx_word' id='word_1_426' title='bbox 1383 1633 1436 1649; x_wconf 78' lang='lat' dir='ltr'>non</span> <span class='ocrx_word' id='word_1_427' title='bbox 1455 1628 1495 1648; x_wconf 70' lang='lat' dir='ltr'>est</span> <span class='ocrx_word' id='word_1_428' title='bbox 1522 1629 1685 1657; x_wconf 73' lang='lat' dir='ltr'>generatus5</span> <span class='ocrx_word' id='word_1_429' title='bbox 1713 1626 1785 1658; x_wconf 85' lang='lat' dir='ltr'>quod</span> <span class='ocrx_word' id='word_1_430' title='bbox 1802 1626 1967 1658; x_wconf 77' lang='lat' dir='ltr'>subindicat,</span> <span class='ocrx_word' id='word_1_431' title='bbox 1995 1626 2040 1651; x_wconf 81' lang='lat' dir='ltr'>hic</span> 
     </span>
     <span class='ocr_line' id='line_1_30' title="bbox 148 1664 2041 1704; baseline 0.002 -14"><span class='ocrx_word' id='word_1_432' title='bbox 148 1664 248 1698; x_wconf 81' lang='lat' dir='ltr'>aliquid</span> <span class='ocrx_word' id='word_1_433' title='bbox 267 1664 376 1689; x_wconf 75' lang='lat' dir='ltr'>subesse</span> <span class='ocrx_word' id='word_1_434' title='bbox 403 1666 510 1692; x_wconf 80' lang='lat' dir='ltr'>ulceris.</span> <span class='ocrx_word' id='word_1_435' title='bbox 546 1668 607 1692; x_wconf 89' lang='lat' dir='ltr'>Hoc</span> <span class='ocrx_word' id='word_1_436' title='bbox 635 1667 714 1699; x_wconf 83' lang='lat' dir='ltr'>igitur</span> <span class='ocrx_word' id='word_1_437' title='bbox 739 1671 814 1691; x_wconf 80' lang='lat' dir='ltr'>sanet</span> <span class='ocrx_word' id='word_1_438' title='bbox 838 1666 924 1690; x_wconf 71' lang='lat' dir='ltr'>lector</span> <span class='ocrx_word' id='word_1_439' title='bbox 943 1667 1069 1692; x_wconf 82' lang='lat' dir='ltr'>eruditus.</span> <span class='ocrx_word' id='word_1_440' title='bbox 1106 1667 1222 1699; x_wconf 80' lang='lat' dir='ltr'>Quidam</span> <span class='ocrx_word' id='word_1_441' title='bbox 1245 1667 1377 1700; x_wconf 87' lang='lat' dir='ltr'>[homines</span> <span class='ocrx_word' id='word_1_442' title='bbox 1397 1668 1481 1701; x_wconf 84' lang='lat' dir='ltr'>docti]</span> <span class='ocrx_word' id='word_1_443' title='bbox 1508 1670 1545 1693; x_wconf 86' lang='lat' dir='ltr'>sic</span> <span class='ocrx_word' id='word_1_444' title='bbox 1570 1668 1676 1701; x_wconf 83' lang='lat' dir='ltr'>legunt,</span> <span class='ocrx_word' id='word_1_445' title='bbox 1703 1675 1781 1695; x_wconf 81' lang='lat' dir='ltr'>aetas</span> <span class='ocrx_word' id='word_1_446' title='bbox 1805 1676 1873 1704; x_wconf 83' lang='lat' dir='ltr'>opta</span> <span class='ocrx_word' id='word_1_447' title='bbox 1891 1671 1967 1700; x_wconf 78' lang='lat' dir='ltr'>nati,</span> <span class='ocrx_word' id='word_1_448' title='bbox 1993 1678 2041 1695; x_wconf 87' lang='lat' dir='ltr'>seu</span> 
     </span>
     <span class='ocr_line' id='line_1_31' title="bbox 145 1708 2040 1748; baseline 0.004 -16"><span class='ocrx_word' id='word_1_449' title='bbox 145 1708 244 1744; x_wconf 77' lang='lat' dir='ltr'>gnati5</span> <span class='ocrx_word' id='word_1_450' title='bbox 271 1717 319 1742; x_wconf 85' lang='lat' dir='ltr'>ego</span> <span class='ocrx_word' id='word_1_451' title='bbox 346 1715 434 1735; x_wconf 82' lang='lat' dir='ltr'>autem</span> <span class='ocrx_word' id='word_1_452' title='bbox 458 1711 496 1735; x_wconf 87' lang='lat' dir='ltr'>sic</span> <span class='ocrx_word' id='word_1_453' title='bbox 517 1712 621 1745; x_wconf 83' lang='lat' dir='ltr'>potius,</span> <span class='ocrx_word' id='word_1_454' title='bbox 648 1712 685 1736; x_wconf 81' lang='lat' dir='ltr'>ad</span> <span class='ocrx_word' id='word_1_455' title='bbox 697 1715 846 1744; x_wconf 78' lang='lat' dir='ltr'>praecepta</span> <span class='ocrx_word' id='word_1_456' title='bbox 865 1715 933 1743; x_wconf 80' lang='lat' dir='ltr'>apta</span> <span class='ocrx_word' id='word_1_457' title='bbox 953 1713 1030 1734; x_wconf 78' lang='lat' dir='ltr'>aetas</span> <span class='ocrx_word' id='word_1_458' title='bbox 1049 1718 1102 1734; x_wconf 84' lang='lat' dir='ltr'>non</span> <span class='ocrx_word' id='word_1_459' title='bbox 1123 1715 1163 1735; x_wconf 74' lang='lat' dir='ltr'>est</span> <span class='ocrx_word' id='word_1_460' title='bbox 1190 1713 1260 1737; x_wconf 79' lang='lat' dir='ltr'>nati.</span> <span class='ocrx_word' id='word_1_461' title='bbox 1299 1713 1464 1737; x_wconf 83' lang='lat' dir='ltr'>Credibilest</span> <span class='ocrx_word' id='word_1_462' title='bbox 1489 1713 1574 1745; x_wconf 86' lang='lat' dir='ltr'>enirn,</span> <span class='ocrx_word' id='word_1_463' title='bbox 1606 1722 1703 1739; x_wconf 86' lang='lat' dir='ltr'>uocem</span> <span class='ocrx_word' id='word_1_464' title='bbox 1722 1720 1788 1748; x_wconf 80' lang='lat' dir='ltr'>apta</span> <span class='ocrx_word' id='word_1_465' title='bbox 1809 1715 1930 1739; x_wconf 79' lang='lat' dir='ltr'>omissam</span> <span class='ocrx_word' id='word_1_466' title='bbox 1949 1723 2006 1739; x_wconf 84' lang='lat' dir='ltr'>esse</span> <span class='ocrx_word' id='word_1_467' title='bbox 2026 1724 2040 1738; x_wconf 81' lang='lat' dir='ltr'>a</span> 
     </span>
     <span class='ocr_line' id='line_1_32' title="bbox 147 1752 2039 1793; baseline 0.003 -16"><span class='ocrx_word' id='word_1_468' title='bbox 147 1752 258 1778; x_wconf 81' lang='lat' dir='ltr'>librario</span> <span class='ocrx_word' id='word_1_469' title='bbox 279 1759 384 1779; x_wconf 81' lang='lat' dir='ltr'>errante</span> <span class='ocrx_word' id='word_1_470' title='bbox 403 1761 514 1789; x_wconf 86' lang='lat' dir='ltr'>propter</span> <span class='ocrx_word' id='word_1_471' title='bbox 531 1755 728 1781; x_wconf 82' lang='lat' dir='ltr'>similitudinem</span> <span class='ocrx_word' id='word_1_472' title='bbox 746 1755 896 1779; x_wconf 78' lang='lat' dir='ltr'>ultimarum</span> <span class='ocrx_word' id='word_1_473' title='bbox 914 1755 1064 1780; x_wconf 77' lang='lat' dir='ltr'>litterarum</span> <span class='ocrx_word' id='word_1_474' title='bbox 1082 1756 1156 1779; x_wconf 89' lang='lat' dir='ltr'>uocis</span> <span class='ocrx_word' id='word_1_475' title='bbox 1169 1761 1328 1789; x_wconf 79' lang='lat' dir='ltr'>praecepta.</span> <span class='ocrx_word' id='word_1_476' title='bbox 1363 1757 1575 1784; x_wconf 72' lang='lat' dir='ltr'><em>LAMBINL‘S.</em></span> <span class='ocrx_word' id='word_1_477' title='bbox 1609 1757 1666 1784; x_wconf 73' lang='lat' dir='ltr'>Erf.</span> <span class='ocrx_word' id='word_1_478' title='bbox 1686 1764 1764 1783; x_wconf 76' lang='lat' dir='ltr'>aetas·</span> <span class='ocrx_word' id='word_1_479' title='bbox 1788 1769 1841 1783; x_wconf 84' lang='lat' dir='ltr'>non</span> <span class='ocrx_word' id='word_1_480' title='bbox 1867 1764 1907 1784; x_wconf 82' lang='lat' dir='ltr'>est</span> <span class='ocrx_word' id='word_1_481' title='bbox 1929 1758 2039 1793; x_wconf 77' lang='lat' dir='ltr'>grauis,-</span> 
     </span>
     <span class='ocr_line' id='line_1_33' title="bbox 103 1797 2040 1837; baseline 0.003 -15"><span class='ocrx_word' id='word_1_482' title='bbox 103 1802 109 1803; x_wconf 63' lang='grc'><em>’</em></span> <span class='ocrx_word' id='word_1_483' title='bbox 147 1806 201 1823; x_wconf 83' lang='lat' dir='ltr'>non</span> <span class='ocrx_word' id='word_1_484' title='bbox 219 1797 252 1823; x_wconf 87' lang='lat' dir='ltr'>ad</span> <span class='ocrx_word' id='word_1_485' title='bbox 269 1797 341 1822; x_wconf 81' lang='lat' dir='ltr'>illam</span> <span class='ocrx_word' id='word_1_486' title='bbox 359 1809 467 1832; x_wconf 78' lang='lat' dir='ltr'>grauem</span> <span class='ocrx_word' id='word_1_487' title='bbox 485 1806 598 1826; x_wconf 80' lang='lat' dir='ltr'>aetatem</span> <span class='ocrx_word' id='word_1_488' title='bbox 617 1800 699 1832; x_wconf 83' lang='lat' dir='ltr'>uenit,</span> <span class='ocrx_word' id='word_1_489' title='bbox 720 1809 786 1833; x_wconf 73' lang='lat' dir='ltr'>quae</span> <span class='ocrx_word' id='word_1_490' title='bbox 805 1800 889 1833; x_wconf 80' lang='lat' dir='ltr'>possit</span> <span class='ocrx_word' id='word_1_491' title='bbox 908 1800 974 1824; x_wconf 74' lang='lat' dir='ltr'>haec</span> <span class='ocrx_word' id='word_1_492' title='bbox 994 1804 1137 1832; x_wconf 76' lang='lat' dir='ltr'>praecepta</span> <span class='ocrx_word' id='word_1_493' title='bbox 1155 1800 1320 1835; x_wconf 75' lang='lat' dir='ltr'>intellegere.</span> <span class='ocrx_word' id='word_1_494' title='bbox 1358 1801 1416 1826; x_wconf 83' lang='lat' dir='ltr'>Cic.</span> <span class='ocrx_word' id='word_1_495' title='bbox 1435 1801 1468 1826; x_wconf 85' lang='lat' dir='ltr'>de</span> <span class='ocrx_word' id='word_1_496' title='bbox 1488 1806 1602 1826; x_wconf 61' lang='lat' dir='ltr'>seneen:</span> <span class='ocrx_word' id='word_1_497' title='bbox 1629 1804 1665 1827; x_wconf 77' lang='lat' dir='ltr'>Ut</span> <span class='ocrx_word' id='word_1_498' title='bbox 1684 1804 1754 1827; x_wconf 84' lang='lat' dir='ltr'>enim</span> <span class='ocrx_word' id='word_1_499' title='bbox 1774 1804 1923 1837; x_wconf 75' lang='lat' dir='ltr'>infirmitas</span> <span class='ocrx_word' id='word_1_500' title='bbox 1938 1811 2040 1837; x_wconf 82' lang='lat' dir='ltr'>puero-</span> 
     </span>
     <span class='ocr_line' id='line_1_34' title="bbox 147 1841 2041 1882; baseline 0.004 -16"><span class='ocrx_word' id='word_1_501' title='bbox 147 1849 208 1866; x_wconf 80' lang='lat' dir='ltr'>rum</span> <span class='ocrx_word' id='word_1_502' title='bbox 226 1845 253 1866; x_wconf 79' lang='lat' dir='ltr'>et</span> <span class='ocrx_word' id='word_1_503' title='bbox 270 1841 409 1876; x_wconf 76' lang='lat' dir='ltr'>ferocitas</span> <span class='ocrx_word' id='word_1_504' title='bbox 427 1845 556 1870; x_wconf 81' lang='lat' dir='ltr'>iuuenum</span> <span class='ocrx_word' id='word_1_505' title='bbox 575 1850 601 1870; x_wconf 80' lang='lat' dir='ltr'>et</span> <span class='ocrx_word' id='word_1_506' title='bbox 617 1844 746 1879; x_wconf 73' lang='lat' dir='ltr'>grauitas</span> <span class='ocrx_word' id='word_1_507' title='bbox 764 1844 819 1868; x_wconf 80' lang='lat' dir='ltr'>iam</span> <span class='ocrx_word' id='word_1_508' title='bbox 839 1844 991 1868; x_wconf 76' lang='lat' dir='ltr'>constantis</span> <span class='ocrx_word' id='word_1_509' title='bbox 1010 1843 1127 1868; x_wconf 74' lang='lat' dir='ltr'>aetatis:</span> <span class='ocrx_word' id='word_1_510' title='bbox 1153 1844 1192 1868; x_wconf 81' lang='lat' dir='ltr'>sic</span> <span class='ocrx_word' id='word_1_511' title='bbox 1209 1846 1356 1871; x_wconf 78' lang='lat' dir='ltr'>senectutis</span> <span class='ocrx_word' id='word_1_512' title='bbox 1374 1846 1522 1871; x_wconf 77' lang='lat' dir='ltr'>maturitas</span> <span class='ocrx_word' id='word_1_513' title='bbox 1541 1846 1669 1871; x_wconf 78' lang='lat' dir='ltr'>naturale</span> <span class='ocrx_word' id='word_1_514' title='bbox 1686 1849 1821 1881; x_wconf 74' lang='lat' dir='ltr'>quoddam</span> <span class='ocrx_word' id='word_1_515' title='bbox 1839 1848 1939 1880; x_wconf 79' lang='lat' dir='ltr'>habet,</span> <span class='ocrx_word' id='word_1_516' title='bbox 1969 1848 2041 1882; x_wconf 83' lang='lat' dir='ltr'>quod</span> 
     </span>
     <span class='ocr_line' id='line_1_35' title="bbox 147 1888 2038 1925; baseline 0.004 -16"><span class='ocrx_word' id='word_1_517' title='bbox 147 1893 195 1910; x_wconf 79' lang='lat' dir='ltr'>suo</span> <span class='ocrx_word' id='word_1_518' title='bbox 213 1889 331 1920; x_wconf 77' lang='lat' dir='ltr'>tempore</span> <span class='ocrx_word' id='word_1_519' title='bbox 344 1888 452 1922; x_wconf 78' lang='lat' dir='ltr'>percipi</span> <span class='ocrx_word' id='word_1_520' title='bbox 469 1890 574 1915; x_wconf 74' lang='lat' dir='ltr'>debeat.</span> <span class='ocrx_word' id='word_1_521' title='bbox 611 1889 820 1915; x_wconf 76' lang='lat' dir='ltr'>GRAEUIUS.</span> <span class='ocrx_word' id='word_1_522' title='bbox 857 1889 958 1914; x_wconf 78' lang='lat' dir='ltr'>Grauis</span> <span class='ocrx_word' id='word_1_523' title='bbox 976 1889 1003 1913; x_wconf 90' lang='lat' dir='ltr'>id</span> <span class='ocrx_word' id='word_1_524' title='bbox 1024 1893 1063 1912; x_wconf 87' lang='lat' dir='ltr'>est</span> <span class='ocrx_word' id='word_1_525' title='bbox 1080 1889 1143 1913; x_wconf 79' lang='lat' dir='ltr'>satis</span> <span class='ocrx_word' id='word_1_526' title='bbox 1163 1896 1293 1915; x_wconf 83' lang='lat' dir='ltr'>constans.</span> <span class='ocrx_word' id='word_1_527' title='bbox 1329 1891 1373 1916; x_wconf 82' lang='lat' dir='ltr'>Sic</span> <span class='ocrx_word' id='word_1_528' title='bbox 1392 1890 1443 1916; x_wconf 89' lang='lat' dir='ltr'>Ms.</span> <span class='ocrx_word' id='word_1_529' title='bbox 1463 1890 1527 1916; x_wconf 78' lang='lat' dir='ltr'>Erf..</span> <span class='ocrx_word' id='word_1_530' title='bbox 1564 1891 1632 1918; x_wconf 84' lang='lat' dir='ltr'>Edd.</span> <span class='ocrx_word' id='word_1_531' title='bbox 1651 1901 1690 1925; x_wconf 87' lang='lat' dir='ltr'>pr.</span> <span class='ocrx_word' id='word_1_532' title='bbox 1707 1898 1824 1925; x_wconf 65' lang='lat' dir='ltr'>gnatus,</span> <span class='ocrx_word' id='word_1_533' title='bbox 1852 1893 1922 1918; x_wconf 86' lang='lat' dir='ltr'>unde</span> <span class='ocrx_word' id='word_1_534' title='bbox 1940 1894 2038 1918; x_wconf 77' lang='lat' dir='ltr'>factum</span> 
     </span>
     <span class='ocr_line' id='line_1_36' title="bbox 144 1929 2039 1970; baseline 0.005 -16"><span class='ocrx_word' id='word_1_535' title='bbox 144 1929 227 1964; x_wconf 76' lang='lat' dir='ltr'>gnati</span> <span class='ocrx_word' id='word_1_536' title='bbox 243 1939 264 1955; x_wconf 80' lang='lat' dir='ltr'>s.</span> <span class='ocrx_word' id='word_1_537' title='bbox 283 1931 360 1964; x_wconf 72' lang='lat' dir='ltr'>nali,</span> <span class='ocrx_word' id='word_1_538' title='bbox 393 1933 506 1965; x_wconf 81' lang='lat' dir='ltr'>primum</span> <span class='ocrx_word' id='word_1_539' title='bbox 525 1934 557 1959; x_wconf 85' lang='lat' dir='ltr'>ab</span> <span class='ocrx_word' id='word_1_540' title='bbox 575 1933 657 1959; x_wconf 86' lang='lat' dir='ltr'>Aldo.</span> <span class='ocrx_word' id='word_1_541' title='bbox 695 1933 893 1966; x_wconf 76' lang='lat' dir='ltr'>superuacuum</span> <span class='ocrx_word' id='word_1_542' title='bbox 914 1939 970 1959; x_wconf 86' lang='lat' dir='ltr'>erat</span> <span class='ocrx_word' id='word_1_543' title='bbox 988 1933 1087 1958; x_wconf 80' lang='lat' dir='ltr'>addere</span> <span class='ocrx_word' id='word_1_544' title='bbox 1106 1942 1203 1959; x_wconf 83' lang='lat' dir='ltr'>nomen</span> <span class='ocrx_word' id='word_1_545' title='bbox 1222 1936 1272 1967; x_wconf 81' lang='lat' dir='ltr'>fili,</span> <span class='ocrx_word' id='word_1_546' title='bbox 1299 1941 1327 1960; x_wconf 86' lang='lat' dir='ltr'>et</span> <span class='ocrx_word' id='word_1_547' title='bbox 1346 1935 1442 1960; x_wconf 78' lang='lat' dir='ltr'>dixisse</span> <span class='ocrx_word' id='word_1_548' title='bbox 1454 1934 1505 1967; x_wconf 87' lang='lat' dir='ltr'>fili</span> <span class='ocrx_word' id='word_1_549' title='bbox 1523 1935 1568 1959; x_wconf 80' lang='lat' dir='ltr'>uel</span> <span class='ocrx_word' id='word_1_550' title='bbox 1583 1937 1671 1968; x_wconf 83' lang='lat' dir='ltr'>pueri.</span> <span class='ocrx_word' id='word_1_551' title='bbox 1708 1937 1824 1970; x_wconf 79' lang='lat' dir='ltr'>Uestigia</span> <span class='ocrx_word' id='word_1_552' title='bbox 1843 1947 1922 1963; x_wconf 87' lang='lat' dir='ltr'>uerae</span> <span class='ocrx_word' id='word_1_553' title='bbox 1941 1938 2039 1962; x_wconf 79' lang='lat' dir='ltr'>lectio-</span> 
     </span>
     <span class='ocr_line' id='line_1_37' title="bbox 146 1975 2036 2016; baseline 0.003 -15"><span class='ocrx_word' id='word_1_554' title='bbox 146 1975 187 2001; x_wconf 84' lang='lat' dir='ltr'>nis</span> <span class='ocrx_word' id='word_1_555' title='bbox 204 1975 309 2001; x_wconf 80' lang='lat' dir='ltr'>suntin</span> <span class='ocrx_word' id='word_1_556' title='bbox 327 1977 442 2003; x_wconf 84' lang='lat' dir='ltr'>lectione</span> <span class='ocrx_word' id='word_1_557' title='bbox 458 1983 551 2003; x_wconf 81' lang='lat' dir='ltr'>uetere</span> <span class='ocrx_word' id='word_1_558' title='bbox 569 1983 682 2012; x_wconf 79' lang='lat' dir='ltr'>gnatus.</span> <span class='ocrx_word' id='word_1_559' title='bbox 716 1980 945 2004; x_wconf 74' lang='lat' dir='ltr'><em>ERNESTIUS.</em></span> <span class='ocrx_word' id='word_1_560' title='bbox 982 1978 1060 2002; x_wconf 86' lang='lat' dir='ltr'>Hunc</span> <span class='ocrx_word' id='word_1_561' title='bbox 1081 1986 1233 2011; x_wconf 60' lang='lat' dir='ltr'>per-sanasse</span> <span class='ocrx_word' id='word_1_562' title='bbox 1252 1978 1340 2003; x_wconf 66' lang='lat' dir='ltr'>locuni</span> <span class='ocrx_word' id='word_1_563' title='bbox 1359 1979 1474 2004; x_wconf 82' lang='lat' dir='ltr'>arbitror</span> <span class='ocrx_word' id='word_1_564' title='bbox 1493 1980 1605 2004; x_wconf 85' lang='lat' dir='ltr'>Pareum</span> <span class='ocrx_word' id='word_1_565' title='bbox 1631 1981 1656 2005; x_wconf 86' lang='lat' dir='ltr'>in</span> <span class='ocrx_word' id='word_1_566' title='bbox 1674 1981 1742 2006; x_wconf 81' lang='lat' dir='ltr'>Lex.</span> <span class='ocrx_word' id='word_1_567' title='bbox 1764 1981 1829 2007; x_wconf 90' lang='lat' dir='ltr'>Crit.</span> <span class='ocrx_word' id='word_1_568' title='bbox 1848 1992 1873 2016; x_wconf 88' lang='lat' dir='ltr'>p.</span> <span class='ocrx_word' id='word_1_569' title='bbox 1891 1983 1961 2015; x_wconf 61' lang='lat'>429„</span> <span class='ocrx_word' id='word_1_570' title='bbox 1978 1983 2036 2006; x_wconf 88' lang='lat' dir='ltr'>siue</span> 
     </span>
     <span class='ocr_line' id='line_1_38' title="bbox 149 2018 2036 2060; baseline 0.004 -17"><span class='ocrx_word' id='word_1_571' title='bbox 149 2018 284 2044; x_wconf 79' lang='lat' dir='ltr'>Gifanium</span> <span class='ocrx_word' id='word_1_572' title='bbox 301 2021 429 2047; x_wconf 75' lang='lat' dir='ltr'>nominari</span> <span class='ocrx_word' id='word_1_573' title='bbox 448 2023 546 2055; x_wconf 84' lang='lat' dir='ltr'>mauis,</span> <span class='ocrx_word' id='word_1_574' title='bbox 579 2032 611 2049; x_wconf 77' lang='lat' dir='ltr'>ex</span> <span class='ocrx_word' id='word_1_575' title='bbox 638 2032 690 2057; x_wconf 90' lang='lat' dir='ltr'>quo</span> <span class='ocrx_word' id='word_1_576' title='bbox 717 2023 763 2048; x_wconf 87' lang='lat' dir='ltr'>ille</span> <span class='ocrx_word' id='word_1_577' title='bbox 783 2024 913 2057; x_wconf 78' lang='lat' dir='ltr'>profecit,</span> <span class='ocrx_word' id='word_1_578' title='bbox 944 2032 1001 2047; x_wconf 90' lang='lat' dir='ltr'>cum</span> <span class='ocrx_word' id='word_1_579' title='bbox 1021 2023 1101 2056; x_wconf 77' lang='lat' dir='ltr'>legit,</span> <span class='ocrx_word' id='word_1_580' title='bbox 1135 2032 1299 2057; x_wconf 82' lang='lat' dir='ltr'>quamquam</span> <span class='ocrx_word' id='word_1_581' title='bbox 1318 2024 1355 2048; x_wconf 85' lang='lat' dir='ltr'>ad</span> <span class='ocrx_word' id='word_1_582' title='bbox 1367 2029 1517 2057; x_wconf 76' lang='lat' dir='ltr'>praecepla</span> <span class='ocrx_word' id='word_1_583' title='bbox 1535 2030 1614 2049; x_wconf 75' lang='lat' dir='ltr'>aelus</span> <span class='ocrx_word' id='word_1_584' title='bbox 1633 2034 1687 2049; x_wconf 79' lang='lat' dir='ltr'>non</span> <span class='ocrx_word' id='word_1_585' title='bbox 1705 2030 1760 2057; x_wconf 83' lang='lat' dir='ltr'>est,</span> <span class='ocrx_word' id='word_1_586' title='bbox 1786 2026 1873 2051; x_wconf 86' lang='lat' dir='ltr'>eiecto</span> <span class='ocrx_word' id='word_1_587' title='bbox 1891 2027 1938 2051; x_wconf 86' lang='lat' dir='ltr'>illo</span> <span class='ocrx_word' id='word_1_588' title='bbox 1956 2026 2036 2060; x_wconf 82' lang='lat' dir='ltr'>plane</span> 
     </span>
     <span class='ocr_line' id='line_1_39' title="bbox 146 2064 2035 2102; baseline 0.003 -12"><span class='ocrx_word' id='word_1_589' title='bbox 146 2064 294 2097; x_wconf 83' lang='lat' dir='ltr'>uocabulo,</span> <span class='ocrx_word' id='word_1_590' title='bbox 320 2065 346 2090; x_wconf 86' lang='lat' dir='ltr'>in</span> <span class='ocrx_word' id='word_1_591' title='bbox 365 2074 416 2098; x_wconf 91' lang='lat' dir='ltr'>quo</span> <span class='ocrx_word' id='word_1_592' title='bbox 434 2067 559 2092; x_wconf 75' lang='lat' dir='ltr'>uariatur.</span> <span class='ocrx_word' id='word_1_593' title='bbox 595 2067 703 2092; x_wconf 84' lang='lat' dir='ltr'>Frustra</span> <span class='ocrx_word' id='word_1_594' title='bbox 720 2067 816 2101; x_wconf 80' lang='lat' dir='ltr'>grauis</span> <span class='ocrx_word' id='word_1_595' title='bbox 834 2077 848 2092; x_wconf 79' lang='lat' dir='ltr'>a</span> <span class='ocrx_word' id='word_1_596' title='bbox 868 2067 986 2092; x_wconf 78' lang='lat' dir='ltr'>Graenio</span> <span class='ocrx_word' id='word_1_597' title='bbox 1007 2072 1033 2092; x_wconf 88' lang='lat' dir='ltr'>et</span> <span class='ocrx_word' id='word_1_598' title='bbox 1049 2068 1164 2092; x_wconf 84' lang='lat' dir='ltr'>Ernesto</span> <span class='ocrx_word' id='word_1_599' title='bbox 1182 2068 1325 2101; x_wconf 78' lang='lat' dir='ltr'>probatur,</span> <span class='ocrx_word' id='word_1_600' title='bbox 1353 2077 1420 2102; x_wconf 80' lang='lat' dir='ltr'>quae</span> <span class='ocrx_word' id='word_1_601' title='bbox 1441 2069 1536 2093; x_wconf 80' lang='lat' dir='ltr'>ceteris</span> <span class='ocrx_word' id='word_1_602' title='bbox 1554 2069 1721 2094; x_wconf 82' lang='lat' dir='ltr'>tolerabilior</span> <span class='ocrx_word' id='word_1_603' title='bbox 1741 2075 1779 2094; x_wconf 78' lang='lat' dir='ltr'>est</span> <span class='ocrx_word' id='word_1_604' title='bbox 1795 2071 1897 2102; x_wconf 74' lang='lat' dir='ltr'>glossa5</span> <span class='ocrx_word' id='word_1_605' title='bbox 1920 2076 2035 2096; x_wconf 85' lang='lat' dir='ltr'>monstra</span> 
     </span>
     <span class='ocr_line' id='line_1_40' title="bbox 146 2109 2035 2148; baseline 0.003 -15"><span class='ocrx_word' id='word_1_606' title='bbox 146 2118 212 2135; x_wconf 82' lang='lat' dir='ltr'>uero</span> <span class='ocrx_word' id='word_1_607' title='bbox 231 2113 291 2134; x_wconf 71' lang='lat' dir='ltr'>Slmt</span> <span class='ocrx_word' id='word_1_608' title='bbox 308 2109 369 2140; x_wconf 84' lang='lat' dir='ltr'>illa,</span> <span class='ocrx_word' id='word_1_609' title='bbox 396 2116 559 2143; x_wconf 80' lang='lat' dir='ltr'>generatus,</span> <span class='ocrx_word' id='word_1_610' title='bbox 586 2116 613 2136; x_wconf 83' lang='lat' dir='ltr'>et</span> <span class='ocrx_word' id='word_1_611' title='bbox 628 2116 749 2145; x_wconf 81' lang='lat' dir='ltr'>gnatus,</span> <span class='ocrx_word' id='word_1_612' title='bbox 775 2112 847 2145; x_wconf 88' lang='lat' dir='ltr'>quod</span> <span class='ocrx_word' id='word_1_613' title='bbox 867 2117 906 2136; x_wconf 85' lang='lat' dir='ltr'>est</span> <span class='ocrx_word' id='word_1_614' title='bbox 923 2112 949 2137; x_wconf 87' lang='lat' dir='ltr'>iu</span> <span class='ocrx_word' id='word_1_615' title='bbox 969 2112 1047 2136; x_wconf 88' lang='lat' dir='ltr'>Rom.</span> <span class='ocrx_word' id='word_1_616' title='bbox 1069 2118 1096 2136; x_wconf 83' lang='lat' dir='ltr'>et</span> <span class='ocrx_word' id='word_1_617' title='bbox 1113 2112 1202 2146; x_wconf 82' lang='lat' dir='ltr'>priore</span> <span class='ocrx_word' id='word_1_618' title='bbox 1221 2113 1305 2143; x_wconf 59' lang='lat' dir='ltr'>Uen„</span> <span class='ocrx_word' id='word_1_619' title='bbox 1333 2113 1359 2138; x_wconf 92' lang='lat' dir='ltr'>in</span> <span class='ocrx_word' id='word_1_620' title='bbox 1378 2121 1438 2137; x_wconf 87' lang='lat' dir='ltr'>meo</span> <span class='ocrx_word' id='word_1_621' title='bbox 1459 2114 1518 2138; x_wconf 90' lang='lat' dir='ltr'>cod.</span> <span class='ocrx_word' id='word_1_622' title='bbox 1538 2118 1565 2137; x_wconf 84' lang='lat' dir='ltr'>et</span> <span class='ocrx_word' id='word_1_623' title='bbox 1583 2113 1609 2137; x_wconf 83' lang='lat' dir='ltr'>in</span> <span class='ocrx_word' id='word_1_624' title='bbox 1630 2113 1709 2138; x_wconf 80' lang='lat' dir='ltr'>Barb.</span> <span class='ocrx_word' id='word_1_625' title='bbox 1729 2123 1743 2138; x_wconf 86' lang='lat' dir='ltr'>a</span> <span class='ocrx_word' id='word_1_626' title='bbox 1762 2123 1839 2139; x_wconf 78' lang='lat' dir='ltr'>manu</span> <span class='ocrx_word' id='word_1_627' title='bbox 1858 2115 1957 2148; x_wconf 79' lang='lat' dir='ltr'>prima:</span> <span class='ocrx_word' id='word_1_628' title='bbox 1975 2124 2035 2139; x_wconf 86' lang='lat' dir='ltr'>nam</span> 
     </span>
     <span class='ocr_line' id='line_1_41' title="bbox 145 2153 2034 2192; baseline 0.002 -13"><span class='ocrx_word' id='word_1_629' title='bbox 145 2154 171 2179; x_wconf 89' lang='lat' dir='ltr'>in</span> <span class='ocrx_word' id='word_1_630' title='bbox 190 2153 243 2178; x_wconf 92' lang='lat' dir='ltr'>hoc</span> <span class='ocrx_word' id='word_1_631' title='bbox 262 2153 443 2185; x_wconf 81' lang='lat' dir='ltr'>emendatum,</span> <span class='ocrx_word' id='word_1_632' title='bbox 465 2155 493 2179; x_wconf 86' lang='lat' dir='ltr'>in</span> <span class='ocrx_word' id='word_1_633' title='bbox 511 2164 571 2179; x_wconf 89' lang='lat' dir='ltr'>meo</span> <span class='ocrx_word' id='word_1_634' title='bbox 590 2156 750 2189; x_wconf 78' lang='lat' dir='ltr'>adscriptum</span> <span class='ocrx_word' id='word_1_635' title='bbox 770 2161 810 2180; x_wconf 88' lang='lat' dir='ltr'>est</span> <span class='ocrx_word' id='word_1_636' title='bbox 825 2157 921 2190; x_wconf 76' lang='lat' dir='ltr'>gnati,</span> <span class='ocrx_word' id='word_1_637' title='bbox 956 2166 1023 2189; x_wconf 81' lang='lat' dir='ltr'>quae</span> <span class='ocrx_word' id='word_1_638' title='bbox 1051 2156 1158 2189; x_wconf 84' lang='lat' dir='ltr'>uolgata</span> <span class='ocrx_word' id='word_1_639' title='bbox 1186 2156 1235 2180; x_wconf 83' lang='lat' dir='ltr'>fuit</span> <span class='ocrx_word' id='word_1_640' title='bbox 1253 2156 1334 2179; x_wconf 87' lang='lat' dir='ltr'>lectio</span> <span class='ocrx_word' id='word_1_641' title='bbox 1354 2165 1436 2190; x_wconf 87' lang='lat' dir='ltr'>usque</span> <span class='ocrx_word' id='word_1_642' title='bbox 1455 2158 1489 2182; x_wconf 82' lang='lat' dir='ltr'>ad</span> <span class='ocrx_word' id='word_1_643' title='bbox 1509 2157 1669 2188; x_wconf 78' lang='lat' dir='ltr'>Graeuium,</span> <span class='ocrx_word' id='word_1_644' title='bbox 1704 2157 1802 2182; x_wconf 79' lang='lat' dir='ltr'>deinde</span> <span class='ocrx_word' id='word_1_645' title='bbox 1821 2159 1855 2183; x_wconf 80' lang='lat' dir='ltr'>ad</span> <span class='ocrx_word' id='word_1_646' title='bbox 1869 2158 1932 2183; x_wconf 81' lang='lat' dir='ltr'>Em.</span> <span class='ocrx_word' id='word_1_647' title='bbox 1950 2167 2034 2192; x_wconf 85' lang='lat' dir='ltr'>usque</span> 
     </span>
     <span class='ocr_line' id='line_1_42' title="bbox 144 2197 2035 2236; baseline 0.003 -13"><span class='ocrx_word' id='word_1_648' title='bbox 144 2202 289 2231; x_wconf 80' lang='lat' dir='ltr'>resumpta.</span> <span class='ocrx_word' id='word_1_649' title='bbox 324 2197 410 2221; x_wconf 72' lang='lat' dir='ltr'>Etiam</span> <span class='ocrx_word' id='word_1_650' title='bbox 433 2198 502 2222; x_wconf 80' lang='lat' dir='ltr'>forte</span> <span class='ocrx_word' id='word_1_651' title='bbox 528 2198 604 2231; x_wconf 89' lang='lat' dir='ltr'>[nihil</span> <span class='ocrx_word' id='word_1_652' title='bbox 628 2200 832 2234; x_wconf 77' lang='lat' dir='ltr'>improbabilius]</span> <span class='ocrx_word' id='word_1_653' title='bbox 857 2205 1005 2234; x_wconf 76' lang='lat' dir='ltr'>generatus</span> <span class='ocrx_word' id='word_1_654' title='bbox 1029 2201 1114 2234; x_wconf 80' lang='lat' dir='ltr'>glossa</span> <span class='ocrx_word' id='word_1_655' title='bbox 1138 2200 1188 2225; x_wconf 82' lang='lat' dir='ltr'>fuit</span> <span class='ocrx_word' id='word_1_656' title='bbox 1214 2200 1288 2224; x_wconf 88' lang='lat' dir='ltr'>uocis</span> <span class='ocrx_word' id='word_1_657' title='bbox 1315 2205 1406 2230; x_wconf 81' lang='lat' dir='ltr'>or!us;</span> <span class='ocrx_word' id='word_1_658' title='bbox 1437 2206 1508 2226; x_wconf 70' lang='lat' dir='ltr'>certe</span> <span class='ocrx_word' id='word_1_659' title='bbox 1527 2210 1592 2226; x_wconf 84' lang='lat' dir='ltr'>unus</span> <span class='ocrx_word' id='word_1_660' title='bbox 1620 2202 1724 2235; x_wconf 85' lang='lat' dir='ltr'>ellipsin</span> <span class='ocrx_word' id='word_1_661' title='bbox 1744 2202 1796 2227; x_wconf 79' lang='lat' dir='ltr'>loci</span> <span class='ocrx_word' id='word_1_662' title='bbox 1816 2203 1922 2236; x_wconf 86' lang='lat' dir='ltr'>supplet</span> <span class='ocrx_word' id='word_1_663' title='bbox 1939 2202 2035 2228; x_wconf 84' lang='lat' dir='ltr'>Erfur-</span> 
     </span>
     <span class='ocr_line' id='line_1_43' title="bbox 145 2241 2033 2279; baseline 0.003 -13"><span class='ocrx_word' id='word_1_664' title='bbox 145 2241 236 2267; x_wconf 71' lang='lat' dir='ltr'>tensis.</span> <span class='ocrx_word' id='word_1_665' title='bbox 273 2241 344 2273; x_wconf 87' lang='lat' dir='ltr'>Quid</span> <span class='ocrx_word' id='word_1_666' title='bbox 363 2247 451 2266; x_wconf 83' lang='lat' dir='ltr'>autem</span> <span class='ocrx_word' id='word_1_667' title='bbox 470 2242 579 2275; x_wconf 84' lang='lat' dir='ltr'>clarius,</span> <span class='ocrx_word' id='word_1_668' title='bbox 598 2252 675 2276; x_wconf 88' lang='lat' dir='ltr'>quam</span> <span class='ocrx_word' id='word_1_669' title='bbox 692 2245 758 2276; x_wconf 91' lang='lat' dir='ltr'>hoc,</span> <span class='ocrx_word' id='word_1_670' title='bbox 789 2250 868 2270; x_wconf 78' lang='lat' dir='ltr'>aetas</span> <span class='ocrx_word' id='word_1_671' title='bbox 887 2245 924 2270; x_wconf 79' lang='lat' dir='ltr'>ad</span> <span class='ocrx_word' id='word_1_672' title='bbox 937 2248 1086 2278; x_wconf 79' lang='lat' dir='ltr'>praecepta</span> <span class='ocrx_word' id='word_1_673' title='bbox 1105 2243 1150 2267; x_wconf 87' lang='lat' dir='ltr'>illi</span> <span class='ocrx_word' id='word_1_674' title='bbox 1169 2253 1222 2268; x_wconf 82' lang='lat' dir='ltr'>non</span> <span class='ocrx_word' id='word_1_675' title='bbox 1242 2242 1301 2269; x_wconf 77' lang='lat' dir='ltr'>est?</span> <span class='ocrx_word' id='word_1_676' title='bbox 1335 2244 1405 2270; x_wconf 88' lang='lat' dir='ltr'>hune.</span> <span class='ocrx_word' id='word_1_677' title='bbox 1423 2246 1606 2279; x_wconf 82' lang='lat' dir='ltr'>splendorem,</span> <span class='ocrx_word' id='word_1_678' title='bbox 1636 2246 1657 2270; x_wconf 87' lang='lat' dir='ltr'>si</span> <span class='ocrx_word' id='word_1_679' title='bbox 1673 2247 1769 2279; x_wconf 80' lang='lat' dir='ltr'>grauis</span> <span class='ocrx_word' id='word_1_680' title='bbox 1788 2247 1887 2271; x_wconf 78' lang='lat' dir='ltr'>addere</span> <span class='ocrx_word' id='word_1_681' title='bbox 1905 2247 2033 2279; x_wconf 85' lang='lat' dir='ltr'>uolueris,</span> 
     </span>
     <span class='ocr_line' id='line_1_44' title="bbox 141 2285 2031 2323; baseline 0.002 -12"><span class='ocrx_word' id='word_1_682' title='bbox 141 2285 327 2311; x_wconf 78' lang='lat' dir='ltr'>infuscaueris.</span> <span class='ocrx_word' id='word_1_683' title='bbox 361 2287 438 2318; x_wconf 72' lang='lat' dir='ltr'>Apta</span> <span class='ocrx_word' id='word_1_684' title='bbox 456 2287 559 2319; x_wconf 72' lang='lat' dir='ltr'>potiuS,</span> <span class='ocrx_word' id='word_1_685' title='bbox 589 2287 685 2313; x_wconf 78' lang='lat' dir='ltr'>idonea</span> <span class='ocrx_word' id='word_1_686' title='bbox 703 2289 888 2322; x_wconf 59' lang='lat' dir='ltr'>subaudiatur,</span> <span class='ocrx_word' id='word_1_687' title='bbox 920 2290 992 2314; x_wconf 82' lang='lat' dir='ltr'>utin</span> <span class='ocrx_word' id='word_1_688' title='bbox 1011 2288 1126 2321; x_wconf 78' lang='lat' dir='ltr'>uolgata.</span> <span class='ocrx_word' id='word_1_689' title='bbox 1163 2288 1264 2313; x_wconf 84' lang='lat' dir='ltr'>Similia</span> <span class='ocrx_word' id='word_1_690' title='bbox 1285 2289 1354 2313; x_wconf 81' lang='lat' dir='ltr'>dabo</span> <span class='ocrx_word' id='word_1_691' title='bbox 1380 2290 1413 2314; x_wconf 81' lang='lat' dir='ltr'>ad</span> <span class='ocrx_word' id='word_1_692' title='bbox 1439 2299 1461 2314; x_wconf 88' lang='lat' dir='ltr'>e.</span> <span class='ocrx_word' id='word_1_693' title='bbox 1480 2291 1522 2314; x_wconf 75' lang='lat'>42.</span> <span class='ocrx_word' id='word_1_694' title='bbox 1549 2299 1598 2323; x_wconf 88' lang='lat' dir='ltr'>pro</span> <span class='ocrx_word' id='word_1_695' title='bbox 1617 2290 1684 2315; x_wconf 75' lang='lat' dir='ltr'>sest.</span> <span class='ocrx_word' id='word_1_696' title='bbox 1711 2289 1789 2322; x_wconf 79' lang='lat' dir='ltr'>[quae</span> <span class='ocrx_word' id='word_1_697' title='bbox 1816 2289 1882 2314; x_wconf 77' lang='lat' dir='ltr'>infra</span> <span class='ocrx_word' id='word_1_698' title='bbox 1901 2290 2031 2323; x_wconf 82' lang='lat' dir='ltr'>descripta</span> 
     </span>
     <span class='ocr_line' id='line_1_45' title="bbox 146 2330 2030 2367; baseline 0.002 -13"><span class='ocrx_word' id='word_1_699' title='bbox 146 2330 272 2364; x_wconf 65' lang='lat' dir='ltr'>uidebis}</span> <span class='ocrx_word' id='word_1_700' title='bbox 307 2331 558 2356; x_wconf 54' lang='lat' dir='ltr'>GARATONILQS*</span> <span class='ocrx_word' id='word_1_701' title='bbox 574 2331 597 2355; x_wconf 85' lang='lat' dir='ltr'>I.</span> <span class='ocrx_word' id='word_1_702' title='bbox 633 2332 684 2356; x_wconf 75' lang='lat' dir='ltr'>Hic</span> <span class='ocrx_word' id='word_1_703' title='bbox 702 2332 764 2357; x_wconf 92' lang='lat' dir='ltr'>libri</span> <span class='ocrx_word' id='word_1_704' title='bbox 781 2333 860 2366; x_wconf 80' lang='lat' dir='ltr'>plane</span> <span class='ocrx_word' id='word_1_705' title='bbox 879 2342 968 2358; x_wconf 84' lang='lat' dir='ltr'>omnes</span> <span class='ocrx_word' id='word_1_706' title='bbox 988 2333 1106 2366; x_wconf 86' lang='lat' dir='ltr'>corrupti</span> <span class='ocrx_word' id='word_1_707' title='bbox 1124 2337 1194 2358; x_wconf 86' lang='lat' dir='ltr'>sunt.</span> <span class='ocrx_word' id='word_1_708' title='bbox 1230 2333 1374 2358; x_wconf 70' lang='lat' dir='ltr'>Bauaricus</span> <span class='ocrx_word' id='word_1_709' title='bbox 1393 2339 1472 2360; x_wconf 76' lang='lat' dir='ltr'>aetas</span> <span class='ocrx_word' id='word_1_710' title='bbox 1498 2343 1551 2359; x_wconf 82' lang='lat' dir='ltr'>non</span> <span class='ocrx_word' id='word_1_711' title='bbox 1570 2339 1609 2359; x_wconf 77' lang='lat' dir='ltr'>est</span> <span class='ocrx_word' id='word_1_712' title='bbox 1625 2341 1745 2367; x_wconf 81' lang='lat' dir='ltr'>gnarus,</span> <span class='ocrx_word' id='word_1_713' title='bbox 1776 2342 1860 2367; x_wconf 83' lang='lat' dir='ltr'>quare</span> <span class='ocrx_word' id='word_1_714' title='bbox 1876 2339 1940 2360; x_wconf 70' lang='lat' dir='ltr'>etc..</span> <span class='ocrx_word' id='word_1_715' title='bbox 1974 2335 2030 2360; x_wconf 87' lang='lat' dir='ltr'>Nos</span> 
     </span>
     <span class='ocr_line' id='line_1_46' title="bbox 146 2374 2030 2411; baseline 0.003 -13"><span class='ocrx_word' id='word_1_716' title='bbox 146 2375 198 2399; x_wconf 80' lang='lat' dir='ltr'>iam</span> <span class='ocrx_word' id='word_1_717' title='bbox 216 2374 280 2399; x_wconf 85' lang='lat' dir='ltr'>olim</span> <span class='ocrx_word' id='word_1_718' title='bbox 301 2374 408 2399; x_wconf 81' lang='lat' dir='ltr'>Gifanio</span> <span class='ocrx_word' id='word_1_719' title='bbox 428 2384 521 2399; x_wconf 86' lang='lat' dir='ltr'>uocem</span> <span class='ocrx_word' id='word_1_720' title='bbox 539 2375 613 2400; x_wconf 82' lang='lat' dir='ltr'>illam</span> <span class='ocrx_word' id='word_1_721' title='bbox 631 2375 799 2408; x_wconf 82' lang='lat' dir='ltr'>inportunam</span> <span class='ocrx_word' id='word_1_722' title='bbox 819 2378 944 2409; x_wconf 70' lang='lat' dir='ltr'>eicienfi,</span> <span class='ocrx_word' id='word_1_723' title='bbox 975 2386 1042 2411; x_wconf 80' lang='lat' dir='ltr'>quae</span> <span class='ocrx_word' id='word_1_724' title='bbox 1067 2377 1151 2402; x_wconf 80' lang='lat' dir='ltr'>sanari</span> <span class='ocrx_word' id='word_1_725' title='bbox 1170 2386 1222 2402; x_wconf 90' lang='lat' dir='ltr'>non</span> <span class='ocrx_word' id='word_1_726' title='bbox 1239 2382 1341 2410; x_wconf 87' lang='lat' dir='ltr'>potest,</span> <span class='ocrx_word' id='word_1_727' title='bbox 1375 2379 1479 2405; x_wconf 80' lang='lat' dir='ltr'>adsensi</span> <span class='ocrx_word' id='word_1_728' title='bbox 1505 2388 1601 2404; x_wconf 86' lang='lat' dir='ltr'>sumus.</span> <span class='ocrx_word' id='word_1_729' title='bbox 1637 2379 1725 2403; x_wconf 76' lang='lat' dir='ltr'>Aetas</span> <span class='ocrx_word' id='word_1_730' title='bbox 1748 2378 1785 2402; x_wconf 83' lang='lat' dir='ltr'>ad</span> <span class='ocrx_word' id='word_1_731' title='bbox 1804 2383 1953 2411; x_wconf 75' lang='lat' dir='ltr'>praecepta</span> <span class='ocrx_word' id='word_1_732' title='bbox 1976 2387 2030 2404; x_wconf 82' lang='lat' dir='ltr'>non</span> 
     </span>
     <span class='ocr_line' id='line_1_47' title="bbox 147 2419 2029 2456; baseline 0.002 -13"><span class='ocrx_word' id='word_1_733' title='bbox 147 2423 186 2444; x_wconf 81' lang='lat' dir='ltr'>es!</span> <span class='ocrx_word' id='word_1_734' title='bbox 198 2438 204 2450; x_wconf 84' lang='lat'>,</span> <span class='ocrx_word' id='word_1_735' title='bbox 222 2419 343 2444; x_wconf 82' lang='lat' dir='ltr'>nimirum</span> <span class='ocrx_word' id='word_1_736' title='bbox 361 2419 467 2444; x_wconf 79' lang='lat' dir='ltr'>idonea.</span> <span class='ocrx_word' id='word_1_737' title='bbox 501 2420 759 2444; x_wconf 81' lang='lat' dir='ltr'><em>GARATONIUS.</em></span> <span class='ocrx_word' id='word_1_738' title='bbox 794 2420 883 2446; x_wconf 82' lang='lat' dir='ltr'>Locus</span> <span class='ocrx_word' id='word_1_739' title='bbox 902 2422 1013 2446; x_wconf 84' lang='lat' dir='ltr'>difficilis</span> <span class='ocrx_word' id='word_1_740' title='bbox 1032 2431 1090 2446; x_wconf 89' lang='lat' dir='ltr'>cum</span> <span class='ocrx_word' id='word_1_741' title='bbox 1109 2427 1219 2456; x_wconf 86' lang='lat' dir='ltr'>propter</span> <span class='ocrx_word' id='word_1_742' title='bbox 1238 2422 1358 2446; x_wconf 89' lang='lat' dir='ltr'>codicum</span> <span class='ocrx_word' id='word_1_743' title='bbox 1377 2423 1588 2456; x_wconf 71' lang='lat' dir='ltr'>discrepantiam,</span> <span class='ocrx_word' id='word_1_744' title='bbox 1606 2427 1661 2447; x_wconf 83' lang='lat' dir='ltr'>tum</span> <span class='ocrx_word' id='word_1_745' title='bbox 1681 2422 1752 2455; x_wconf 84' lang='lat' dir='ltr'>quod</span> <span class='ocrx_word' id='word_1_746' title='bbox 1770 2422 1798 2447; x_wconf 85' lang='lat' dir='ltr'>in</span> <span class='ocrx_word' id='word_1_747' title='bbox 1815 2423 1886 2447; x_wconf 81' lang='lat' dir='ltr'>nulla</span> <span class='ocrx_word' id='word_1_748' title='bbox 1904 2423 2029 2452; x_wconf 80' lang='lat' dir='ltr'>lectione,</span> 
     </span>
     <span class='ocr_line' id='line_1_48' title="bbox 147 2459 2027 2500; baseline 0.001 -12"><span class='ocrx_word' id='word_1_749' title='bbox 147 2471 329 2497; x_wconf 80' lang='lat' dir='ltr'>quaecumque</span> <span class='ocrx_word' id='word_1_750' title='bbox 353 2463 458 2488; x_wconf 82' lang='lat' dir='ltr'>demum</span> <span class='ocrx_word' id='word_1_751' title='bbox 484 2464 648 2496; x_wconf 85' lang='lat' dir='ltr'>defenditur,</span> <span class='ocrx_word' id='word_1_752' title='bbox 673 2463 771 2489; x_wconf 80' lang='lat' dir='ltr'>idonea</span> <span class='ocrx_word' id='word_1_753' title='bbox 789 2466 919 2490; x_wconf 80' lang='lat' dir='ltr'>sententia</span> <span class='ocrx_word' id='word_1_754' title='bbox 941 2466 1027 2491; x_wconf 82' lang='lat' dir='ltr'>inesse</span> <span class='ocrx_word' id='word_1_755' title='bbox 1046 2466 1163 2492; x_wconf 79' lang='lat' dir='ltr'>uidetur.</span> <span class='ocrx_word' id='word_1_756' title='bbox 1198 2466 1260 2492; x_wconf 90' lang='lat' dir='ltr'>Siue</span> <span class='ocrx_word' id='word_1_757' title='bbox 1279 2467 1347 2492; x_wconf 80' lang='lat' dir='ltr'>enim</span> <span class='ocrx_word' id='word_1_758' title='bbox 1364 2467 1461 2500; x_wconf 72' lang='lat' dir='ltr'>grauis</span> <span class='ocrx_word' id='word_1_759' title='bbox 1479 2467 1598 2491; x_wconf 82' lang='lat' dir='ltr'>adsumas</span> <span class='ocrx_word' id='word_1_760' title='bbox 1616 2471 1676 2499; x_wconf 81' lang='lat' dir='ltr'>post</span> <span class='ocrx_word' id='word_1_761' title='bbox 1694 2459 1749 2491; x_wconf 70' lang='lat' dir='ltr'>nim</span> <span class='ocrx_word' id='word_1_762' title='bbox 1767 2470 1823 2499; x_wconf 80' lang='lat' dir='ltr'>est,</span> <span class='ocrx_word' id='word_1_763' title='bbox 1854 2467 1910 2490; x_wconf 88' lang='lat' dir='ltr'>siue</span> <span class='ocrx_word' id='word_1_764' title='bbox 1930 2465 2027 2491; x_wconf 76' lang='lat' dir='ltr'>idonea</span> 
     </span>
    </p>
   </div>
   <div class='ocr_carea' id='block_1_6' title="bbox 1567 2509 1610 2541">
    <p class='ocr_par' dir='ltr' id='par_1_6' title="bbox 1567 2509 1610 2541">
     <span class='ocr_line' id='line_1_49' title="bbox 1567 2509 1610 2541; baseline 0 -17"><span class='ocrx_word' id='word_1_765' title='bbox 1567 2509 1610 2541; x_wconf 60' lang='grc'>4)(-</span> 
     </span>
    </p>
   </div>
  </div>
 </body>
</html>
