2185 2720
729 125 753 154 c
773 125 802 153 A
822 126 863 154 P.
901 122 1011 152 xxv,
1039 118 1067 160 ς.
1096 124 1141 152 62.
1168 134 1206 140 -
1226 119 1354 148 XXVI.
1381 119 1409 159 ς.
1430 124 1475 151 53.
1987 126 2042 154 159

161 216 232 238 non
254 203 528 247 geminabantur,
559 201 660 233 etiam
682 200 759 232 uila
782 198 966 230 dicebatur.
1008 196 1063 229 Ac
1087 195 1116 227 si
1139 200 1190 226 est
1210 206 1230 225 a
1249 195 1420 233 zcelzendo,
1448 199 1487 224 ut
1510 193 1569 224 ille
1591 192 1782 233 contendit,
1813 196 1952 235 nehela,
1980 208 2041 228 ue-

161 258 236 291 hila
256 262 321 295 est,
346 255 468 287 deinde
489 265 552 298 per
575 252 857 291 contractionem,
879 257 918 283 ut
939 261 983 282 ex
1003 249 1124 283 Ahala
1143 247 1271 280 factum
1292 249 1383 287 Ala,
1412 246 1460 278 ita
1482 258 1525 278 ex
1551 246 1674 278 nehela
1694 246 1752 278 uel
1774 249 1892 280 uelzz'la
1914 249 2039 280 rustice

160 311 259 350 uela,
295 309 424 341 urbane
443 309 529 340 uila.
560 307 666 339 IDEM.
713 302 1007 346 Quemadmodum
1032 301 1180 334 Romani
1202 302 1315 340 mille,
1353 311 1475 332 uerum
1498 300 1598 331 milia
1621 299 1803 340 dixerunt,
1847 301 1892 331 ita
1915 302 2038 333 uillam

158 363 282 402 etiam,
316 373 438 394 uerum
462 362 609 394 uilicum
639 359 765 390 dictum
794 367 879 397 esse,
912 356 949 388 in
972 355 1077 396 libro,
1114 365 1216 397 quem
1239 354 1280 385 de
1303 353 1545 396 orthographia
1573 352 1677 384 latina
1699 353 1929 396 conscriptum
1954 365 2035 385 mox

159 416 312 448 editurus
336 427 429 455 sum,
454 411 696 445 demonstraui.

243 467 378 508 Quodsi
395 472 577 512 praeterea
598 477 694 498 nemo
716 462 859 507 dignus)
905 460 976 494 Cfr.
998 461 1131 504 Proleg.
1154 461 1198 493 L.
1223 461 1267 492 ΙΙ.
1292 461 1330 493 C.
1353 460 1380 492 I.
1405 459 1435 501 ἕ.
1463 469 1510 491 12.
1533 469 1567 501 p.
1590 458 1722 490 XLIX.
1739 481 1748 490 .

922 551 951 585 C
977 549 1010 585 A
1034 551 1082 585 P.
1126 549 1267 585 XXVI.

242 627 272 669 §.
304 626 355 659 65.
399 627 500 659 Iubes
521 626 710 660 Plancium
741 625 783 657 de
810 624 910 657 uitiis
933 623 1137 661 Laterensis
1166 622 1279 654 dicere
1287 633 1299 660 ,·
1331 621 1422 653 nihil
1449 626 1578 664 potest,
1613 621 1682 653 nisi
1703 621 1787 654 'eum
1814 623 1918 654 nimis
1941 622 1978 654 in
2000 634 2036 653 se

156 680 363 713 iracundum
379 680 523 724 putabis
536 679 669 723 fuisse)
713 679 801 711 Cum
823 677 909 709 mihi
933 687 1067 719 semper
1087 675 1144 707 hie
1166 675 1278 712 locus,
1309 674 1367 716 qui
1389 673 1436 705 sic
1458 674 1494 705 in
1517 673 1611 705 libris
1631 674 1773 717 uolgatis
1796 675 1936 718 legitur,
1965 675 2035 706 nisi

157 745 235 766 eum
258 733 364 765 nimis
385 733 594 765 iracundum
616 733 652 764 in
674 745 709 764 se
729 731 868 776 putabis
880 730 1010 775 ficis-se,
1032 733 1204 770 suspectus
1226 726 1354 766 fuisset,
1382 726 1417 757 in
1440 727 1536 758 libris
1559 732 1627 757 uet.
1651 733 1765 758 autem
1787 727 1834 759 sic
1856 727 1928 758 sere
1950 726 2035 758 scri-

154 792 254 829 ptum
275 786 518 829 repperissem:
547 786 617 818 nisi
637 786 741 817 nimis
764 797 841 818 eum
862 782 1121 820 aucarundum3
1161 786 1194 811 et
1214 779 1252 811 in
1273 779 1464 819 nonnullis,
1495 780 1720 812 inem-endam
1735 781 1879 824 putabis
1895 779 2034 823 sitisse.-

156 850 217 881 ego
239 840 513 883 anquirendum,
548 839 620 870 siue
643 838 716 881 quis
738 837 834 869 malit
857 835 1118 880 inquirendum,
1153 832 1322 864 edendum
1348 833 1474 864 curaui.
1520 834 1693 866 Sententia
1716 841 1829 866 autem
1850 834 1951 876 plana
1974 838 2035 863 est.

155 893 212 924 Ne
233 892 299 923 1100
321 891 459 934 quidem
479 891 642 922 lectorem
664 891 796 930 celabo,
821 889 925 928 mihi,
956 893 1137 929 antequam
1158 885 1194 917 in
1216 886 1321 917 libros
1344 892 1476 918 ueteres
1497 886 1707 927 incidissem,
1739 887 1853 919 uisum
1876 896 1946 917 esse
1967 884 2035 927 legi

156 956 271 988 posse,
305 945 376 976 nisi
397 957 474 977 eum
495 944 599 975 nimis
621 944 669 976 ad
690 942 975 986 inuestigandum
998 940 1172 972 curiosum
1188 938 1332 983 putabis
1346 938 1475 982 fuisse.
1500 940 1705 972 LAMBINUS.
1749 940 1820 971 Pal.
1841 950 1904 971 sec.
1925 944 2036 982 puta-

155 998 226 1037 bi153
259 996 350 1038 quod
372 996 492 1027 melius
515 995 631 1028 forsan
653 997 807 1038 uolgat03
841 994 944 1025 ceteri
966 993 1054 1025 nihil
1076 992 1227 1031 uariant,
1263 992 1346 1037 adeo
1370 997 1408 1023 ut
1430 993 1507 1024 satis
1527 993 1646 1024 mirari
1668 1004 1833 1035 nequeam
1857 1004 1912 1032 ea,
1949 1001 2034 1034 quae

156 1063 200 1083 ex
227 1050 295 1082 suis
323 1049 453 1092 promit
479 1049 683 1089 Lambinus,
725 1049 784 1091 qui
812 1054 927 1079 tamen
954 1046 1043 1077 nihil
1071 1044 1352 1077 hariolationibus
1381 1045 1449 1077 suis
1477 1045 1622 1088 proficit.
1669 1045 1887 1078 Guilielmius
1918 1045 2034 1076 locum

153 1102 314 1140 constitui
335 1113 432 1145 posse
453 1101 594 1144 putabat
616 1101 726 1133 deleto
749 1101 810 1132 illo
827 1099 982 1144 putabis.
1021 1099 1239 1130 GRUTERUS.
1284 1098 1438 1131 Uerbum
1458 1099 1617 1142 putabis,
1647 1105 1704 1130 aut
1720 1099 1882 1143 putabit,
1911 1103 1950 1129 ut
1972 1097 2034 1128 ha-

154 1158 237 1189 bent
261 1155 399 1199 quidam
421 1154 569 1194 codices,
599 1161 690 1186 recte
712 1154 844 1185 delebat
868 1152 1084 1185 Gulielmius.
1107 1152 1396 1183 LALLEMANDUS.
1443 1152 1497 1182 Sic
1519 1151 1674 1183 uidetur:
1711 1163 1790 1182 nam
1806 1151 1951 1195 putabis
1973 1150 2033 1181 ab-

153 1210 296 1244 surdum
318 1214 385 1246 0315
413 1207 571 1251 putabit,
603 1206 694 1249 quod
716 1207 753 1237 P.
775 1205 949 1238 Manutius
973 1205 1041 1237 iam
1062 1205 1198 1248 pridem
1220 1204 1402 1244 maluerat,
1434 1205 1516 1236 haut
1538 1205 1615 1237 satis
1638 1211 1780 1236 rectum.
1827 1204 1898 1236 Cel.
1921 1204 2034 1235 Erne—

153 1270 224 1296 stus
251 1273 322 1293 non
342 1260 511 1301 adtendit,
542 1262 579 1293 in
600 1273 636 1293 se
662 1259 890 1303 praecessisse.
930 1258 1190 1291 GARAToxms.
1233 1257 1384 1291 Putabis
1415 1264 1473 1289 aut
1499 1257 1643 1300 inrepsit
1668 1264 1811 1298 temere,
1849 1263 1888 1289 ut
1918 1257 2031 1288 uisum

153 1313 373 1348 Guilielmio:
407 1325 487 1345 nam
510 1313 687 1345 commode
708 1312 850 1353 afuerit,
885 1312 1020 1344 nemine
1043 1311 1225 1351 sentiente3
1261 1317 1319 1342 aut
1341 1311 1539 1342 emolliendi
1561 1322 1674 1342 caussa
1696 1311 1844 1350 addidit,
1879 1316 1918 1342 ut
1940 1308 2033 1341 iudi--

152 1369 242 1401 cium
261 1366 376 1399 Cassio
399 1366 598 1410 permittere
620 1366 813 1405 uideretur3
848 1365 939 1408 quod
964 1365 1042 1397 satis
1064 1365 1191 1408 placet:
1229 1364 1296 1396 nisi
1317 1364 1468 1407 putabis,
1502 1364 1568 1396 hoc
1590 1364 1701 1395 dicere
1722 1375 1821 1407 posse
1845 1363 2030 1401 Plancium,

152 1433 231 1454 eum
251 1420 353 1452 nimis
374 1420 576 1451 iracundum
600 1420 637 1451 in
658 1430 693 1451 se
714 1418 828 1450 fuisse.
872 1419 990 1460 Itaque
1017 1417 1162 1450 seruaui-
1192 1418 1418 1450 ERNESTIUS.
1462 1417 1569 1449 Nullo
1598 1423 1695 1460 pacto
1720 1428 1782 1448 nec
1797 1415 1942 1460 putabis
1969 1425 2032 1445 nec

148 1474 289 1518 putabit
317 1484 337 1504 a
359 1473 524 1505 Cicerone
549 1473 714 1516 scriptum
745 1471 945 1502 existumari
971 1477 1093 1514 potest.
1137 1471 1227 1502 Nam
1250 1470 1444 1510 Ernestius‚
1480 1470 1539 1512 qui
1563 1471 1704 1513 putabis
1732 1470 1838 1502 tuitus
1862 1474 1929 1508 est,
1961 1478 2031 1498 non

152 1527 259 1566 uidit,
282 1526 311 1558 si
331 1525 374 1557 ad
396 1537 517 1557 uocem
533 1525 679 1570 putabis
702 1524 924 1568 suppleantur
946 1524 1050 1555 uerba
1072 1524 1185 1556 dicere
1200 1535 1320 1567 posse,
1351 1523 1537 1555 necessario
1561 1535 1752 1566 pronomen
1775 1536 1852 1556 eum
1877 1520 2032 1553 referen-

151 1580 234 1612 dum
255 1578 298 1610 ad
319 1579 495 1610 Plancium
516 1590 602 1618 esse,
624 1578 770 1620 ideoque
791 1589 944 1609 mancam
966 1588 1037 1609 esse
1059 1576 1247 1608 orationem
1271 1588 1341 1608 non
1363 1576 1478 1608 addito
1500 1577 1723 1619 pronomine,
1748 1588 1814 1618 quo
1836 1573 2030 1608 Laterensis

148 1630 366 1675 significetur.
409 1631 544 1663 Deinde
573 1643 656 1663 uero
689 1642 733 1663 ne
759 1630 838 1662 licet
871 1630 1009 1673 quidem
1036 1630 1107 1661 ullo
1134 1630 1237 1661 modo
1268 1630 1373 1661 uerba
1401 1630 1513 1662 dicere
1536 1642 1639 1674 posse
1667 1630 1732 1661 1100
1761 1629 1836 1661 1000
1860 1627 2030 1670 supplere,

150 1696 228 1717 cum
248 1684 354 1715 uerba
375 1685 467 1717 nihil
480 1690 598 1728 potest
620 1685 692 1716 nisi
712 1695 898 1726 numquam
920 1683 987 1715 alio
1009 1694 1109 1715 sensu
1130 1682 1346 1726 reperiantur
1369 1682 1475 1721 dicta,
1500 1694 1600 1724 quam
1623 1683 1704 1714 hoc:
1737 1683 1800 1715 1100
1822 1693 1931 1714 unum
1951 1685 2031 1724 pot-

151 1744 214 1773 est.
256 1737 314 1769 Ex
342 1748 407 1779 qua
428 1749 467 1769 re
493 1737 673 1769 manifesto
702 1737 930 1780 intellegitur,
967 1748 1077 1779 neque
1097 1736 1242 1780 putabis
1270 1747 1380 1778 neque
1402 1736 1547 1780 putabit
1574 1747 1592 1766 e
1615 1734 1787 1767 Ciceronis
1821 1745 1880 1765 ore
1910 1731 2030 1763 uenire

150 1790 318 1835 potuisse,
350 1796 402 1821 set
428 1790 575 1821 scribere
604 1801 683 1821 eum
707 1789 878 1822 debuisse:
916 1790 1008 1823 nihil
1021 1794 1137 1833 potest
1167 1789 1237 1820 nisi
1259 1801 1335 1821 eum
1356 1790 1461 1821 nimis
1484 1790 1520 1821 in
1543 1802 1578 1822 se
1600 1788 1807 1821 iracundum
1821 1785 1959 1830 fuisse,
1993 1783 2028 1815 id

151 1849 217 1883 aet,
238 1843 304 1874 1100
325 1854 433 1874 unum
454 1849 567 1886 potest
589 1842 716 1882 dicere,
740 1854 818 1874 eum
840 1843 941 1875 nimis
963 1843 1000 1875 in
1021 1854 1056 1874 se
1080 1841 1281 1873 iracundum
1303 1840 1417 1873 fuisse.
1462 1843 1552 1874 Nam
1574 1842 1668 1872 illam
1691 1839 1905 1879 sententiam,
1929 1848 2030 1880 quam

150 1895 327 1930 Ernestius
352 1896 431 1927 huic
451 1897 526 1928 loco
548 1896 684 1928 subesse
706 1896 852 1936 censuit,
884 1896 913 1928 si
936 1896 1055 1928 Cicero
1079 1894 1254 1926 enuntiare
1277 1894 1456 1935 uoluisset,
1492 1895 1643 1939 primum
1666 1905 1733 1926 non
1753 1898 1884 1937 potest,
1918 1900 2028 1932 neque

154 1961 238 1982 uero
261 1949 353 1981 nihil
366 1955 484 1993 potest
506 1949 707 1992 scripsisset,
739 1949 861 1981 deinde
882 1961 983 1990 uero,
1011 1959 1096 1991 quae
1117 1953 1167 1979 est
1189 1946 1341 1978 omnium
1363 1948 1600 1979 Romanorum
1622 1945 1848 1985 consuetudo,
1879 1944 1926 1975 ita
1947 1954 2030 1986 per-

151 2002 314 2035 rexisset:
350 2003 419 2034 nisi
431 2001 532 2046 forte
554 2003 762 2041 existumas,
796 2015 874 2035 eum
895 2003 957 2035 1100
976 2003 1089 2035 dicere
1104 2013 1223 2045 posse,
1252 2000 1478 2033 Laterensem
1501 2007 1580 2034 etc..
1626 2001 1841 2042 Quamquam
1864 1997 1926 2029 hac
1949 2007 2028 2028 sen-

149 2054 256 2087 tentia
282 2065 353 2086 non
382 2059 431 2085 est
459 2055 635 2097 probabile
670 2068 748 2088 eum
788 2056 856 2087 duo
885 2055 946 2087 illa
970 2061 1102 2087 tantum
1131 2053 1236 2085 uerba
1265 2066 1333 2085 non
1357 2059 1474 2097 potest
1494 2053 1688 2096 positurum
1709 2052 1823 2084 fuisse.
1868 2049 2028 2091 Denique

149 2113 294 2149 utraque
314 2106 497 2150 scriptura,
521 2114 555 2139 et
570 2109 715 2152 putabis
737 2115 772 2141 et
790 2109 946 2153 putabit,
969 2109 1035 2140 hoc
1057 2108 1158 2139 etiam
1179 2105 1396 2137 incommodo
1422 2106 1568 2144 laborat,
1594 2105 1702 2148 quod,
1733 2104 1867 2136 etiamsi
1889 2109 2026 2135 senten-

150 2160 217 2192 tiae
237 2159 366 2191 additio
388 2160 487 2191 uerbi
506 2167 634 2204 putare
655 2162 871 2201 conueniret,
906 2161 1063 2193 futurum
1083 2167 1195 2191 tamen
1217 2164 1351 2201 tempus
1380 2159 1480 2201 plane
1502 2158 1693 2190 alienumst.
1738 2158 1840 2191 Ualet
1861 2157 1927 2189 hoc
1949 2166 2025 2186 cum

151 2223 311 2246 maxume
333 2212 376 2243 de
397 2213 565 2256 scriptura
583 2215 741 2258 putabit,
774 2226 859 2258 quae
879 2220 1054 2258 praeterea
1075 2213 1110 2244 in
1132 2212 1173 2243 iis
1195 2218 1327 2243 tantum
1350 2212 1520 2243 codicibus
1542 2217 1727 2254 repertast,
1762 2221 1909 2252 quorum
1933 2204 2027 2240 nulla

139 2266 290 2304 ¹omnino
316 2266 496 2298 auctoritas
519 2272 579 2298 est.
624 2268 688 2300 His
711 2268 753 2299 de
775 2268 896 2301 caussis
921 2267 1009 2300 nihil
1031 2265 1189 2309 equidem
1213 2266 1336 2298 certius
1360 2265 1463 2304 duco,
1490 2275 1591 2306 quam
1611 2264 1752 2308 putabis
1777 2263 1817 2294 ab
1840 2262 2027 2304 interprete

151 2317 304 2350 additum
327 2330 408 2350 esse.
451 2319 547 2351 Idem
567 2320 713 2352 uerbum
740 2332 759 2352 a
780 2321 927 2353 librariis
951 2319 1150 2362 quibusdam
1181 2317 1335 2349 additum
1357 2317 1458 2348 etiam
1480 2316 1516 2348 in
1538 2328 1587 2347 or.
1611 2328 1674 2359 pro
1698 2315 1792 2347 Sulla
1816 2315 1853 2347 C.
1877 2315 1904 2346 Ι.
1927 2316 1958 2355 §.
1982 2324 2025 2352 2.,

153 2369 212 2412 qui
231 2369 323 2402 10οῑῐὸ
344 2371 381 2406 in
404 2372 484 2404 edit.
504 2373 588 2404 Ern.
611 2373 753 2415 aliisque
776 2384 867 2404 nunc
888 2373 936 2405 ita
956 2373 1100 2416 scriptus
1123 2377 1234 2403 extat:
1268 2371 1327 2403 Set
1349 2375 1389 2402 ut
1411 2370 1488 2408 ille,
1511 2369 1660 2409 iudices,
1697 2375 1866 2413 quantum
1887 2368 1929 2400 de
1950 2378 2026 2399 mea

152 2423 359 2457 auctoritate
387 2426 614 2470 deripuisset,
652 2431 789 2458 tantum
815 2438 851 2459 se
872 2426 914 2459 de
934 2426 1038 2458 huius
1064 2425 1256 2470 praesidiis
1279 2425 1539 2457 deminuturum
1557 2423 1766 2466 putauit:
1807 2423 1858 2455 sic
1879 2422 1941 2454 hoc
1963 2430 2025 2463 ego

1573 2480 1608 2506 34
