2185 2720
887 151 925 181 L.
953 151 993 180 11.
1041 152 1075 181 c.
1104 151 1127 180 1.
1171 149 1199 191 ς.
1224 161 1242 180 2
1262 167 1300 173 -
1317 152 1345 180 4.
1931 158 2053 188 xxm

166 232 344 267 promptust
362 226 489 262 uidere,
516 225 575 262 ita,
604 227 629 255 si
651 237 714 256 non
732 227 845 256 fuisset
863 237 881 255 a
900 226 1008 255 Tullio
1029 226 1196 266 scriptum,
1231 227 1386 265 quomodo
1408 228 1574 267 interpreti
1594 229 1707 258 addere
1734 230 1768 259 in
1787 237 1922 262 mentem
1942 235 2052 263 uenire

163 275 320 314 potuerit,
346 275 438 314 plane
457 284 522 302 non
541 275 740 313 perspicitur.

240 323 274 352 C.
294 322 384 351 XLI.
404 320 432 361 §
456 331 517 350 100.
557 325 601 351 1ιί
620 334 690 357 me,
711 326 829 359 at'me,
848 326 997 361 inquam,
1017 324 1171 352 Plancius
1191 327 1219 350 et
1239 323 1390 359 conplexa
1409 333 1464 351 suo
1484 326 1626 354 retinuit.

239 371 335 400 Pauci
355 372 424 399 faui.
446 370 556 398 tertiae
577 370 700 398 codices
721 370 763 399 ita
784 372 940 407 scribunt,
970 370 1104 409 reliquis
1121 370 1216 397 semel
1243 374 1363 397 tantum
1390 370 1486 399 uerba
1512 374 1547 399 ια’
1574 383 1620 401 me
1640 374 1837 404 habentibus.
1877 373 1996 404 Uerum
2023 382 2053 406 et

165 418 255 446 uerbi
276 421 406 456 inquam
425 418 610 455 significatio
631 419 723 447 docet
742 420 915 448 necessario
937 420 984 448 bis
1004 419 1100 447 fuisse
1119 417 1279 456 ponenda,
1312 427 1413 455 neque
1443 419 1497 457 qui
1516 420 1631 448 factum
1659 422 1714 457 sit,
1751 427 1785 451 ut
1812 433 1828 451 a
1848 427 1896 452 tot
1913 423 2052 454 librariis

165 466 399 501 omitterentur,
421 466 562 503 cu-iquanl
582 470 686 504 potest
706 467 872 495 obscurum
893 477 968 495 esse.
1296 467 1297 470 ¹

240 514 273 542 C.
294 513 457 541 XXXVI.
478 511 505 551 §.
526 515 571 542 88.
617 514 711 541 Ut'nci
731 521 834 542 atatem
854 515 996 552 inprobos
1016 525 1036 542 α
1057 514 1160 548 bonis,
1173 513 1285 551 fateor
1296 512 1402 549 filisse
1416 515 1638 551 praeclarum,
1658 518 1687 544 si
1697 518 1799 553 finem
1819 523 1885 546 tum
1904 520 2053 550 uincendi

163 562 316 596 uiderem,
337 571 448 599 quem
462 560 659 598 profecto
680 572 755 589 non
775 561 924 590 aideba
933 573 972 590 m.
1017 563 1077 591 Ubi
1097 564 1178 590 enim
1193 566 1322 599 praesto
1333 560 1476 598 ficissent
1498 567 1554 591 etc.

238 610 300 638 Ilic
321 619 443 647 quoque
464 608 599 647 inprobo
622 608 771 636 Garatoni
794 609 958 647 Orellique
988 609 1158 646 iudicium>
1193 608 1245 647 qui
1266 608 1361 636 uerba
1382 620 1471 646 quem
1485 610 1630 648 projecto
1650 622 1712 639 non
1735 612 1893 646 uidebant,
1922 624 1992 643 cum
2018 616 2051 644 in

163 658 188 686 B
209 661 240 685 et
258 657 285 685 E
306 657 436 695 aliisque
457 658 525 685 fam.
546 657 657 684 tertiae
678 657 837 684 codicibus
859 657 1124 693 desiderarentur,
1160 668 1218 695 pro
1240 657 1354 695 spuriis
1375 656 1560 686 habuerunt.
1599 658 1697 697 Atqui
1719 664 1791 688 sunt
1810 659 1880 695 illa,
1914 661 1948 689 id
1969 663 2051 700 quod

163 705 195 733 in
216 705 435 732 commentario
459 704 567 740 docui,
602 704 640 732 ad
659 705 830 732 sentcntiae
851 704 1061 742 integritatem
1080 715 1178 744 paene
1198 704 1388 740 necessaria,
1424 709 1455 733 et
1474 705 1633 734 facillumo
1655 716 1781 744 errore,
1811 707 1909 736 oculis
1931 708 2051 739 descri-

162 752 303 781 bentium
323 763 340 780 a
359 751 502 780 aldeham
522 752 561 780 ad
580 753 709 781 uerbum
729 753 867 780 uiderem
886 753 1118 789 aberrantibus,
1155 752 1257 780 omitti
1276 757 1457 790 potueruut.

1064 842 1091 882 ς.
1112 849 1138 875 3.

237 905 428 934 Paucissumi
449 910 520 933 sunt
539 905 618 941 loci,
639 907 672 934 in
693 907 804 944 quibus
825 906 850 933 B
871 911 902 933 ct
921 906 948 934 E
969 907 1087 944 aliquid
1108 906 1286 941 omiserint,
1321 905 1405 943 quod
1425 906 1457 933 in
1478 906 1613 934 familiae
1634 907 1745 935 tertiae
1766 909 1926 940 codicibus
1947 912 2050 941 omni-

162 954 220 982 bus
239 954 388 992 scriptum
410 958 512 988 extet,
539 954 624 991 iique
645 963 749 981 omnes
771 953 939 989 eiusmodi,
972 959 1007 982 ut
1025 954 1135 982 librari
1154 954 1277 992 potius,
1314 954 1367 992 qui
1388 953 1527 982 codicem
1548 954 1704 989 exaranst,
1732 956 1814 984 unde
1834 958 1860 985 B
1881 963 1912 986 et
1931 959 1957 986 E
1979 966 2050 989 sunt

163 1001 243 1037 orti,
272 1001 465 1038 neglegentia
486 1010 534 1035 ea,
570 1011 646 1039 quae
667 1003 692 1030 B
714 1007 744 1029 et
763 1001 789 1029 E
812 1002 977 1039 omittunt,
998 1002 1167 1038 excidisse,
1202 1012 1291 1040 quam
1319 1002 1356 1030 ab
1384 1002 1557 1039 interprete
1578 1001 1612 1029 iu
1639 1002 1775 1031 familiae
1795 1005 1906 1034 tertiae
1926 1007 2050 1036 codices

164 1050 262 1078 inlata
281 1059 345 1077 esse
365 1049 529 1087 probabile
550 1049 599 1077 sit.
638 1049 719 1077 Loci
740 1048 774 1076 hi
795 1054 881 1077 sunt:

237 1097 272 1125 C.
293 1097 349 1124 IV.
369 1095 397 1135 §
422 1106 463 1124 10.
505 1106 562 1126 eos,
583 1097 638 1133 qni
655 1094 848 1133 suffragium
861 1097 985 1134 serant,
1007 1098 1086 1135 quid
1102 1100 1212 1136 cuique
1232 1100 1294 1135 ipsi
1314 1098 1460 1130 debeant,
1481 1097 1677 1125 considerare
1696 1100 1836 1136 saepich,
1857 1110 1952 1138 quam
1972 1102 2051 1139 quid

161 1146 271 1183 cuique
290 1155 311 1172 a
330 1155 362 1172 re
378 1154 410 1181 p.
431 1144 630 1172 uideatur
657 1142 803 1171 deberi.

237 1192 300 1221 Hic
320 1192 345 1219 B
367 1197 398 1220 et
417 1192 443 1219 E
463 1202 522 1230 pro
542 1189 648 1219 uerbis
669 1190 818 1218 uideatur
837 1191 941 1219 deberi
960 1196 1078 1220 tantum
1097 1192 1239 1220 scribunt
1260 1192 1424 1226 debeatur,
1446 1203 1534 1230 quam
1554 1193 1739 1231 scripturam
1760 1194 1897 1224 Orellius
1917 1198 2048 1236 recepit.

163 1240 291 1269 Nollem
309 1239 432 1268 sactum.
473 1240 574 1276 Quem
595 1238 677 1265 enim
697 1237 903 1275 interpretem
924 1240 1103 1269 credibilest
1121 1251 1178 1279 pro
1201 1240 1365 1272 debeatur,
1399 1239 1424 1267 si
1445 1240 1477 1267 id
1496 1240 1606 1268 fuisset
1626 1241 1792 1280 scriptum,
1823 1244 1971 1273 uideatur
1992 1247 2047 1275 de-

162 1289 228 1317 beri
247 1288 343 1317 fuisse
362 1286 563 1326 positurum?
600 1286 716 1314 Contra
742 1285 768 1313 si
789 1295 895 1314 errore
915 1288 1050 1326 quodam
1070 1289 1165 1317 uerba
1192 1288 1341 1316 uideatur
1368 1286 1471 1315 slehen·
1490 1288 1677 1326 transposita
1697 1295 1800 1327 erant,
1833 1291 1993 1322 facillume
2013 1293 2047 1322 in

161 1336 307 1365 debeatur
328 1335 500 1363 coalescere
519 1339 672 1372 poterant.

236 1383 271 1412 C.
292 1383 365 1411 VII.
386 1381 413 1422 §.
438 1392 479 1419 17.
518 1384 590 1410 Hoc
610 1389 714 1410 tamen
734 1384 846 1418 miror,
868 1393 924 1410 car
944 1389 984 1411 tn
1005 1383 1079 1411 huie
1092 1386 1302 1421 potissumum»
1323 1385 1477 1417 irascare,
1499 1385 1554 1421 (sui
1572 1385 1760 1422 longissume
1781 1396 1801 1413 α
1820 1392 1849 1415 te
1869 1388 1965 1425 afuit.

235 1431 413 1460 Pronomen
433 1436 485 1463 tn,
507 1429 590 1468 quod
612 1430 634 1457 B
656 1434 687 1457 et
706 1429 733 1457 E
755 1429 920 1467 omittunt,
955 1435 985 1459 et
1013 1431 1156 1459 excidere
1175 1431 1333 1460 facillume
1353 1435 1500 1468 sequente
1520 1431 1594 1459 huic
1612 1433 1734 1471 potuit,
1767 1444 1868 1474 neque
1887 1436 1924 1464 ab
1945 1436 2047 1466 inter-

160 1483 248 1517 prete
268 1477 407 1506 additum
428 1487 493 1505 esse
515 1477 714 1515 probabilest.

235 1525 270 1554 C.
291 1524 420 1553 XXIX.
442 1522 468 1563 §
490 1524 534 1562 69.
574 1536 644 1553 cam.
672 1526 796 1563 quidem,
822 1537 883 1554 ηοη»
911 1527 1069 1555 dubitaret
1096 1533 1124 1555 et
1150 1527 1260 1556 consul
1286 1532 1315 1555 et
1342 1526 1431 1555 homo
1459 1525 1678 1556 nobilissumus
1700 1536 1871 1566 patronum
1898 1533 1989 1562 illum
2016 1541 2046 1563 et

159 1584 250 1602 sumn
270 1579 299 1601 et
311 1572 465 1610 fattziliae
485 1582 582 1600 suae
602 1572 821 1606 nobilis-santae
841 1574 952 1602 dicere.

235 1620 306 1657 Quo
327 1620 360 1647 in
380 1620 450 1647 loco
471 1620 559 1647 nolui
581 1630 650 1648 cum
669 1621 694 1648 B
716 1626 746 1648 et
766 1621 792 1648 E
813 1631 887 1649 succe
907 1631 1078 1659 pronomen
1099 1622 1260 1657 omittere,
1282 1620 1365 1659 quod
1384 1630 1484 1658 neque
1505 1621 1610 1649 deesse
1629 1632 1721 1660 posse
1740 1624 1900 1663 uideatur,
1928 1627 1966 1656 de
1986 1639 2044 1668 qua

157 1679 193 1698 re
212 1668 246 1696 in
267 1667 488 1695 commentario
509 1668 634 1703 monui,
656 1673 687 1696 et
706 1669 911 1706 praecedente
932 1670 1057 1698 nomine
1069 1671 1221 1708 fatrzilz'ae
1240 1669 1396 1698 facillume
1419 1669 1564 1698 excidere
1583 1671 1732 1709 potuerit.
1900 1673 1906 1678 ’

233 1716 268 1744 C.
288 1714 419 1743 XXXI.
439 1712 466 1752 §.
488 1715 532 1751 76.
577 1717 672 1752 Uale,
700 1727 794 1754 quam
813 1728 866 1745 me
885 1717 974 1746 uerbi
993 1720 1043 1746 tui
1056 1721 1229 1755 paeniteat.

232 1761 344 1800 Neque
365 1773 436 1791 usus
455 1762 606 1801 loquendi
625 1764 807 1802 permittere
828 1764 970 1801 uidetur,
1006 1771 1040 1794 ut
1059 1776 1106 1794 me
1125 1775 1299 1804 pronomen
1326 1765 1378 1793 hic
1397 1766 1423 1794 B
1445 1770 1475 1794 et
1494 1765 1521 1793 E
1543 1767 1720 1796 auctoribus
1741 1768 1909 1806 abiciatur,
1942 1781 2043 1812 neque

158 1808 221 1840 non
240 1810 486 1849 perspicuumst,
507 1811 604 1839 uerba
623 1822 719 1850 quam
738 1823 785 1840 me
805 1812 848 1840 sic
868 1813 984 1851 scripta
1004 1805 1114 1852 quche
1133 1813 1269 1853 procliui
1290 1824 1396 1842 errore
1416 1814 1450 1841 in
1470 1824 1563 1852 quam
1581 1815 1722 1852 potuisse
1742 1815 1914 1855 deprauari.

232 1858 268 1888 C.
289 1857 454 1886 XXXIV.
474 1856 502 1897 §.
523 1860 569 1888 84.
609 1862 663 1898 qai
687 1862 729 1888 in
749 1861 868 1888 caussis
883 1862 1098 1898 ponderandis
1118 1863 1215 1889 omnis
1227 1861 1301 1899 fere
1321 1863 1504 1898 repudiatis.

231 1906 294 1935 Hic
315 1916 438 1944 quoque
458 1905 540 1934 nihil
560 1907 787 1943 uerosimih'us‚
816 1918 906 1945 quam
926 1909 961 1936 in
979 1909 1263 1947 praepositionem,
1299 1908 1343 1936 ita
1362 1909 1507 1948 scriptam
1528 1900 1555 1947 ἵ,
1583 1911 1622 1939 ob
1642 1910 1829 1948 praecedens
1850 1913 1905 1950 qui
1923 1922 2042 1951 prono-

158 1963 228 1982 men
248 1953 440 1991 neglegentia
467 1954 671 1984 describentis
700 1956 843 1984 omissam
873 1965 946 1984 esse.
985 1956 1096 1995 Neque
1125 1956 1207 1985 enim
1227 1957 1333 1985 abesse
1353 1957 1437 1986 salua
1456 1959 1609 1987 sententia
1628 1968 1737 1997 posse,
1766 1958 1798 1987 in
1820 1963 2041 1991 commentario

157 2011 173 2029 a
193 2010 242 2029 me
261 2000 501 2030 demonstratum
519 2008 606 2041 puto.

1052 2077 1078 2118 §.
1111 2085 1138 2111 4-

233 2136 458 2167 Uehementius
487 2141 580 2169 etiam
606 2142 740 2178 errabit,
776 2141 829 2179 qui
849 2151 926 2180 quae
946 2141 1042 2169 uerba
1061 2142 1144 2169 solus
1165 2142 1217 2169 uel
1236 2142 1261 2169 B
1282 2142 1334 2169 uel
1354 2142 1380 2170 E
1403 2142 1537 2179 omittit,
1571 2144 1608 2172 ab
1629 2145 1802 2183 interprete
1821 2145 1944 2184 putabit
1962 2157 2039 2186 pro—

155 2185 236 2213 fecta
256 2194 328 2212 esse.
368 2185 448 2215 Nam
469 2197 538 2216 cum
558 2190 662 2217 nullus
683 2189 884 2218 librariorum
905 2190 997 2218 etiam
1019 2190 1337 2227 diligentissumorum
1358 2199 1446 2219 error
1465 2192 1661 2230 frequentior
1680 2192 1793 2228 fuerit,
1823 2203 1912 2231 quam
1932 2199 1967 2223 ut
1985 2205 2040 2233 ge·-

157 2232 253 2260 nuina
279 2233 467 2271 scriptorum
494 2236 589 2265 uerba
614 2238 728 2275 passim
762 2238 957 2274 omitterent,
992 2248 1122 2276 cumque
1156 2242 1274 2265 certum
1303 2237 1344 2264 sit
1372 2240 1629 2278 exploratumque
1656 2240 1692 2267 ab
1720 2240 1780 2267 isto
1807 2250 1914 2269 errore
1939 2252 2040 2282 neque

156 2281 300 2309 Bauarici
321 2291 421 2319 neque
441 2283 633 2312 Erfurtensis
654 2285 815 2314 librarium
834 2286 993 2315 inmunem
1013 2286 1124 2314 fuisse:
1146 2285 1236 2313 unius
1256 2285 1347 2320 libri,
1368 2285 1494 2324 aliquod
1515 2288 1643 2316 uerbum
1664 2287 1852 2324 omittentis,
1872 2299 2038 2329 numquam

156 2338 192 2357 ea
210 2334 315 2368 potest
334 2332 502 2359 auctoritas
523 2341 607 2367 esse„
641 2342 699 2370 qua
719 2333 756 2361 ad
776 2333 931 2369 eicienda,
967 2343 1042 2371 quae
1068 2338 1228 2371 praeterea
1253 2333 1337 2361 omni
1363 2334 1614 2372 interpolationis
1642 2335 1820 2373 suspicione
1837 2337 1937 2366 *uacua
1956 2342 2037 2375 sunt,

156 2377 251 2406 uerba
270 2382 400 2406 utamur.
441 2378 569 2408 Omittit
589 2384 690 2408 autem
709 2381 792 2408 solus
812 2382 837 2409 B
858 2382 891 2409 in
910 2381 959 2409 his
978 2381 1056 2409 locis
1079 2391 1112 2408 ea
1132 2381 1243 2417 uerba,
1265 2391 1343 2419 quae
1364 2382 1497 2410 diductis
1518 2383 1633 2411 litteris
1654 2382 1782 2420 scripsi:

231 2425 266 2454 C.
286 2425 342 2454 III.
362 2424 388 2464 §.
409 2425 435 2454 6.
474 2429 502 2454 st
528 2433 557 2455 te
583 2433 655 2456 aut
681 2438 701 2455 a
726 2429 866 2456 Plancio.
892 2443 931 2449 —
956 2429 1033 2457 Ibid.
1061 2430 1216 2467 dignitate
1236 2432 1429 2467 potuisse
1454 2432 1604 2467 superari.
1632 2445 1670 2450 —
1696 2429 1773 2458 Ibid.
1799 2431 1845 2459 ad
1869 2442 1964 2469 quam
1990 2442 2037 2462 me

157 2482 270 2502 caussa
295 2475 387 2511 ipsa
415 2474 548 2503 deduc-it.
575 2492 612 2498 —
639 2476 672 2505 C.
692 2475 782 2504 VIII.
807 2474 835 2515 §.
858 2485 901 2515 19.
929 2479 963 2505 in
989 2477 1100 2515 quibas
1127 2484 1186 2507 est
1213 2480 1308 2507 etiam
1333 2479 1491 2507 quentia.
1519 2493 1557 2498 —
1583 2477 1661 2506 Ibid.
1688 2488 1814 2507 suorum
1842 2481 2036 2518 municipum
