2185 2720
153 162 210 189 176
803 150 1376 183 COMMENTARIUS.

157 230 188 261 ei
209 241 285 261 cum
307 229 487 261 Laterense
508 226 649 258 sciamus
671 225 784 258 fuisse.
825 228 865 259 In
886 235 1076 272 promptust
1097 228 1187 260 enim
1209 226 1339 266 uidere,
1363 237 1402 257 ea
1422 227 1478 258 hic
1499 233 1627 258 tantum
1648 229 1889 262 conmemorari
1910 241 2019 273 posse,

156 294 240 325 quae
262 281 416 313 Plancius
438 279 570 319 fecerit,
592 279 780 311 Laterensis
802 280 912 311 facere
932 288 988 313 aut
1012 281 1160 313 omiserit
1184 285 1241 310 aut
1262 278 1419 311 noluerit.
1462 279 1578 320 Itaque
1599 279 1712 311 nullus
1732 281 1933 324 relinquitur
1957 282 2021 314 du-

155 335 280 367 bitandi
303 334 411 373 locus,
444 332 543 375 quin,
575 332 666 375 quod
688 333 768 376 ipsis
789 343 896 375 paene
918 333 1085 364 codicibus
1108 332 1296 364 auctoribus
1317 331 1448 374 Proleg.
1471 331 1494 363 l.
1517 332 1540 363 1.
1563 330 1794 374 reponendum
1813 333 1902 375 dixi,
1926 335 2022 379 Peti-

156 389 210 421 uit
234 401 274 420 ea
295 398 377 419 usus
400 385 533 417 ratione
555 391 616 416 etc.
640 396 660 416 a
681 385 841 417 Cicerone
866 385 1028 428 scriptum
1050 385 1160 417 suerit.
1202 385 1360 427 Denique
1384 383 1537 416 minume
1559 384 1779 423 tribunatus,
1812 384 1852 416 de
1874 397 1940 427 quo
1963 397 2021 417 co-

155 440 271 483 gitauit
294 438 512 477 Garatouius‚
537 443 584 468 set
605 437 798 469 aedilitatis
821 437 998 479 significari
1020 439 1234 483 petitionem,
1260 448 1342 468 uere
1363 448 1383 468 a
1404 448 1459 468 me
1481 436 1612 479 Proleg.
1634 438 1836 468 declaratum
1858 447 1928 468 esse
1950 447 2023 468 cer-

157 494 371 524 tissumumst.
415 490 537 523 Erraui
559 496 669 521 autem
691 489 727 520 111
749 500 798 527 eo,
824 489 911 531 quod
933 502 1056 522 nomen
1082 492 1195 529 uitae,
1220 489 1308 532 quod
1330 489 1366 520 in
1387 489 1414 521 B
1439 495 1471 520 et
1494 489 1522 520 E
1545 496 1621 531 post
1642 491 1776 522 ratione
1797 489 1944 520 additum
1967 500 2024 520 re-

159 546 304 589 peritur,
336 545 489 588 spurium
520 541 678 581 iudicaui,
713 541 801 583 quod
824 542 940 575 Cicero
967 556 1036 575 non
1065 544 1104 574 de
1132 543 1238 583 uitae,
1271 549 1319 574 set
1340 541 1380 573 de
1402 540 1562 584 petendae
1583 541 1758 572 aedilitatis
1778 541 1924 581 ratione,
1958 552 2024 583 qua

160 598 313 630 Plancius
335 609 414 630 usus
436 598 492 637 sit,
521 597 577 628 hic
597 595 763 636 loquatur.
807 593 856 626 At
877 606 961 637 quae
982 596 1084 628 uerba
1105 606 1274 638 proxume
1295 594 1512 638 praecedunt,
1542 594 1601 626 Set
1623 599 1663 626 ut
1688 594 1825 626 redeam
1845 594 1892 626 ad
1911 594 2025 627 Plan-

161 653 252 685 cium
270 650 405 694 —fuit
428 651 464 682 in
487 649 611 687 oculis,
639 646 679 679 iis
700 645 961 689 manifestumst,
994 661 1059 691 quo
1081 649 1168 680 uitae
1190 659 1311 691 genere
1333 658 1412 679 usus
1434 647 1589 678 Plancius
1610 647 1651 678 sit
1672 658 1778 689 usque
1801 647 1882 677 dum
1903 645 2025 677 aedili-

159 711 259 737 tatem
280 703 451 747 pefiuerit,
474 700 612 744 exponi.
656 700 777 741 Neque
799 700 1000 743 uerborum,
1023 703 1139 735 ualuit
1161 701 1393 739 adsiduitate,
1417 700 1533 732 ualuit
1555 700 1776 731 obseruandi-s
1798 700 1937 738 amicis,
1959 711 2025 731 ua-

158 759 225 790 luit
247 757 475 794 liberalitate,
497 755 581 786 alius
602 759 709 797 potest
732 764 832 794 quam
853 753 908 784 hic
930 765 998 786 esse
1021 766 1153 786 sensus:
1178 765 1232 792 eo,
1258 753 1347 795 quod
1370 763 1502 794 semper
1523 752 1653 783 Romae
1674 750 1791 791 fuerat,
1814 753 1939 784 amicos
1962 751 2026 783 ob·-

157 816 318 848 seruarat,
346 808 492 840 liberalis
514 807 639 846 fuerat,
671 817 744 836 eam
765 805 829 836 sibi
849 807 969 848 populi
991 807 1130 848 gratiam
1153 805 1359 845 conciliarat,
1389 811 1427 837 ut
1448 804 1707 848 conpetitoribus
1729 804 1904 836 aedilitatis
1924 814 2024 847 prae-

157 869 349 906 poneretur.
392 862 449 893 Ex
472 872 538 903 quo
560 861 624 892 hoc
645 858 794 901 primum
815 864 965 901 apparet,
987 870 1084 902 posse
1106 870 1230 890 nomen
1253 860 1348 891 uitae
1369 870 1388 890 a
1411 858 1573 890 Cicerone
1594 856 1740 888 additum
1758 863 1848 888 recte
1869 855 2022 896 iudicari,

157 915 222 946 hoc
254 925 368 945 sensu:
412 913 532 956 petiuit
561 912 759 943 aedilitatem
788 917 965 953 postquam
995 922 1033 942 ea
1052 923 1131 943 usus
1154 917 1224 943 erat
1244 911 1372 943 ratione
1397 910 1504 949 uitae,
1545 921 1611 952 qua
1631 916 1711 941 etc..
1756 910 1889 941 Debere
1909 914 2024 940 autem

158 978 236 997 eum
258 966 304 996 sic
325 965 491 1008 scripsisse
515 963 725 1003 existumem,
751 963 827 994 inde
848 963 998 1005 primum
1020 964 1198 1002 concludo,
1235 963 1342 1005 quod,
1377 963 1404 994 si
1425 963 1465 993 de
1486 962 1607 1005 petitae
1629 962 1800 994 aedilitatis
1820 962 1949 993 ratione
1969 961 2024 993 lo-

158 1019 217 1061 qui
239 1018 413 1058 uoluisset,
448 1018 519 1048 sine
539 1017 638 1048 dubio
662 1016 783 1048 omisso
807 1016 910 1046 uerbo
933 1028 1015 1048 usus
1038 1016 1232 1058 simpliciter
1252 1016 1380 1059 petiuit
1401 1028 1440 1048 ea
1464 1016 1599 1048 ratione
1624 1014 1774 1047 dixisset.
1816 1014 1952 1047 Deinde
1973 1019 2024 1045 et-

158 1071 225 1102 iam
248 1070 367 1110 uerba,
403 1081 487 1112 quae
508 1075 680 1109 secuntur,
715 1082 784 1113 qua
803 1069 958 1101 minuma,
979 1069 1115 1101 inuidia
1136 1070 1219 1101 noui
1240 1069 1392 1101 homines
1408 1069 1570 1112 plurumi
1591 1069 1722 1100 eosdem
1743 1069 1886 1100 honores
1907 1078 2023 1099 conse-

159 1124 250 1162 cuti,
277 1123 312 1154 iu
333 1123 442 1165 iisque
463 1134 622 1154 maxume
644 1123 798 1154 minuma
823 1122 961 1154 inuidia
984 1121 1131 1164 flagitare
1153 1121 1240 1153 mihi
1261 1120 1344 1152 adeo
1369 1121 1544 1161 uidentur,
1566 1126 1604 1152 ut
1624 1120 1663 1151 de
1685 1120 1792 1160 uitae,
1813 1131 1884 1151 non
1904 1119 1944 1150 de
1960 1130 2024 1162 pe-

159 1176 249 1208 tendi
275 1176 481 1218 magistratus
501 1175 628 1207 ratione
652 1174 705 1216 agi
727 1174 781 1205 hic
804 1173 983 1206 credamus.

243 1229 409 1262 Plurunzi
432 1229 563 1260 eosdem
584 1228 725 1259 honores
748 1228 930 1270 consecuti)
975 1227 1044 1259 Cur
1065 1233 1164 1267 sunt,
1198 1226 1286 1269 quod
1307 1226 1408 1268 uolgo
1430 1233 1506 1269 post
1528 1226 1716 1265 consecuti,
1744 1225 1784 1256 ab
1810 1224 1941 1257 Orellio
1962 1235 2024 1256 au-

159 1289 227 1313 tem
249 1287 324 1325 post
338 1281 499 1325 plurumi
521 1280 776 1321 conlocatumst‚
807 1280 978 1320 eiecerim,
1004 1280 1194 1323 expositum
1216 1280 1252 1312 111
1273 1280 1404 1322 Proleg.
1426 1280 1469 1311 L.
1495 1280 1539 1311 II.
1563 1280 1601 1312 C.
1623 1279 1651 1311 I.
1675 1279 1706 1320 ς.
1732 1278 1780 1310 16.
1803 1283 1861 1309 est.

907 1369 936 1403 C
960 1367 994 1403 A
1017 1369 1057 1402 P.
1104 1369 1279 1404 XXVIII.

247 1443 277 1483 ξ.
305 1441 356 1474 68.
397 1442 491 1475 Boni
512 1442 584 1474 uiri
606 1447 639 1474 et
661 1441 764 1482 ciues)
810 1440 879 1472 Cfr.
908 1440 1024 1472 Cicero
1049 1440 1086 1472 in
1109 1441 1243 1472 Consol.
1268 1451 1302 1483 p.
1329 1441 1418 1473 1165.
1445 1440 1494 1471 ed.
1517 1439 1599 1471 Ern.
1621 1439 1701 1472 Uol.
1724 1439 1787 1471 IV.
1809 1438 1846 1469 P.
1869 1437 1932 1469 IL:
1966 1437 2026 1469 Ita

161 1507 221 1527 nec
243 1495 322 1526 boni
344 1495 449 1533 ciuis,
473 1507 533 1527 nec
555 1494 633 1526 boni
654 1495 727 1526 uiri
739 1493 917 1537 fimgetur
942 1493 1062 1537 offic-io,
1104 1494 1242 1526 Bonum
1263 1494 1353 1526 enim
1375 1494 1493 1526 uirum
1518 1493 1630 1531 decet,
1661 1493 1703 1524 de
1725 1497 1914 1524 ceterorum
1934 1502 2026 1522 com-

161 1549 271 1580 modis
301 1560 407 1591 aeque
437 1548 593 1579 laborare
619 1560 660 1579 ac
682 1547 723 1579 cle
744 1548 837 1585 suis3
870 1546 992 1577 bonum
1018 1557 1098 1577 uero
1126 1546 1251 1585 ciuem,
1283 1559 1347 1580 sua
1369 1546 1484 1578 onznia
1503 1545 1696 1589 posteriora
1717 1544 1856 1582 habere,
1882 1543 2026 1586 patriae

161 1601 335 1633 commoda
352 1603 469 1643 prima.
490 1605 523 1631 et
542 1612 706 1632 maxuma
727 1600 867 1637 clucere3
901 1611 923 1630 ιι
948 1598 1069 1642 quibus
1090 1610 1197 1642 neque
1218 1599 1334 1631 dolore
1357 1610 1465 1642 neque
1487 1598 1562 1630 ulla.
1584 1597 1719 1629 omnino
1744 1597 1897 1629 humana
1916 1594 2026 1628 auelli

159 1653 422 1697 perturbatione
446 1652 614 1684 debemus.

243 1707 324 1738 Meo
346 1706 492 1746 nomine)
536 1705 615 1737 Mea
638 1715 766 1744 caussa,
802 1703 890 1746 quod
908 1703 1062 1736 Plancius
1086 1716 1157 1745 me,
1198 1716 1274 1737 cum
1295 1704 1331 1735 in
1354 1702 1458 1735 exilio
1494 1712 1616 1742 essem,
1659 1700 1700 1732 ab
1721 1699 1936 1731 inimicorum
1967 1699 2023 1730 111-

160 1757 250 1789 sidiis
274 1757 479 1789 defendisset.

252 1810 378 1845 Utrum
402 1811 516 1854 igitur
536 1822 589 1843 me
611 1810 814 1843 conturbare
835 1810 980 1853 oportet)
1025 1809 1249 1849 conturbare,
1284 1808 1426 1840 subaudi
1447 1809 1615 1847 rationes,
1648 1812 1695 1838 est
1716 1805 1916 1847 decoquere,
1951 1816 2022 1837 non

160 1873 258 1905 posse
280 1863 411 1894 soluere
434 1862 522 1905 quod
544 1863 658 1902 debes,
685 1863 759 1894 foro
782 1863 907 1894 cedere.
950 1863 1112 1895 Martialis
1134 1864 1201 1902 IX,
1223 1862 1274 1894 4.:
1309 1861 1463 1894 Grandis
1486 1863 1523 1894 in
1545 1860 1696 1893 aetherio
1720 1859 1801 1891 licet
1818 1859 1934 1891 auctio
1946 1858 2023 1903 flat

162 1915 321 1958 Olympo,
344 1915 587 1959 Coganturque
608 1917 664 1948 dei
685 1916 831 1948 uendere
853 1916 1018 1959 quicquid
1038 1916 1177 1948 habent.-
1200 1914 1423 1947 Conturbabit
1445 1914 1561 1953 Atlas,
1582 1918 1616 1946 et
1637 1924 1705 1944 non
1724 1912 1792 1943 erit
1813 1911 1917 1944 uncia
1937 1917 2023 1951 tota,

160 1968 311 2000 Decidat
332 1974 443 2000 tecum
465 1980 533 2011 qua
548 1974 653 2012 pater
675 1969 748 2012 ipse
769 1969 880 2001 deum.
904 1969 1108 2000 GnAm-nrs.
1154 1968 1264 2008 Adde,
1300 1979 1384 2009 quos
1407 1966 1608 1999 Garatonius
1630 1962 1774 1996 conferri
1795 1963 1903 2004 iubet,
1931 1963 2023 1996 Tur-

160 2021 237 2053 neb.
259 2021 323 2053 IV.
344 2020 490 2052 Aduers.
516 2022 584 2059 15„
607 2020 687 2051 ΕΓΗ.
711 2020 805 2053 Clau.
828 2021 996 2059 ciceron„
1020 2027 1051 2052 et
1072 2021 1216 2052 Pareum
1236 2021 1272 2052 in
1294 2022 1380 2052 Lex.
1405 2020 1488 2052 Crit.
1510 2019 1545 2051 h.
1563 2030 1656 2051 uoce.

244 2074 328 2106 Cum
350 2074 514 2116 cuiusque
535 2073 608 2105 dies
629 2073 775 2115 uenerit)
819 2074 906 2105 Cum
926 2073 1056 2104 uenerit
1078 2073 1146 2104 dies
1168 2074 1360 2113 solutionis,
1390 2084 1456 2115 quo
1479 2072 1600 2114 cuique
1616 2069 1817 2102 soluendum
1840 2074 1906 2109 est,
1935 2067 2023 2111 quod

160 2127 310 2159 debetur.
356 2125 521 2157 Phaedrus
540 2125 575 2164 Ι,
602 2125 670 2157 16.;
702 2125 768 2157 Ubi
795 2139 857 2158 uos
885 2127 1079 2170 requiram,
1111 2139 1188 2159 cum
1208 2127 1281 2159 dies
1303 2125 1494 2159 aduenerit.
1538 2124 1624 2158 Uide
1651 2124 1697 2156 D.
1725 2123 1766 2154 de
1786 2122 1880 2154 uerb.
1908 2119 2020 2164 signif.

160 2181 184 2212 1.
208 2180 280 2212 215.
304 2179 472 2220 §.cedere
492 2178 593 2210 diem.
638 2178 844 2210 GRAEUL'S.

253 2232 380 2264 Utrum
401 2231 514 2275 igitur
533 2243 586 2262 me
608 2231 810 2264 conturbare
834 2238 983 2275 oportet,
1015 2244 1062 2264 an
1081 2231 1220 2270 ceteris,
1251 2243 1328 2263 cum
1350 2232 1514 2275 cuiusque
1535 2231 1608 2263 dies
1630 2229 1782 2267 uenerit,
1808 2227 1870 2260 hoc
1889 2236 2020 2264 nomen,

162 2286 253 2331 quod
273 2290 395 2328 urget,
427 2295 529 2322 nunc,
551 2295 629 2315 cum
643 2284 792 2327 petitur,
814 2285 1036 2325 dissoluereP)
1079 2284 1133 2315 Sic
1155 2283 1210 2315 hic
1231 2284 1324 2315 locus
1346 2283 1382 2315 in
1405 2284 1560 2315 omnibus
1582 2281 1779 2313 editionibus
1797 2278 1937 2320 scriptus
1957 2288 2020 2308 ex-

163 2345 224 2377 [εἰς
263 2348 373 2378 neque
403 2335 579 2378 quisquam
601 2335 768 2368 editorum
796 2336 836 2368 de
866 2349 964 2368 sensu
989 2337 1189 2376 uerborum,
1229 2349 1275 2369 an
1296 2338 1418 2370 ceteris
1438 2353 1480 2360 —
1502 2336 1705 2374 dissoluere,
1741 2332 1844 2364 uerbo
1875 2330 2019 2370 monuit,

163 2400 366 2434 quamquam
387 2400 468 2430 prae
490 2388 605 2420 ceteris
627 2389 849 2431 explicatione
872 2389 1019 2432 egebant.
1067 2388 1237 2428 Wolffius‚
1260 2389 1318 2431 qui
1340 2389 1375 2420 in
1387 2389 1607 2420 uernaculum
1628 2395 1815 2418 sermonem
1838 2381 1924 2414 hanc
1945 2393 2022 2414 ora-

163 2444 290 2476 tionem
310 2440 494 2481 transtulit,
516 2441 562 2472 ita
581 2442 664 2473 haee
684 2441 918 2485 interpretatus
939 2448 1002 2475 est:
1025 2454 1118 2475 muss
1140 2442 1194 2475 ich
1216 2442 1305 2474 deun
1326 2442 1381 2475 die
1402 2440 1613 2484 Zalzlungen
1633 2437 1830 2475 einstellen,
1851 2435 1932 2468 oder
1952 2435 2018 2468 den
