2185 2720
746 181 820 210 CA
839 181 880 210 P.
918 179 993 209 XL.
1026 177 1055 218 §.
1090 183 1135 211 96.
1166 194 1204 201 -—·
1238 179 1328 208 XLI.
1354 177 1381 218 §.
1409 184 1454 211 97.
1980 187 2034 212 239

164 262 261 294 ultra
295 258 555 303 quadringenta
589 257 691 291 milia
724 256 843 288 liceret
871 267 953 288 esse.
994 254 1063 286 Illo
1091 253 1276 296 (Uibonem
1304 253 1416 285 nescio
1440 253 1612 295 quomodo
1634 254 1829 285 Tunseallus
1859 255 2033 298 intellegit.

163 323 240 344 cum
261 317 375 354 aperte
397 310 472 343 finis
495 311 568 352 lege
590 308 813 353 praescriptos
837 309 899 340 illo
920 306 1102 350 significet)
1124 319 1226 350 quom
1242 307 1429 351 peruenire
1451 319 1517 339 non
1540 308 1669 347 liceret,
1692 308 1812 340 statim
1834 309 1900 339 iter
1914 309 2035 341 Brun-

163 366 305 399 clusium
326 377 448 398 uersus
471 364 603 396 contuli
623 368 705 395 ante
728 363 821 394 diem
845 361 1059 404 rogationis,
1092 372 1134 392 ne
1156 366 1190 391 et
1212 361 1312 400 Sica,
1341 367 1428 404 aput
1453 373 1552 405 quem
1574 373 1687 400 eram,
1710 361 1860 404 periret,
1889 367 1921 393 et
1945 362 2035 405 quod

162 419 309 452 Melitae
331 429 402 450 esse
423 429 491 449 non
517 415 652 448 licebat.
695 415 780 447 Erat
801 414 893 445 enim
915 413 1051 454 Melita,
1081 418 1121 444 ut
1142 419 1272 444 constat
1293 424 1337 444 ex
1363 413 1538 452 Uerrinis,
1563 413 1600 445 in
1626 414 1664 445 C.
1687 413 1816 455 Uergili
1840 413 2033 454 prouinciae.

161 482 274 513 neque
298 469 377 502 satis
398 470 439 501 ab
462 468 559 501 Italia
581 467 738 507 distabat,
771 466 940 509 siquidem
962 466 1057 505 inde,
1090 465 1179 509 quod
1201 465 1402 497 Plutarchus
1430 465 1526 505 facit,
1560 477 1631 498 non
1652 466 1693 497 ab
1715 466 1815 504 urbe,
1853 466 1944 508 quod
1966 467 2033 498 Dio

163 522 378 562 XXXVIII,
407 534 472 565 17.‚
497 521 614 554 CCCC
636 519 732 552 milia
753 519 922 552 metienda
944 526 1043 559 sunt,
1073 530 1158 562 quae
1179 518 1316 561 quidem
1339 519 1398 550 ille
1422 519 1619 562 quingenta,
1650 518 1706 549 hic
1728 518 1810 550 haut
1832 519 1942 550 multo
1968 519 2036 550 mi·

162 586 226 606 nus
247 574 351 606 fuisse
372 575 524 606 tradidit.
570 575 638 615 Set,
662 585 763 617 quam
785 573 968 616 coepimus,
991 585 1066 605 rem
1088 584 1235 615 agamus.
1282 571 1357 603 Sica
1379 571 1532 615 primum
1553 571 1648 603 Tulli
1669 571 1843 604 familiaris
1867 578 1900 602 et
1919 571 2035 610 cliens,

163 626 223 668 qui
245 626 276 657 ei
298 627 485 669 praefectus
510 627 646 659 fabrum
669 628 705 659 in
728 626 904 659 consulatu
925 625 1060 665 fuisset,
1098 637 1207 668 poena
1230 625 1329 667 legis,
1364 636 1449 667 quae
1477 623 1628 655 nondum
1658 630 1743 656 esset
1764 631 1893 667 rogata,
1927 625 2036 655 teneri

163 690 234 710 non
256 685 409 722 poterat3
434 680 552 712 Cicero
570 692 638 724 pro
659 693 721 713 suo
744 681 821 713 iure
843 679 879 710 in
902 678 972 710 eius
994 678 1137 710 fundum
1158 677 1264 717 uenit,
1287 678 1323 709 in
1346 677 1511 720 oppidum
1532 677 1660 716 noluit;
1683 677 1731 708 ibi
1753 677 1876 709 diutius
1899 689 2037 709 manere

163 731 314 764 Atticum
338 740 519 776 expectans
544 733 726 775 cogitabat,
767 732 915 765 officium
943 738 1033 763 certe
1061 731 1213 762 debitum
1242 743 1312 762 non
1334 730 1534 762 detrectante
1556 730 1649 769 Sica3
1689 737 1736 762 set
1762 742 1801 761 eo
1824 731 1906 772 legis
1929 730 2037 773 capite

163 784 275 817 audito
300 785 448 818 discessit
478 786 612 826 subito,
649 799 692 819 ne
713 787 795 819 Sica
816 797 875 817 sua
897 796 1009 817 caussa
1031 786 1179 829 periret,
1216 784 1275 826 qui
1296 789 1362 814 tam
1388 795 1458 814 non
1481 783 1649 825 ingratus,
1684 783 1864 814 Plutarcho
1888 784 2038 822 nolente,

163 836 246 876 fuit,
281 844 319 869 ut
340 850 360 870 a
381 850 417 870 se
443 838 671 871 discedentem
698 839 868 882 hospitem
890 839 1139 876 Brundusium,
1173 844 1211 869 ut
1236 848 1280 868 ex
1303 836 1404 868 XIV.
1426 836 1536 879 Epist.
1558 836 1590 867 4.
1622 835 1664 866 ad
1689 836 1829 867 Terent.
1853 842 1960 879 patet,
1993 836 2038 867 sit

165 897 375 934 prosecutus.
419 892 551 924 Deinde
571 892 660 935 quod
679 893 741 932 ait,
772 893 833 925 illo
856 904 957 937 quom
975 892 1161 935 peruenire
1182 902 1250 922 non
1271 890 1409 928 liceret,
1439 889 1609 932 explicare
1632 901 1701 920 non
1727 900 1830 931 queo,
1859 888 1925 920 nisi
1947 890 2039 921 mari

166 950 224 975 aut
244 944 384 984 addam,
407 951 465 976 aut
486 957 548 988 per
572 956 608 977 se
632 946 788 978 Atticum
810 945 1061 977 intellecturum
1084 943 1233 981 credam,
1259 941 1367 984 quod,
1394 948 1431 974 ut
1453 943 1508 974 hic
1535 942 1674 982 dicitur,
1693 942 1943 986 praecludebat
1964 943 2039 974 hie-

166 998 232 1030 mis
253 998 470 1041 magnitudo.
514 998 608 1030 Dum
636 998 741 1040 igitur
769 998 856 1030 mari
879 1009 947 1029 non
976 997 1098 1028 licebat
1117 997 1167 1028 uti
1191 995 1398 1037 tranquille,
1432 996 1588 1027 terrestri
1609 996 1773 1027 utendum
1800 1001 1871 1026 erat
1895 995 2038 1033 itinere3

169 1061 255 1092 quae
277 1049 342 1081 duo
365 1062 442 1082 cum
465 1057 589 1091 essent,
614 1051 760 1083 alterum
780 1051 877 1083 iuxta
896 1051 1197 1089 mediterraneum,
1228 1050 1320 1080 cuius
1344 1060 1387 1080 ex
1409 1050 1523 1091 aliquo
1546 1049 1710 1081 ulteriore
1732 1054 1835 1091 portu
1856 1048 1959 1080 maris
1981 1047 2038 1079 fu—

169 1110 242 1135 tura
263 1103 487 1146 tranquillitas
506 1103 594 1136 solui
615 1104 845 1147 permitteret,
870 1105 988 1137 Cicero
1011 1115 1080 1135 non
1098 1108 1250 1146 poterat,
1281 1102 1394 1133 Sicilia
1418 1108 1452 1133 et
1468 1102 1586 1134 Melita
1607 1101 1823 1141 interdictus,
1851 1102 2037 1144 suscipere3

168 1157 313 1189 alterum
336 1168 416 1198 ergo
439 1157 670 1189 Brundusium
691 1169 807 1190 uersus
829 1158 949 1197 iniuit,
971 1156 1059 1188 unde
1083 1156 1241 1187 traiectus
1265 1162 1337 1187 erat
1358 1155 1394 1187 iu
1419 1156 1615 1196 Graeciam,
1646 1154 1682 1185 in
1704 1154 1868 1197 Epirum,
1898 1155 1935 1185 in
1959 1155 2038 1186 Ma-

167 1209 354 1241 cedoniam.
399 1211 457 1242 Set
479 1222 518 1242 eo
546 1211 587 1242 de
612 1211 686 1242 loco
716 1211 775 1243 alii
797 1210 943 1242 uiderint
952 1222 963 1249 3
1001 1209 1059 1252 qui
1081 1221 1185 1252 porro
1209 1209 1448 1252 apertissumus
1474 1208 1586 1248 fieret,
1614 1208 1642 1239 si
1665 1207 1739 1250 quis
1765 1207 1956 1239 emendaret
1976 1219 2039 1240 au-

169 1262 300 1295 dacius:
333 1263 408 1295 illic
429 1263 525 1307 (aput
547 1264 672 1306 Sicam)
696 1277 798 1309 quom
815 1276 1018 1310 permanere
1039 1276 1106 1296 noa
1129 1264 1258 1296 liceret.
1301 1262 1478 1304 Denique,
1508 1261 1599 1304 quod
1621 1262 1676 1293 hic
1699 1261 1774 1293 Sica
1797 1261 1953 1304 Οὐίβιος,
1977 1264 2039 1296 Σι-

167 1314 260 1351 κελὸς
288 1311 391 1358 ἀνήρ,
430 1317 567 1357 Uibius,
593 1317 648 1349 uir
671 1319 803 1350 Siculus
825 1329 844 1349 a
866 1318 1046 1349 Plutarcho
1072 1316 1281 1359 appellatur,
1305 1327 1347 1347 an
1370 1316 1418 1346 ibi
1438 1316 1500 1347 hac
1523 1315 1564 1346 de
1585 1326 1623 1346 re
1645 1320 1772 1357 agatur,
1795 1314 1979 1346 Ernestum
2002 1315 2038 1346 in

168 1368 243 1400 Ind.
265 1369 395 1400 Histor.
421 1381 456 1412 p.
478 1371 549 1402 262.
577 1371 731 1403 dubitare
751 1383 821 1404 non
849 1370 1010 1414 oportuit.
1057 1369 1209 1402 Omnino
1239 1376 1271 1401 et
1294 1380 1312 1400 e
1334 1375 1432 1411 gente
1455 1368 1556 1401 Uibia
1584 1368 1684 1400 illum
1709 1366 1813 1399 fuisse
1841 1379 1902 1399 nos
1931 1368 2037 1407 docet,

169 1427 204 1452 et
224 1421 360 1453 natione
383 1421 535 1454 Siculum
557 1424 792 1456 existumabat.
838 1423 967 1466 Quidni
988 1424 1125 1455 autem‘.>
1169 1422 1235 1454 nisi
1264 1421 1354 1453 forte
1386 1420 1561 1464 suspiciosi
1592 1433 1662 1453 esse
1689 1421 1848 1452 uolumus
1872 1427 1906 1452 et
1928 1421 2038 1452 Grae-

167 1484 244 1505 cum
265 1473 458 1515 hominem,
492 1476 550 1518 qui
579 1477 719 1510 Uibium
740 1479 873 1517 Sicani,
900 1476 957 1507 uel
979 1476 1079 1507 etiam
1101 1475 1257 1508 Siculam
1282 1475 1433 1517 legisset,
1464 1475 1510 1505 ita
1537 1485 1606 1506 esse
1628 1475 1883 1517 interpretatum
1904 1480 2035 1516 putare,

166 1537 245 1557 cum
267 1525 299 1556 ei
321 1525 360 1557 de
381 1527 462 1559 Uibi
484 1529 593 1570 patria
624 1531 713 1562 nihil
743 1536 944 1573 conpertum
974 1535 1076 1569 esset,
1114 1540 1198 1571 quae
1227 1528 1363 1571 quidem
1392 1527 1547 1559 inscienti
1574 1527 1765 1559 credibilior
1787 1526 1877 1559 Uibo
1906 1525 2036 1558 fuisset.

166 1578 410 1611 Bliddletonius
434 1591 477 1611 ex
499 1581 564 1612 hoc
583 1582 782 1615 Plancianae
803 1585 877 1616 loco
899 1583 980 1615 haut
1002 1589 1092 1615 recte
1115 1582 1272 1624 conlegit,
1297 1581 1496 1613 Ciceronem
1519 1581 1555 1611 in
1581 1580 1715 1612 Siciliae
1737 1586 1953 1622 conspectum
1975 1591 2038 1611 ue-

167 1632 274 1671 nisse:
298 1643 317 1663 a
331 1633 509 1665 Tunstallo
532 1634 646 1677 itaque
667 1637 940 1679 reprehenditur.
985 1636 1034 1669 At
1048 1636 1104 1667 hic
1125 1636 1197 1678 ipse
1211 1646 1281 1666 non
1303 1633 1400 1673 uidit,
1424 1640 1597 1666 auctorem
1618 1633 1670 1665 illi
1685 1633 1833 1665 Dionem
1859 1645 1930 1665 esse
1952 1634 1975 1665 1.
1988 1645 2037 1665 c..

169 1685 305 1716 Tullius
336 1697 419 1717 uero
451 1686 523 1729 ipse
545 1687 690 1728 fatetur,
725 1702 760 1722 se
782 1691 893 1722 Roma
914 1689 1166 1732 profugientem
1198 1700 1237 1720 eo
1261 1687 1437 1729 cogitasse3
1471 1686 1571 1718 modo
1595 1686 1703 1725 enim,
1739 1699 1780 1719 ex
1803 1686 1883 1725 illo,
1915 1686 2037 1728 inquit,

168 1739 326 1771 incendio
347 1756 390 1762 --
411 1740 532 1771 cedens
553 1758 594 1764 —
616 1743 775 1776 Siciliam
790 1746 908 1789 petizci
930 1744 1065 1781 animo3
1099 1748 1148 1773 set
1174 1754 1244 1773 non
1264 1742 1355 1772 ultra
1376 1740 1548 1773 Uibonem
1572 1739 1745 1783 processit.
1788 1738 1910 1770 Dionis
1932 1739 2037 1781 igitur

169 1792 266 1831 illut,
288 1790 479 1833 ὑπεξῆλθεν
503 1796 535 1829 ἐς
559 1795 733 1837 Σικελίαν,
763 1797 792 1828 si
812 1797 913 1840 plane
935 1796 1012 1828 falsi
1034 1807 1214 1839 coarguere
1235 1795 1415 1835 nolumus,
1446 1793 1487 1825 de
1510 1793 1685 1825 uoluntate
1708 1792 1835 1824 urbane
1857 1803 1894 1823 ac
1915 1792 2037 1824 leniter

168 1845 446 1888 interpretemur.
486 1847 592 1880 IDEM.

945 1936 1106 1972 CAP.
1162 1938 1262 1973 XLI.

256 2008 286 2048 §·
311 2017 362 2049 97·
405 2007 650 2043 Brundusium
673 2011 771 2051 ueni,
793 2011 852 2044 uel
869 2011 987 2055 potius
1009 2011 1057 2043 ad
1076 2012 1211 2044 moenia
1233 2010 1373 2053 accessi)
1419 2008 1519 2051 Quod
1541 2008 1623 2040 Bau.
1647 2008 1809 2051 postulat,
1835 2014 1874 2039 ut
1894 2007 2038 2039 uerbum

169 2060 317 2099 accessi,
341 2071 408 2102 quo
430 2061 503 2104 ipse
526 2069 631 2103 caret,
664 2063 851 2103 deleamus,
881 2064 917 2095 id
940 2064 1098 2106 equidem
1120 2064 1206 2096 facio
1230 2064 1483 2095 lubentissume.
1526 2063 1617 2094 Nam
1641 2073 1680 2093 eo
1703 2062 1834 2093 sublato
1858 2062 1961 2092 uerbo
1984 2061 2039 2092 lo-

171 2113 262 2144 cutio
284 2120 437 2145 remanet
459 2115 657 2158 elegantior.
702 2119 765 2150 IV.
788 2117 822 2149 in
838 2119 938 2151 Uerr.
962 2118 1012 2150 25.
1035 2131 1136 2163 quom
1158 2119 1205 2151 ad
1225 2118 1441 2150 Haluntium
1462 2117 1612 2149 uenisset
1627 2121 1772 2159 praetor
1793 2114 1983 2146 laboriosus
2006 2119 2040 2146 et

172 2166 344 2209 diligens,
383 2168 456 2211 ipse
484 2169 521 2201 in
543 2172 708 2215 oppidum
729 2172 888 2204 accedere
911 2173 1041 2211 noluit,
1074 2172 1165 2216 quod
1186 2177 1261 2203 erat
1283 2171 1421 2216 difficili
1443 2182 1586 2203 ascensu
1608 2174 1711 2212 atque
1732 2168 1843 2200 arduo
1863 2185 1906 2192 —
1928 2168 1963 2199 ia
1990 2167 2039 2199 le-

171 2219 261 2251 ctica
289 2220 417 2253 cubans
446 2222 494 2254 ad
522 2235 618 2256 mare
642 2224 740 2268 infra
766 2225 932 2269 oppidum
961 2225 1172 2269 expectabat.
1215 2224 1267 2256 Ibi
1298 2235 1433 2266 quoque
1455 2224 1483 2255 si
1514 2223 1673 2256 accedere
1701 2221 1868 2258 deleatur,
1903 2231 1970 2262 quo
1999 2220 2039 2250 de

170 2273 275 2305 uerbo
301 2273 529 2315 contenditur,
559 2278 679 2310 uenire
701 2277 890 2309 subaudias.
936 2278 994 2310 Set
1019 2277 1185 2321 quidquid
1209 2289 1248 2309 eo
1276 2277 1315 2308 de
1338 2278 1411 2309 loco
1436 2287 1585 2316 censeas,
1618 2275 1707 2307 nihil
1728 2274 1767 2306 ad
1791 2274 1882 2305 hunc
1905 2272 2040 2304 dubita-

172 2323 273 2356 tionis
296 2324 460 2358 adfertur.
485 2328 745 2363 GARATONIUS.
787 2331 878 2364 Uide
900 2331 1033 2374 Proleg.
1055 2333 1097 2363 L.
1121 2332 1164 2363 ΙΙ.
1189 2332 1228 2363 C.
1251 2331 1277 2362 I.
1303 2331 1332 2372 ξ.
1356 2330 1407 2364 4..

263 2378 388 2411 Urbem
410 2393 517 2412 unam
537 2382 625 2414 milti
644 2384 918 2424 amicissumam)
961 2385 1023 2416 Est
1044 2385 1157 2427 ipsum
1179 2384 1419 2416 Brundusium.
1471 2384 1585 2417 Unam
1606 2381 1648 2414 ad
1670 2381 1927 2414 amicissumam
1949 2376 2040 2410 refe-

174 2429 330 2471 rendum,
351 2433 525 2466 intellecto
548 2436 711 2475 omnium,
735 2437 826 2479 quod
842 2443 873 2469 et
887 2437 968 2468 alibi
990 2437 1168 2475 omittitur,
1192 2444 1249 2468 aut
1272 2437 1516 2480 corrigendum,
1538 2435 1656 2469 urbem
1678 2435 1802 2479 ipsam,
1823 2433 1910 2465 milli
1928 2432 2041 2471 amic„

175 2494 315 2527 nempe,
345 2491 385 2517 ut
406 2494 599 2530 opponatur
619 2491 808 2522 moenibus.
831 2491 1056 2522 ERNESTIUS.
1101 2490 1338 2522 Notissumum
1360 2491 1439 2522 illut
1461 2489 1593 2521 dicendi
1616 2500 1733 2531 genuS.
1765 2486 1855 2529 quod
1880 2484 2038 2518 Ernestio
