2185 2720
128 132 185 161 182
779 116 1342 149 COMMENTARIUS.

127 200 262 235 bilitatis
284 210 354 230 esse
376 196 474 229 facile
495 195 681 227 uidebatur.
705 194 964 227 GARATONHJS.
1007 193 1111 225 Recte
1139 190 1314 235 probabile
1343 202 1413 224 esse
1434 192 1606 225 Ernestius
1633 193 1783 236 negauit,
1817 194 1995 228 Metellum

127 254 273 287 dixisse:
302 257 474 296 patronus
501 249 560 282 ille
587 254 621 281 et
641 260 736 282 meus
758 253 791 280 et
803 246 972 292 familiae
999 258 1093 279 meae
1115 245 1356 277 nobilissumae
1380 251 1446 285 est,
1479 251 1684 288 optumeque
1705 247 1846 278 uerbum
1868 259 1940 280 esse
1960 247 1997 278 111

127 315 159 341 et
182 318 252 339 esse
273 303 469 338 mutandum
491 301 592 341 uidit,
619 312 822 343 quamquam
846 300 1084 342 grauissumam
1107 297 1300 329 mutationis
1323 308 1471 330 caussam
1492 310 1561 330 non
1584 299 1776 341 perspexit,
1798 299 1939 341 positam
1961 299 1998 331 111

129 374 185 393 ec.
224 358 315 401 quod
338 367 437 388 nemo
458 355 692 386 Romanorum
716 363 876 394 umquam
903 351 999 391 dixit,
1034 363 1100 384 non
1122 350 1240 383 dubito
1265 355 1297 382 te
1319 362 1390 383 esse
1410 352 1600 394 sapientem
1621 352 1751 392 dicere,
1787 357 1836 383 set
1855 363 1998 395 semper,

130 426 195 446 non
221 413 337 445 dubito
364 415 395 441 te
418 409 607 452 sapientem
628 407 751 445 dicere,
773 405 916 447 ideoque
937 405 1078 436 uerbum
1100 415 1170 435 esse
1191 403 1231 434 ab
1246 403 1395 435 hocloco
1418 403 1607 435 alienumst.
1653 403 1756 445 Quod
1776 410 1886 436 autem
1908 405 2000 437 idem

130 465 302 499 Ernestius
331 472 451 495 uocem
481 459 724 493 nobilissumae
751 458 931 490 eiciendam
962 457 1104 501 putauit,
1139 455 1172 487 id
1193 456 1319 487 duabus
1347 456 1389 487 de
1412 456 1533 487 caussis
1554 456 1690 499 probari
1712 456 1839 499 nequit.
1881 458 2000 490 Altera

132 520 212 551 haec
235 524 298 556 est,
323 514 413 574 quod
433 525 503 545 non
526 519 573 544 est
593 523 653 544 1101
656 511 805 551 051111110
827 518 864 544 ut
885 511 1042 554 cuiquam
1064 508 1235 551 inteipreti
1267 509 1354 540 hanc
1384 520 1503 541 uocem
1527 509 1678 541 adder'e
1669 521 1704 540 m
1726 515 1873 541 mentem
1894 520 2002 540 uene-

132 572 184 603 iit.
231 570 281 601 G1
283 568 378 600 111101
400 566 499 598 etiam
520 565 669 604 alteiast‚
707 564 796 607 quod
815 565 934 596 omissa
959 575 997 595 ea
1018 563 1142 595 mirum
1166 568 1327 604 quantum
1350 561 1509 593 clationis
1531 562 1776 594 uehementia
1767 574 1801 593 m
1825 562 1919 594 exitu
1939 574 2002 606 pe-

131 623 221 655 110(11
244 621 452 659 debilitatur,
482 617 782 659 membroiumque
804 617 933 649 tollitur
954 616 1149 659 aequalium,
1176 615 1230 647 cui
1252 615 1296 647 ita
1318 614 1425 647 studet
1448 614 1585 653 010010,
1615 621 1651 646 ut
1672 627 1928 657 nonnumquam
1951 621 2004 646 et-

132 677 199 708 iam
223 686 306 717 quae
328 683 488 705 maxume
515 669 647 702 inutilia
668 670 845 702 uideantui
868 670 966 701 addat
992 669 1071 712 (uid.
1095 668 1136 699 ad
1161 669 1199 700 C.
1222 668 1342 700 ARV.
1367 668 1398 709 §.
1424 667 1475 699 61.
1505 667 1664 710 p.165.).
1710 669 1799 700 Nam
1827 673 1864 698 ut
1891 666 2004 699 uerbis

132 736 165 762 et
186 729 304 761 consul
324 724 529 768 1espondent
549 723 655 754 ue1ba
677 729 709 756 et
731 735 844 761 suum,
865 722 913 754 ita
934 727 1194 753 consentaneum
1213 725 1294 760 erat,
1321 725 1360 751 ut
1381 719 1495 751 uerbis
1515 719 1615 752 etiam
1638 722 1736 754 homo
1760 721 2004 753 nobilis-sumus

131 794 193 826 par
215 781 409 812 111011111111111
431 781 671 820 opponet-emi
715 776 832 817 Itaque
853 787 936 807 suae
957 773 1069 816 potius
1091 784 1291 816 pronomen,
1316 773 1408 814 quod
1429 773 1608 805 manifesto
1634 775 1748 806 turbet
1770 773 2005 805 membrmum

131 834 367 890 aequalitatem
390 841 452 862 nec
473 828 512 860 ad
535 828 719 860 sententiae
744 828 971 870 integritatem
993 826 1217 857 necessarium
1239 825 1298 866 sit,
1325 826 1473 868 adeoque
1495 827 1533 858 in
1550 827 1577 859 B
1604 833 1637 858 et
1659 828 1707 867 E,
1738 826 1886 870 optumis
1911 825 2005 857 codi-

133 888 243 926 cibus,
275 884 436 917 omissum
459 881 517 921 sit,
546 894 609 925 pro
632 881 748 925 spurio
771 880 909 911 debebat
929 879 1064 917 liabe1i3
1092 885 1305 921 retiactoque
1327 879 1482 921 equidem
1505 891 1605 923 quam
1628 880 1759 922 Proleg.
1783 881 1825 911 L.
1848 880 1891 911 II.
1915 879 1954 910 C.
1976 879 2004 910 I.

134 941 164 982 ξ.
189 940 218 971 5.
242 936 442 970 sententiam
464 933 545 965 dixi.
590 935 718 977 Sponte
745 939 857 965 autem
885 932 1108 974 intellegitur,
1147 943 1215 963 non
1239 943 1259 963 a
1280 932 1420 964 Metello
1443 944 1561 964 uocem
1585 932 1696 973 illam,
1730 939 1780 964 set
1802 944 1820 964 a
1843 932 2007 964 Cicerone

133 992 276 1023 additam
299 987 498 1021 existumari
521 986 653 1019 debere.
697 989 818 1029 Neque
841 985 1037 1028 quisquam,
1069 985 1096 1017 si
1118 996 1181 1027 pro
1204 984 1447 1017 nobilissumae
1468 985 1632 1028 scriptum
1657 998 1743 1029 quae
1766 991 1841 1018 erat
1861 984 2005 1018 nobilis-

133 1057 232 1078 suma
254 1042 474 1086 repperisset,
499 1052 566 1082 quo
588 1047 700 1073 tamen
723 1039 955 1072 membrorum
977 1037 1106 1069 sublata
1128 1042 1212 1068 esset
1236 1037 1433 1079 aequalitas,
1466 1038 1611 1070 offensus
1635 1045 1730 1070 esset.

220 1099 250 1139 ἕ.
274 1108 324 1139 70.
369 1096 408 1127 Si
434 1096 566 1126 Romae
594 1105 664 1126 esse
686 1093 871 1137 potuisset)
914 1089 1099 1122 Proconsul
1129 1095 1201 1120 erat
1230 1089 1267 1120 111
1289 1089 1471 1132 Hispania,
1509 1101 1586 1122 cum
1608 1091 1757 1123 Calidius
1785 1096 1835 1123 est
1855 1101 2006 1122 accussa-

134 1159 199 1184 tus.
244 1150 458 1182 MANUTIUS.

219 1204 291 1244 Qui
311 1206 452 1245 praetor
466 1198 648 1243 finitumo,
670 1198 789 1231 consul
811 1197 993 1230 domestico
1015 1195 1099 1228 bello
1117 1207 1232 1239 remp.
1254 1195 1428 1238 liberauit)
1454 1196 1525 1228 Cfr.
1541 1196 1578 1228 in
1591 1197 1632 1229 L.
1650 1197 1763 1228 Pison.
1780 1196 1818 1228 C,
1830 1195 2005 1227 XXXIX.

137 1260 166 1300 ς.
191 1259 262 1300 95.,
294 1254 334 1286 ad
357 1264 458 1296 quein
480 1253 593 1283 locum
615 1251 782 1284 Asconius
805 1250 886 1281 haec
906 1249 1094 1280 adnotauit:
1124 1249 1259 1281 Notum
1282 1254 1348 1288 est,
1378 1248 1556 1293 Opimium
1578 1250 1614 1282 in
1631 1255 1802 1294 praetura
1824 1247 2007 1291 Fregellas

137 1311 284 1353 cepissffi
321 1319 385 1351 quo
410 1311 510 1349 pacto
534 1306 631 1336 uisus
655 1310 704 1336 est
727 1310 852 1336 ceteros
881 1315 1011 1346 quoque
1032 1303 1179 1334 nominis
1201 1303 1329 1335 Latini
1355 1303 1461 1334 socios
1483 1303 1573 1335 male
1594 1304 1764 1334 animatos
1787 1302 2007 1346 repressisse5

137 1362 346 1403 eundemque
375 1360 412 1391 in
441 1358 621 1391 consulatu
645 1357 811 1389 Fuluiom
837 1356 1002 1387 Flaccum
1032 1355 1245 1387 consularem
1275 1360 1308 1387 et
1336 1355 1372 1387 C.
1394 1354 1590 1387 Gracchum
1616 1354 1841 1387 tribunicium
1869 1366 2008 1398 oppres-

138 1417 240 1454 sisse3
263 1413 301 1445 ob
325 1424 428 1456 quam
450 1410 622 1442 inuidiam
638 1415 760 1452 postea
784 1409 913 1440 iudicio
937 1408 1188 1440 circumuentus
1211 1413 1261 1438 est
1282 1413 1315 1439 et
1337 1407 1373 1439 in
1396 1408 1539 1439 exilium
1559 1413 1669 1440 actus.

225 1468 254 1508 ᾗ.
280 1477 330 1508 71.
374 1464 494 1498 Nimis
518 1474 580 1506 ego
601 1473 767 1505 magnum
789 1460 988 1503 beneficium
1011 1462 1138 1494 Planci
1149 1459 1264 1503 facio)
1307 1461 1384 1492 Hoc
1405 1466 1470 1500 est,
1508 1460 1608 1492 nimis
1639 1460 1767 1491 extollo
1796 1459 2008 1500 beneficium,

140 1528 174 1552 et
198 1520 287 1562 fingo
309 1517 417 1549 multo
441 1516 547 1548 maius
571 1526 658 1552 esse,
699 1525 799 1556 quam
824 1512 890 1544 fuit
917 1524 954 1544 re
976 1513 1058 1556 ipsa.
1104 1514 1220 1545 Cicero
1252 1524 1315 1556 pro
1345 1514 1483 1545 Flaccoz
1522 1514 1619 1546 Dum
1647 1524 1728 1545 uero
1751 1524 1785 1544 se
1808 1513 2009 1557 locupletem

132 1573 288 1615 faceret,
322 1570 460 1602 liaberet
482 1568 572 1600 nillil
587 1573 729 1611 praeter
752 1567 850 1598 illam
875 1566 1130 1609 inpudentiam,
1165 1578 1268 1609 quam
1289 1566 1397 1598 uides.
1440 1566 1548 1597 Plaut.
1574 1565 1649 1597 Mil.
1675 1565 1727 1597 55.
1763 1566 1936 1609 sslagnum
1957 1577 2011 1598 me

133 1626 273 1670 faciam
295 1635 397 1655 nunc.
420 1622 489 1653 GR
486 1629 626 1651 1131115
670 1619 777 1704 Adde5
790 1619 895 1650 Plaut.
921 1618 1018 1651 Asin.
1042 1620 1084 1658 II,
1112 1629 1141 1657 2,
1165 1618 1216 1650 84.
1241 1618 1424 1662 Extemplo
1438 1617 1539 1661 facio
1552 1617 1713 1661 facetum
1735 1631 1787 1650 me
1811 1623 1915 1660 atque
1934 1629 2010 1649 ma·-

141 1677 315 1722 gnisicum
337 1676 466 1708 uirum.
489 1678 522 1703 et
544 1672 642 1715 Epid.
666 1673 732 1712 Ht,
787 1676 870 1710 ,40.
899 1672 979 1715 Ego
1002 1672 1076 1704 illic
1097 1684 1150 1703 me
1171 1677 1286 1703 autem
1306 1671 1559 1704 adsimulabam
1582 1671 1683 1714 quasi
1704 1671 1886 1708 stolidum,
1908 1680 2010 1713 quom

143 1732 303 1764 Barclum
325 1740 377 1762 me
389 1725 577 1770 faciebam.

229 1783 286 1815 An
311 1782 393 1825 quia
416 1786 448 1812 te
470 1792 536 1811 non
559 1777 752 1821 iugulauit)
797 1778 884 1809 Cum
912 1777 953 1808 ad
983 1788 1060 1808 011111
1082 1776 1296 1809 Macedoniae
1329 1783 1542 1820 quaestorem
1570 1777 1644 1818 lege
1667 1773 1784 1806 Clodia
1810 1774 1927 1816 pulsus
1951 1772 2010 1806 Ci-

145 1848 221 1868 cero
245 1835 349 1865 uenit.
394 1833 608 1865 MANUTIUS.

229 1887 396 1931 Iugulari
414 1897 541 1929 passus
563 1895 629 1915 non
652 1882 715 1925 est)
759 1882 793 1914 A
811 1882 1082 1914 sceleratissumis
1104 1882 1307 1922 hominibus,
1332 1882 1390 1925 qui
1411 1881 1445 1912 in
1463 1880 1641 1912 Graeciam
1663 1879 1894 1921 confugerant,
1915 1886 2013 1923 post-

147 1952 248 1984 quam
273 1939 407 1982 inpium
435 1938 583 1975 serrum,
622 1941 660 1966 ut
688 1936 736 1966 ait
758 1935 876 1966 Cicero
909 1936 946 1967 C.
968 1936 1064 1967 XLI.
1089 1935 1117 1976 §-
1142 1934 1192 1977 93.
1216 1934 1315 1966 huius
1338 1946 1406 1975 ο1·.,
1439 1933 1593 1976 ignisque
1614 1932 1791 1977 pestiferos
1819 1944 1836 1963 e
1857 1932 2012 1966 inanibus

147 2005 266 2026 eorum
289 1991 406 2023 consul
427 1994 626 2022 extorserat.

236 2046 322 2078 Toto
345 2044 405 2076 illo
427 2042 529 2083 anno)
575 2042 662 2073 Cum
683 2040 721 2071 P.
746 2041 880 2072 Clodius
903 2041 1111 2072 tribunatum
1132 2041 1179 2083 pl.
1202 2039 1347 2082 gerebat.

233 2098 320 2132 Nisi
332 2096 432 2140 forte
452 2093 653 2136 existumas)
699 2093 768 2124 Cur
781 2092 881 2136 forte
904 2093 1100 2132 addiderim,
1126 2093 1258 2135 Proleg.
1277 2093 1319 2124 L.
1343 2092 1387 2123 II.
1411 2092 1449 2123 C.
1472 2091 1499 2123 I.
1524 2091 1553 2133 §.
1577 2091 1608 2123 8.
1633 2101 1668 2133 p.
1690 2090 1803 2122 XLII.
1826 2090 1909 2122 dixi.

233 2150 341 2184 ,Nihil
367 2148 538 2189 timerent)
584 2146 637 2177 Sic
673 2157 716 2177 ex
746 2146 772 2177 B
803 2152 836 2177 et
863 2146 891 2177 E
924 2147 1120 2178 auctoritate
1150 2145 1284 2188 scripsi,
1329 2144 1446 2176 ceteris
1475 2157 1543 2176 non
1575 2144 1734 2176 timerent
1764 2142 2012 2177 exhibentibus.

151 2206 410 2237 Consueuerunt
430 2200 521 2232 enim
534 2198 680 2230 Romani
701 2210 763 2241 pro
788 2210 838 2238 eo,
862 2198 951 2240 quod
975 2200 1032 2242 qui
1054 2211 1143 2231 nunc
1163 2198 1267 2230 latino
1290 2203 1431 2228 utuntur
1452 2208 1607 2228 sermone
1627 2208 1755 2240 ponere
1776 2195 1895 2235 solent,
1916 2195 2013 2227 nullo

151 2258 248 2290 modo
270 2256 327 2287 uel
344 2265 491 2299 prorsus
505 2264 571 2284 non
597 2257 629 2283 et
651 2251 827 2290 similibus,
851 2252 941 2283 nillil
964 2252 1200 2283 aduerbialiter
1221 2261 1394 2292 usurpare.
1439 2250 1494 2281 Sic
1517 2250 1587 2282 Cic·
1609 2262 1672 2292 pro
1694 2249 1802 2281 Sestio
1824 2249 1863 2280 C.
1888 2247 1914 2279 I.
1939 2247 1968 2289 §.
1984 2258 2012 2279 1.

151 2322 206 2342 eos
228 2315 343 2341 autem
364 2325 402 2331 —
426 2308 467 2339 cle
489 2318 523 2338 se
547 2305 638 2337 nihil
656 2305 786 2336 timere.
817 2304 886 2335 ibid
919 2304 956 2335 C.
979 2305 1134 2337 XXXV.
1159 2305 1189 2345 §.
1214 2304 1264 2345 75.
1298 2308 1395 2335 actor
1425 2304 1481 2335 hic
1512 2302 1736 2346 defensorque
1757 2313 1897 2333 caussae
1917 2312 2013 2334 meae

151 2362 242 2395 nillil
258 2361 497 2405 progreditur,
523 2358 667 2391 consilia
691 2363 846 2401 expectat
867 2358 1085 2390 inimicorum
1105 2368 1265 2389 meorum.
1289 2366 1389 2398 quem
1410 2355 1520 2387 locum
1544 2367 1614 2387 non
1635 2352 1804 2385 intellexit
1824 2352 2013 2384 Ernestius.

152 2415 189 2446 in
210 2414 354 2446 Rullum
376 2413 427 2451 Π,
458 2412 512 2451 14,
541 2411 592 2453 57.
622 2411 693 2442 nisi
705 2409 806 2453 forte
826 2410 917 2442 nihil
937 2416 987 2443 est
1008 2423 1167 2455 aequom,
1195 2422 1256 2442 uos
1278 2410 1320 2443 cle
1338 2421 1456 2442 eorum
1476 2408 1626 2442 audacia
1646 2405 1837 2451 suspicari,
1867 2416 2014 2449 quorum
