2185 2720
919 112 992 142 CA
1012 115 1054 143 P.
1092 113 1187 143 XIV.
1227 112 1253 154 ς.
1286 118 1332 147 33.
2019 120 2074 148 113

258 185 412 218 Domum
433 185 651 229 descendens)
695 186 736 217 In
758 184 874 217 forum
897 186 1159 228 descendebant,
1183 200 1253 220 non
1277 201 1295 220 e
1318 188 1393 220 foro
1418 189 1578 227 domuum
1603 200 1708 232 quare
1730 189 1907 222 discedens
1931 189 2072 222 omnino

173 238 412 280 reponendum
434 250 573 277 censeo3
609 237 813 280 suffragatur
834 245 971 271 nostrae
992 241 1179 273 sententiae
1205 241 1407 273 Mass'eianus
1433 243 1531 274 liber.
1558 244 1774 274 Mixmms.
1818 243 1993 274 Manutius
2016 243 2073 274 in-

173 290 309 322 tellexit
337 292 436 322 uerbi
463 291 762 333 deprauationem,
796 292 989 334 meritoque
1017 294 1178 336 probauit
1206 305 1249 325 ex
1273 294 1348 325 cod.
1372 294 1555 326 Maffeiano
1585 296 1724 327 domum
1747 296 1935 328 discedens.
1980 297 2071 328 Nam

172 343 324 385 uolgata,
350 356 451 386 quam
475 343 558 375 editi
581 343 769 385 scriptique
793 345 898 376 ceteri
923 345 1103 387 (siquidem
1126 347 1308 389 diligenter
1332 347 1368 378 hi
1392 348 1531 389 conlati)
1556 354 1705 387 tuentur,
1728 348 1874 379 absurda
1895 347 1995 379 facile
2016 348 2072 379 iu-

171 396 340 428 dicabitur
360 408 404 428 ex
426 407 493 427 una
515 396 753 427 obseruatione
775 397 927 437 Manuffi,
963 409 1064 440 quam
1088 410 1126 430 ea
1148 400 1381 442 conprobant,
1417 411 1502 442 quae
1525 400 1626 431 habet
1648 400 1752 431 celeb.
1776 401 1913 432 Ernest.
1936 400 1972 432 in
1995 400 2070 432 Ind-

169 460 204 493 p.
227 449 321 482 456..
368 449 496 480 Contra
518 448 677 490 exempla
697 447 868 480 formulae
889 451 1029 483 domum
1051 452 1226 484 discedere
1247 454 1355 484 Drak.
1372 453 1414 484 ad
1430 452 1510 484 Liu.
1526 453 1568 493 Π,
1592 453 1644 484 51.
1667 452 1802 483 abunde
1826 452 1930 485 dabit.
1974 452 2073 485 Idem

169 502 395 534 consulendus
420 498 463 530 ad
486 500 558 538 IX,
591 501 659 539 14„
700 507 740 532 ut
763 513 865 543 quam
888 514 988 546 saepe
1009 504 1074 535 ista
1097 511 1340 536 commutentur
1362 505 1550 547 intellegas.
1594 504 1698 537 Adde
1721 504 1881 536 Oudend.
1908 505 1949 536 ad
1975 506 2070 538 Caes-

168 556 249 589 VII.
274 556 312 586 B.
337 555 380 585 G·
405 551 476 593 7ss··
523 552 583 583 Set
613 553 693 584 licet
724 553 827 584 etiam
854 554 968 596 legere
996 557 1137 589 domum
1165 558 1348 596 decedens,
1380 564 1420 589 ut
1445 558 1547 601 plane
1572 558 1721 589 similem
1742 557 1925 590 habeamus
1955 559 2071 590 locum

168 608 315 640 Liuiano
345 603 399 637 illi
427 603 556 645 priori:
595 606 812 638 decedentem
840 607 979 639 domum
1006 608 1039 651 (e
1062 611 1156 641 curia
1177 611 1227 642 M.
1252 610 1449 650 Ualerium,
1487 622 1592 652 quom
1621 610 1789 642 dictatura
1811 622 1846 642 se
1870 610 2068 652 abdicasset)

171 671 250 692 cum
262 657 396 702 fauore
417 669 460 688 ac
482 656 647 689 laudibus
664 659 844 701 prosecuti
866 665 966 691 sunt.-
1002 672 1104 702 quem
1127 663 1241 694 locum
1265 663 1376 694 Gron.
1400 669 1433 694 et
1456 664 1562 695 Drak.
1587 670 1705 695 contra
1731 663 1836 694 libros
1861 664 1971 695 omnis
1993 662 2072 695 fru-

165 718 236 745 stra
257 710 458 749 sollicitant,
487 715 527 740 ut
548 709 630 740 alibi
654 710 826 749 diximus3
863 710 981 743 confer
1004 714 1152 746 eundem
1177 714 1253 746 Ind.
1277 715 1361 746 Ern.
1384 727 1419 758 p.
1438 717 1530 748 440..
1577 716 1743 758 Quamuis
1767 722 1880 748 autem
1909 718 2071 750 decedere

168 775 247 796 cum
269 764 445 796 discedere
467 761 681 804 frequentius
705 762 943 801 confundatur,
970 770 1009 796 ut
1030 766 1159 799 ibidem
1183 767 1332 799 ostendit
1354 769 1462 799 Drak.
1486 775 1520 800 et
1541 768 1700 800 Oudend.
1723 769 1764 800 ad
1789 770 1884 800 Caes.
1907 770 1934 800 I.
1958 770 1998 800 B.
2023 769 2068 801 G.

166 816 220 848 45.
249 821 283 847 et
311 816 361 855 II,
394 827 441 857 7.,
477 820 591 846 tamen
620 815 722 846 etiam
754 827 831 847 cum
862 817 1066 850 descendere
1101 820 1292 862 permutari
1325 821 1482 853 uidemus
1515 821 1646 853 duobus
1677 822 1760 853 Liui
1786 821 1869 852 locis
1900 822 1969 861 IX,
2013 832 2065 853 22.

168 868 353 906 XXXVI,
391 867 440 899 14.
479 873 513 898 et
535 867 627 898 alibi.
674 869 808 900 Uerum
837 868 891 900 his
919 870 1076 903 omuibus
1102 872 1284 904 intercedit
1305 874 1361 904 uir
1387 874 1630 912 doctissumus,
1664 874 1690 905 I.
1714 874 1753 905 F.
1778 874 1976 914 Grunerus,
2009 873 2070 916 qui

165 927 250 964 aput
272 919 388 951 Sedul.
412 920 472 951 III.
499 920 612 951 Carni.
637 930 687 961 99.
711 931 781 951 non
803 922 1008 954 mutandum
1031 925 1206 956 contendit
1227 926 1324 965 illut,
1347 927 1458 970 Inque
1481 933 1579 959 tuam
1601 927 1765 960 descende
1788 927 1939 965 domum,
1963 937 2069 968 quom

167 974 218 1006 ibi
243 973 440 1015 VVopkens.
463 971 615 1011 ratione,
642 978 682 1003 ut
703 984 747 1004 ex
771 973 868 1005 dictis
891 981 1000 1016 patet,
1032 988 1165 1008 summa
1190 989 1357 1021 reponere
1380 980 1531 1011 uoluerit
1554 981 1701 1012 diseede.
1745 978 1887 1011 Inflrmo
1909 991 1989 1010 sane
2012 979 2068 1011 ni—

168 1027 255 1060 titur
277 1030 477 1068 argumento
503 1024 701 1064 Grunerus,
735 1031 773 1056 ut
795 1026 961 1066 fatebere,
994 1029 1136 1070 opinor,
1169 1030 1198 1061 si
1221 1032 1349 1062 Graeui
1373 1032 1628 1063 adnotationem
1650 1033 1745 1064 illam
1768 1031 1877 1074 ipsam
1902 1031 2068 1072 conseras,

166 1090 269 1123 quam
290 1078 350 1109 ille
373 1078 471 1117 citat,
501 1076 544 1108 ad
567 1078 665 1108 VIII.
689 1077 731 1108 ad
754 1079 836 1110 Diu.
859 1080 909 1110 4..
954 1081 1003 1111 At
1028 1081 1127 1122 quid,
1155 1083 1183 1113 si
1207 1083 1238 1114 ei
1258 1083 1371 1116 faueat
1392 1085 1448 1116 hic
1469 1085 1564 1116 Tulli
1587 1085 1698 1124 locus,
1730 1095 1796 1126 quo
1819 1084 1847 1115 is
1871 1084 1922 1116 uti
1944 1085 2066 1116 iustius

166 1131 357 1176 potuisset?
402 1130 475 1171 Ego
505 1140 589 1160 uero
619 1141 688 1160 non
720 1131 888 1170 arbitror,
926 1133 1099 1164 consulem
1124 1136 1326 1169 descendere
1355 1137 1484 1168 dictum
1511 1137 1615 1169 fuisse
1638 1144 1724 1175 tam,
1765 1148 1870 1178 quom
1892 1137 1929 1168 in
1951 1137 2066 1168 locum

164 1184 343 1228 publicum
365 1181 517 1221 ueniret,
544 1193 644 1223 quam
669 1194 772 1224 quom
795 1183 876 1214 inde
899 1184 1039 1216 domum
1062 1186 1189 1225 abiret;
1215 1200 1326 1231 neque
1348 1190 1547 1231 generatim,
1572 1201 1788 1232 quocumque
1810 1195 1917 1230 eatur,
1944 1201 1983 1221 eo
2007 1191 2068 1223 de-

167 1237 297 1270 scendi.
341 1236 462 1266 Certae
485 1239 565 1265 sunt
587 1234 773 1273 formulae,
800 1237 1042 1279 suis-propriis
1066 1239 1254 1271 rationibus
1278 1241 1460 1281 subnixae,
1490 1249 1528 1273 ut
1549 1242 1675 1285 passim
1697 1241 1766 1273 uiri
1792 1242 1883 1273 docti
1906 1242 2066 1274 ostende-

166 1295 266 1328 runt,
304 1298 385 1329 quas
409 1286 574 1318 excedere
598 1286 723 1318 durum
749 1294 809 1320 est.
855 1289 895 1320 In
918 1289 970 1320 his
999 1290 1201 1324 descendere
1222 1294 1259 1324 in
1281 1295 1412 1333 aciem,
1450 1301 1484 1326 et
1507 1295 1597 1337 quod
1628 1296 1695 1326 huc
1717 1306 1880 1326 maxume
1901 1296 2064 1338 pertinet,

164 1341 369 1375 descendere
391 1340 428 1371 in
442 1339 588 1383 forum,
616 1340 707 1382 quod
732 1347 804 1372 erat
825 1341 862 1372 in
884 1341 953 1372 ima
976 1343 1066 1373 ualle
1089 1344 1221 1375 Romae
1244 1346 1406 1387 positum.
1453 1347 1543 1380 Uide
1565 1348 1672 1379 Drak.
1696 1346 1738 1377 ad
1761 1347 1840 1378 Liu.
1864 1349 1931 1386 III,
1953 1348 2006 1380 48.
2031 1355 2065 1380 et

163 1395 205 1427 ab
228 1406 267 1426 eo
291 1392 467 1425 laudatum
490 1393 712 1424 Tennulium.
738 1394 998 1426 GARATONIUS.
1044 1394 1114 1436 Qui
1138 1408 1241 1438 quom
1264 1405 1380 1440 postea
1403 1400 1438 1431 in
1450 1401 1533 1432 Bau.
1558 1402 1733 1439 derendes,
1756 1399 1792 1430 in
1813 1401 2063 1442 antiquissumo

160 1447 285 1481 Ambr.
311 1452 442 1483 autem,
487 1445 625 1487 quicum
656 1444 730 1478 Erf.
764 1446 949 1486 consentit,
982 1447 1146 1480 decedens
1176 1450 1278 1481 scribi
1307 1451 1468 1492 uidisset,
1499 1453 1587 1484 hanc
1617 1453 1725 1496 ipsam
1750 1452 1957 1496 scripturam
1985 1451 2063 1484 iure

162 1500 356 1541 meritoque
377 1498 603 1530 uerissumam
625 1498 772 1540 putauit.

246 1568 347 1600 Idem
372 1566 511 1598 tribano
531 1566 580 1609 pl.
604 1583 646 1589 —
671 1566 809 1606 Druse,
847 1567 934 1611 quid
953 1567 1048 1610 agis)
1090 1569 1142 1600 Et
1169 1570 1272 1603 haee
1303 1572 1513 1605 dicacitas
1548 1573 1780 1617 praeconis
1814 1573 1944 1606 istius
1973 1585 2061 1606 non

164 1619 305 1653 minus
340 1618 609 1650 urbanitatis
645 1619 850 1651 habuisse
890 1619 1070 1652 uidetur
1107 1634 1227 1663 quam
1264 1627 1532 1668 asperitatis.
1582 1628 1684 1659 Nam
1718 1627 1768 1658 M.
1806 1627 2011 1659 Licinius
2031 1625 2060 1671 ¹)

164 1674 329 1706 Drusus
360 1683 450 1702 cum
479 1671 617 1702 multa
645 1671 860 1703 seditiose
892 1671 935 1702 in
964 1672 1195 1706 tribunatu
1228 1687 1305 1707 suo
1331 1685 1481 1710 contra
1506 1691 1628 1721 quam
1659 1687 1774 1712 esset
1797 1680 1864 1711 rei
1886 1692 1920 1722 p.
1943 1679 2060 1711 utile

161 1726 413 1764 moliretur,
446 1723 751 1755 aduentantem
775 1724 982 1756 Granium
1005 1724 1066 1756 sic
1089 1729 1398 1770 compellauit:
1441 1733 1581 1763 Grani
1605 1732 1704 1775 quid
1729 1732 1844 1774 agis?
1887 1731 1957 1764 Ad
1979 1732 2059 1763 hoc

163 1779 241 1810 ille
264 1777 399 1809 isdem
421 1776 589 1814 uerbis,
623 1777 694 1807 sed
720 1788 811 1807 cum
836 1787 989 1817 magna
1011 1779 1254 1820 asperitate
1284 1784 1534 1825 respondit:
1570 1786 1696 1816 Immo
1720 1791 1765 1816 tu
1788 1786 1931 1817 Druse
1954 1783 2057 1826 quid

162 1830 280 1873 agis?
309 1829 387 1860 hoc
416 1834 496 1868 est,
536 1839 642 1869 quae
667 1836 708 1861 et
737 1841 860 1872 quam
888 1828 1145 1872 periculosa
1176 1839 1218 1864 et
1246 1845 1365 1876 quam
1393 1837 1566 1878 patriae
1587 1838 1820 1870 metuenda
1848 1837 2057 1870 conaris?

161 1884 326 1915 SenomA
349 1881 611 1914 AMBROSIANA.

237 2061 267 2101 1)
296 2062 395 2090 Recte
417 2061 604 2090 Garatonius
626 2063 749 2093 notauit
770 2064 889 2103 lapsum
909 2063 1095 2093 ambrosiani
1122 2064 1305 2105 interpretis
1332 2069 1399 2107 (seu
1419 2070 1524 2108 potius
1545 2069 1749 2108 amanuensis)
1770 2070 1937 2100 scribentis
1963 2071 2054 2101 Lici·

160 2114 232 2141 nius
252 2121 310 2150 pro
331 2111 456 2138 Maius.
494 2109 537 2137 Et
563 2109 686 2146 quidem
715 2112 829 2140 Liuias
855 2113 889 2140 in
911 2117 986 2140 orat.
1006 2112 1031 2140 I.
1045 2123 1106 2150 pro
1128 2115 1268 2142 Cornelio
1290 2121 1336 2144 est
1356 2122 1430 2154 aput
1449 2118 1628 2147 Asconitun.
1648 2119 1687 2146 A.
1708 2119 1829 2146 Minis.
1868 2119 1920 2148 Ex
1939 2128 2052 2157 genere

161 2159 335 2198 elogiorum
356 2156 579 2185 historicorum
599 2157 754 2195 lapidibus
776 2160 1043 2197 consignatorum,
1076 2160 1173 2198 (quod
1192 2171 1287 2198 genus
1310 2168 1409 2191 totum
1430 2175 1488 2202 pro
1509 2166 1615 2204 spurio
1638 2166 1793 2194 habebant
1812 2165 1953 2194 Maffcius
1975 2168 2054 2197 Crit.

161 2206 237 2246 Lap.
259 2207 293 2242 3,
314 2206 342 2234 3.
370 2215 399 2243 p.
420 2204 484 2233 226.
505 2214 538 2232 ac
560 2205 768 2235 Ruhnkenius
789 2207 827 2235 ad
847 2207 962 2236 Uellei.
983 2217 1017 2243 2,
1040 2217 1098 2243 12.,
1119 2208 1195 2237 scite
1215 2219 1291 2237 uero
1313 2210 1452 2240 defendit
1472 2213 1656 2241 Morcellius
1678 2213 1714 2240 de
1736 2213 1777 2240 St.
1797 2212 1941 2251 Inscript.
1971 2214 2010 2242 T.
2031 2214 2054 2243 I.

162 2263 192 2292 p.
209 2254 273 2282 256.
294 2253 341 2281 ed.
362 2251 426 2289 alt.)
446 2255 531 2279 extat
551 2262 597 2290 ap.
620 2253 744 2282 Reines.
766 2265 795 2292 p.
815 2255 886 2289 423,
920 2255 966 2284 58.
987 2256 1097 2284 titulus
1118 2255 1185 2284 hic:
1218 2258 1265 2286 M.
1285 2258 1399 2285 Liuius
1421 2258 1463 2287 M.
1483 2260 1518 2287 F.
1539 2260 1570 2288 C.
1591 2260 1635 2290 ΛΥ.
1655 2262 1782 2289 Drusus
1808 2260 1969 2298 Pontifex.
2001 2261 2053 2290 Tr.

159 2301 236 2329 Mil.
256 2302 342 2329 Χιιίν
360 2302 435 2328 stlit.
456 2300 551 2328 indic.
583 2302 632 2327 Tr.
652 2302 703 2328 Pl.
723 2303 809 2330 Xuir
835 2301 874 2328 A.
894 2301 936 2328 D.
958 2302 997 2330 A.
1024 2302 1055 2340 (i.
1076 2313 1102 2331 e.
1130 2306 1218 2341 agris
1244 2305 1357 2332 dandis
1385 2306 1606 2344 adsignandis)
1633 2308 1716 2345 Lege
1741 2316 1809 2334 sua.
1837 2312 1865 2334 et
1885 2308 1948 2336 eod.
1969 2317 2052 2337 anno

159 2346 200 2375 X.
221 2349 282 2375 uir.
301 2347 341 2375 A.
361 2347 398 2376 D.
418 2346 455 2376 A.
476 2347 557 2384 Lege
576 2346 727 2384 Saufelc'a.
766 2347 913 2386 (Seruilia
933 2348 1014 2387 Rup.
1034 2350 1193 2380 Fortasse:
1213 2352 1349 2388 Saufeia
1368 2351 1462 2380 hodie
1482 2353 1572 2382 nobis
1594 2354 1708 2392 ignota,
1727 2364 1796 2382 nam
1818 2353 1854 2381 de
1872 2354 1907 2382 C.
1923 2354 2049 2384 Saufeio

161 2393 221 2422 iam
241 2404 267 2422 a.
287 2393 350 2422 654.
370 2405 440 2424 cum
461 2393 630 2423 Saturnino
651 2394 754 2423 occiso
776 2395 912 2434 cogitare
938 2405 1003 2424 non
1023 2396 1111 2437 licet)
1139 2399 1180 2427 ln
1199 2401 1393 2436 magistratu
1412 2402 1531 2429 occisus
1559 2408 1611 2429 est.
1636 2403 1679 2441 (u.
1700 2412 1726 2431 c.
1745 2400 1829 2441 665).
1870 2401 2049 2431 Onerum&

1594 2453 1631 2479 27
