2185 2720
798 153 836 182 L.
865 153 889 182 Ι.
937 154 971 183 C.
998 153 1056 182 ΙΙΙ.
1103 151 1131 193 §.
1161 162 1248 183 10—-
1267 156 1308 184 13.
1912 159 2015 188 XXV

126 233 237 257 neutra
255 227 410 268 scriptura
429 227 531 256 aliena
550 233 631 264 erat,
667 227 874 257 difficiliorem
895 233 926 256 et
949 227 1188 266 exquisitiorem
1216 229 1332 268 recepi.
1372 230 1407 259 In
1429 233 1596 261 uerborum
1617 231 1835 261 conlocatione
1860 243 1924 262 non
1944 245 2014 263 raro

127 276 249 313 accidit,
269 282 304 305 ut
323 277 349 305 E
371 287 440 305 011111
460 276 614 315 plurumis
635 276 687 305 uel
709 276 851 305 omnibus
872 275 1031 304 codicibus
1052 276 1100 312 iis,
1122 277 1174 315 qui
1195 287 1212 304 a
1232 287 1280 304 me
1300 277 1435 316 primum
1458 281 1593 308 consulti
1613 285 1701 316 sunt,
1721 291 1738 309 a
1757 282 1881 319 uolgato
1903 283 2014 311 ordine

125 325 296 354 recederet.
337 325 459 362 Quibus
477 325 509 352 in
526 325 604 352 locis
626 324 652 352 si
673 334 712 352 ex
732 324 858 352 silentio
878 323 1027 352 Garatoni
1049 324 1164 361 conligi
1181 325 1336 363 potuisset
1355 326 1538 355 Baliaricum
1560 333 1666 356 tencre
1686 329 1843 367 uolgatum
1864 330 2015 366 ordinem,

125 382 254 411 cumque
273 383 309 401 eo
331 379 449 401 eertum
470 373 579 401 fuisset
594 372 732 410 reliquos
752 371 862 409 libros,
878 371 931 409 qui
948 371 984 399 al>
1006 371 1074 399 aliis
1096 372 1212 400 conlati
1233 378 1314 409 sunt,
1332 374 1518 410 consentire,
1536 376 1666 404 sortasse
1685 377 1761 405 ordo
1779 378 1920 416 uolgatus
1935 379 2014 406 reti-

124 420 244 449 nendus
265 421 334 450 suit.
375 421 495 450 Uerum
515 431 585 449 cuin
607 419 757 448 Garatoni
777 419 937 448 silentium
957 418 1014 447 hac
1036 419 1068 447 in
1088 429 1123 447 re
1143 419 1225 447 nihil
1245 421 1311 448 fere
1331 422 1462 459 probet,
1499 423 1755 462 exploratumque
1776 425 1833 462 sit,
1861 436 1931 462 005,
1961 427 2014 464 qui

125 473 195 496 ante
215 479 263 497 me
285 470 406 498 codices
427 469 464 497 ad
481 468 699 496 emendandam
719 467 797 496 hanc
812 468 984 496 orationem
1002 467 1205 504 contulerint,
1225 468 1262 496 ad
1284 470 1452 498 uerborum
1469 470 1619 506 ordinem,
1641 472 1693 509 qui
1711 473 1742 500 111
1761 473 1920 502 codicibus
1941 479 2017 509 erat,

123 515 259 545 minume
275 517 463 545 adtendisse:
484 526 547 544 non
565 516 706 544 dubitaui
723 526 758 544 eo
779 515 888 543 ordine
904 524 1022 553 ponere
1038 515 1143 551 uerba,
1165 526 1224 553 (1110
1242 516 1275 544 111
1295 517 1401 545 multis
1422 517 1523 555 iisque
1544 518 1634 547 bonis
1651 520 1808 549 codicibus
1827 521 1929 560 posita
1949 532 2016 550 esse

121 563 308 600 sciebamus,
334 575 403 592 cum
429 564 569 602 uolgatus
599 564 674 592 ordo
704 573 835 602 quorum
864 562 1006 591 codicum
1033 563 1218 591 auctoritate
1244 564 1414 600 niteretur,
1441 565 1534 603 plane
1562 566 1716 595 incertum
1746 573 1833 596 esset.
1873 568 2015 605 Accedit,

122 611 205 649 quod
224 612 258 639 iu
277 612 434 650 plerisque
456 612 548 647 locis,
578 611 639 639 nisi
659 622 708 639 me
729 611 831 640 omnia
851 611 981 646 fallunt,
1017 610 1042 638 is
1064 610 1156 638 etiam
1179 622 1196 639 a
1216 613 1369 641 sententia
1389 613 1566 651 postulatur
1586 615 1756 643 uerborum
1778 616 1871 651 ordo,
1908 617 1960 654 qui
1982 617 2015 646 111

119 658 147 686 Ε
171 659 385 698 plurumisque
412 659 547 688 familiae
576 659 688 688 tertiae
714 658 873 688 codicibus
901 663 957 687 est.
985 658 1049 687 Cfr.
1080 658 1114 687 C.
1135 657 1159 686 I.
1188 657 1216 698 §.
1237 670 1263 688 2.
1300 671 1360 688 non
1388 671 1464 693 cara
1483 661 1612 699 fuerim
1646 662 1721 692 ibid.
1757 662 1784 703 §.
1806 664 1832 692 3.
1855 670 1965 701 pelam
1994 675 2014 693 α

119 705 207 734 uobis
226 706 351 735 indices.

1012 775 1038 816 §.
1068 783 1113 808 12.

195 840 371 879 Numquam
392 839 522 875 accidit,
543 843 578 867 ut
598 839 687 868 aliam
707 840 893 879 scripturam
912 840 954 876 Β,
975 838 1066 867 aliam
1086 839 1131 875 Ε,
1158 840 1248 868 aliz-nn
1268 840 1404 869 familiae
1425 842 1536 871 tertiae
1558 843 1679 872 codices
1700 844 1904 882 praeberent,
1924 843 2014 872 ideo-

120 897 180 926 que
200 888 319 927 triplex
340 893 459 917 extaret
479 887 650 925 scriptura,
686 888 711 916 si
733 888 947 927 exceperimus
974 897 1026 915 eos
1047 887 1149 923 10005,
1177 888 1211 916 111
1232 889 1344 926 (111111115
1366 890 1443 918 311115
1463 892 1632 920 uerborum
1661 891 1736 919 ordo
1758 892 1791 920 in
1811 892 1854 927 Β,
1882 892 1959 920 alius
1979 891 2013 920 in

119 935 163 971 Ε,
184 935 262 963 alius
282 936 313 963 in
335 936 446 964 tertiae
465 935 600 963 familiae
621 935 781 964 codicibus
802 941 857 964 cst.
896 935 1016 964 Uerum
1037 935 1074 963 de
1094 934 1162 971 his,
1184 936 1236 974 qui
1256 937 1373 975 ubique
1393 938 1506 967 iustam
1527 939 1781 977 interpolationis
1801 940 2012 978 suspicionem

119 988 280 1019 moueant,
316 983 398 1011 infra
433 983 557 1010 dicendi
591 983 678 1011 locus
712 984 781 1012 erit.
830 983 974 1012 Excludo
1003 983 1111 1019 etiam,
1148 983 1201 1021 qui
1228 984 1358 1013 fortasse
1395 986 1528 1024 cuipiam
1563 986 1623 1014 11110
1650 987 1809 1015 referendi
1836 988 2012 1024 uideantur,

120 1031 155 1060 C.
176 1031 272 1067 VIII,
294 1041 336 1069 ¹9·
356 1041 482 1059 suormn
502 1033 694 1068 municipum
715 1032 838 1066 honore,
858 1031 913 1059 ubi
933 1031 958 1059 B
978 1030 1093 1059 honore
1113 1031 1249 1067 omittit,
1283 1032 1418 1060 familiae
1447 1039 1547 1062 autem
1576 1035 1687 1063 tertiae
1710 1035 1831 1064 codices
1852 1036 2010 1074 hospitum

120 1089 246 1108 suorum
265 1079 378 1107 honore
399 1078 556 1114 scribunt3
585 1083 615 1105 ct
637 1078 669 1106 C.
690 1078 782 1107 XIII.
809 1077 836 1117 §.
858 1079 904 1107 32.
933 1083 1090 1106 uetustate
1111 1081 1260 1117 equestris
1280 1082 1431 1115 nominis,
1458 1081 1512 1109 11111
1532 1082 1559 1109 E
1581 1084 1715 1111 nominis
1736 1083 1869 1119 omittit,
1897 1082 2012 1122 reliqui

117 1132 219 1156 autem
239 1137 296 1165 pro
318 1136 354 1154 eo
375 1126 472 1154 uerbo
494 1126 613 1154 ordinis
633 1125 759 1155 habent.
798 1127 878 1155 Nam
898 1136 956 1154 1100
985 1126 1093 1164 priore
1113 1126 1184 1154 1000
1215 1126 1329 1155 honore
1354 1138 1412 1156 1100
1440 1129 1615 1166 posteriore
1644 1133 1779 1159 nominis
1807 1131 1882 1170 quin
1902 1131 2010 1160 librari

117 1183 224 1202 errore
245 1175 356 1203 omissa
376 1174 456 1210 sint,
478 1173 606 1202 dubium
627 1184 692 1203 0550
712 1179 824 1214 potest.
863 1172 1080 1202 Nihilominus
1102 1174 1139 1201 de
1159 1173 1208 1202 his
1230 1185 1352 1213 quoque
1373 1176 1451 1204 10015
1471 1176 1554 1205 infra
1575 1177 1740 1207 dicendum
1761 1184 1816 1208 est.

1006 1253 1034 1294 §.
1066 1260 1110 1286 13.

194 1313 311 1342 Contra
331 1318 438 1342 extant
459 1313 518 1342 duo
539 1315 619 1351 Ioci,
655 1315 689 1343 111
710 1315 821 1354 qusbus
843 1318 873 1341 01
893 1313 917 1341 Β
939 1318 971 1341 ct
990 1313 1016 1340 E
1038 1313 1121 1341 inter
1141 1323 1173 1341 50
1194 1314 1389 1353 discrepant,
1425 1321 1455 1343 ct
1476 1316 1612 1345 familiae
1632 1318 1744 1346 tertiae
1766 1319 1887 1347 codices
1908 1319 2010 1346 denuo

114 1360 207 1389 aliter
227 1361 377 1397 scribunt,
399 1368 446 1390 set
466 1363 509 1391 ita
528 1368 563 1391 nt
582 1363 636 1391 alii
657 1363 746 1391 aliani
768 1362 953 1400 scripturam
974 1362 1150 1399 praebeant.
1188 1362 1264 1389 Post
1285 1371 1335 1396 ea,
1357 1372 1434 1400 quae
1456 1363 1493 1391 de
1514 1366 1700 1403 cognatione
1721 1366 1864 1395 codicum
1884 1365 2011 1394 monui-

116 1418 194 1444 mus,
212 1409 304 1437 facile
325 1410 385 1438 erit
405 1411 576 1447 intellectu,
598 1421 688 1449 quam
709 1411 844 1438 editores
862 1407 889 1447 *)
910 1407 1011 1436 adhuc
1032 1409 1064 1436 111
1086 1409 1130 1437 015
1150 1409 1319 1437 tractandis
1343 1409 1475 1447 ingressi
1496 1411 1559 1439 51111
1580 1413 1670 1449 uiam,
1693 1423 1758 1443 eam
1777 1414 1914 1443 minume
1934 1423 2010 1452 pro-

116 1455 251 1486 habilem
272 1468 345 1486 esse.
383 1458 475 1486 Prior
494 1459 582 1487 locus
602 1458 716 1496 legitur
737 1458 771 1487 C.
793 1457 849 1485 III.
869 1454 897 1495 §.
919 1465 944 1491 7.
965 1460 996 1483 ct
1015 1455 1048 1483 in
1070 1456 1177 1484 codiee
1197 1456 1383 1485 Erfurtense
1403 1457 1448 1485 sic
1469 1458 1604 1497 scriptus
1626 1466 1725 1489 extat:

187 1584 210 1617 ¹¹)
237 1585 293 1609 Etsi
320 1585 452 1610 editorum
472 1587 504 1611 ad
522 1586 551 1613 h.
575 1587 664 1611 locum
688 1585 871 1611 adnotationes
896 1592 955 1608 mea
973 1584 1106 1609 sententia
1129 1585 1227 1610 nullius
1247 1586 1302 1610 sere
1321 1586 1392 1619 preti
1410 1592 1486 1619 sunt,
1516 1593 1603 1613 tamen
1627 1597 1661 1614 ne
1680 1589 1744 1622 quid
1762 1589 1790 1614 in
1809 1597 1867 1613 mea
1887 1587 2009 1613 editione

118 1629 264 1655 desiderari
283 1629 401 1655 homines
421 1631 527 1663 qnidam
545 1631 618 1656 docti
636 1636 826 1664 quererentur,
843 1629 900 1662 ipsa
920 1636 1011 1652 eorum
1031 1628 1114 1653 uerba
1132 1629 1176 1653 hic
1196 1630 1372 1655 describenda
1391 1631 1492 1664 putaui.
1528 1631 1618 1665 Quid?
1644 1638 1709 1658 tune
1727 1643 1843 1668 aequum
1862 1632 2009 1667 dignitatis

115 1674 231 1699 iudicem
244 1674 341 1706 putas]
378 1673 475 1699 Omnes
493 1675 555 1699 libri
573 1683 701 1701 manuscr.
720 1676 819 1700 liabent
837 1679 867 1698 tu
886 1673 1013 1702 inanem5
1036 1673 1153 1706 uolgati,
1173 1678 1202 1698 tu
1221 1683 1275 1698 non
1294 1674 1418 1704 immem;
1443 1680 1553 1708 utraque
1571 1677 1701 1711 scriptura
1719 1679 1862 1711 mendosa,
1881 1683 1921 1703 set
1939 1677 2008 1703 anti-

115 1727 167 1752 qua
185 1718 295 1752 propius
314 1717 388 1742 abest
407 1727 420 1742 a
439 1723 523 1745 recta.
561 1720 676 1745 Omnino
695 1719 849 1753 legendum,
868 1723 933 1742 lune
951 1726 1066 1751 aequum
1086 1722 1147 1743 etc..
1182 1718 1227 1743 Sic
1246 1719 1315 1743 enim
1335 1719 1485 1752 disputabat
1502 1720 1670 1747 Laterensis:
1688 1722 1848 1758 ubicumque
1869 1724 1921 1749 duo
1941 1731 2007 1748 eun-

115 1764 176 1790 dem
194 1763 372 1796 magistratum
396 1768 507 1796 petunt,
536 1764 580 1797 qui
598 1764 722 1797 superior
742 1768 781 1788 est
808 1763 892 1788 altero
920 1762 1063 1794 dignitate,
1095 1762 1117 1787 is
1142 1763 1323 1796 magistratum
1348 1763 1469 1789 obtineat
1494 1773 1645 1799 necessest,
1672 1767 1695 1792 si
1720 1769 1835 1802 populus
1859 1777 1939 1793 accus
1966 1772 2008 1792 est

115 1807 249 1842 dignitatis
266 1807 361 1836 iudex3
396 1808 467 1840 quod
485 1808 507 1832 si
532 1818 585 1833 non
605 1808 739 1840 obtineat,
764 1809 904 1842 largitione
925 1807 1090 1840 superiorem
1115 1808 1194 1832 fuisse
1223 1808 1420 1841 conpetitorem
1446 1809 1620 1836 dicendumst.
1656 1812 1693 1837 At
1711 1813 1824 1846 populus·
1844 1821 1948 1846 semper
1966 1817 2007 1837 est

116 1860 197 1878 aecus
214 1851 345 1885 diguitatis
363 1851 459 1881 tudem
492 1857 519 1877 et
544 1861 609 1885 ego,
638 1852 683 1885 qui
709 1853 862 1886 dignatione
880 1852 1031 1877 Laterense
1049 1852 1171 1885 superior
1195 1861 1265 1885 sum,
1295 1853 1380 1878 nihilo
1405 1853 1489 1879 minus
1514 1865 1527 1879 a
1545 1855 1691 1881 Laterense
1709 1857 1736 1882 in
1756 1866 1848 1890 campo
1865 1861 2006 1890 superatus

115 1905 181 1922 sum.
199 1896 352 1930 Largitione
369 1895 449 1929 igitur
467 1905 508 1921 me
528 1897 663 1930 superauit
680 1897 844 1922 Laterensis.
879 1897 918 1921 M.
937 1896 1042 1921 Tullius
1060 1896 1218 1922 Laterensis
1240 1900 1493 1930 argumentationem
1512 1899 1549 1924 sic
1566 1901 1695 1933 infirmat,
1718 1901 1855 1934 negando,
1876 1900 2005 1934 populum

113 1950 218 1974 semper
238 1949 329 1965 aecum
348 1949 406 1965 esse
424 1941 558 1974 dignitatis
575 1941 700 1966 iudicem.
737 1942 823 1972 Tune,
841 1942 937 1974 inquit,
957 1951 1050 1966 aecum
1066 1942 1199 1975 dignitatis
1212 1942 1327 1966 iudicem
1343 1943 1471 1976 populum
1489 1953 1594 1977 semper
1613 1954 1668 1970 esse
1681 1947 1777 1978 putas?
1795 1946 1910 1980 proinde
1930 1944 2004 1978 quasi

114 1986 199 2017 dicat,
223 1994 278 2010 non
295 1993 400 2018 semper
418 1990 467 2009 est.
503 1985 647 2010 Praeterea
665 1994 717 2010 non
736 1986 772 2010 ita
789 1986 913 2011 locuntur
929 1986 1033 2019 Latini,
1061 1987 1141 2011 iudex
1160 1991 1200 2011 est
1219 1986 1325 2018 inanis,
1351 1991 1391 2011 set
1410 1987 1492 2011 iudex
1510 1992 1550 2012 est
1568 1988 1669 2019 inicus,
1693 1997 1746 2021 quo
1765 1990 1846 2015 modo
1865 1990 1930 2014 insra
1949 1998 2002 2014 non

113 2030 194 2062 longe
211 2029 345 2062 quuitur3
363 2038 451 2062 neque
470 2028 554 2055 iude-t·
569 2039 623 2054 non
642 2029 750 2062 inanis,
775 2036 816 2056 set
835 2030 915 2056 iudex
934 2039 1032 2060 aecus,
1051 2034 1096 2055 aut
1114 2039 1169 2055 non
1185 2030 1281 2055 inicus.
1318 2031 1384 2055 Cum
1402 2031 1468 2056 haec
1488 2031 1551 2056 olim
1568 2037 1714 2066 notassem,
1739 2033 1819 2058 homo
1845 2033 1941 2058 bliteus
1965 2037 2002 2064 ct,

114 2073 186 2108 quod
200 2073 305 2106 grauius
324 2078 378 2105 est,
395 2072 533 2108 κακοήθης
550 2074 618 2099 113110
638 2075 851 2100 emendationem
870 2075 1035 2109 inprobauit,
1055 2080 1081 2100 et
1099 2075 1242 2101 lectionem
1262 2076 1391 2109 quandam
1409 2074 1554 2108 uolgatam,
1573 2085 1649 2109 quam
1669 2077 1880 2108 conmemorani,
1898 2081 1928 2101 tu
1947 2085 2001 2101 non

112 2118 238 2148 inanem,
257 2117 339 2142 tutari
356 2123 465 2143 conatus
485 2123 538 2150 est,
565 2119 616 2143 iam
635 2124 711 2144 antea
730 2129 744 2144 3
763 2129 805 2144 me
823 2120 951 2144 reiectam
970 2125 997 2144 et
1013 2121 1073 2145 iure
1093 2121 1277 2154 dampnatam;
1303 2125 1331 2145 et
1348 2119 1434 2153 grauis
1454 2124 1548 2144 auctor
1565 2121 1683 2154 scripsit,
1715 2122 1863 2155 negationis
1881 2122 2003 2155 particu-

111 2163 163 2188 lam
183 2162 215 2187 ad
234 2170 328 2186 uocem
347 2162 456 2186 inanem
474 2171 530 2187 esse
549 2163 729 2195 referendam,
760 2173 813 2189 non
839 2165 873 2189 ad
892 2164 1002 2189 uerbum
1017 2169 1120 2197 putas.-
1151 2165 1225 2197 quasi
1245 2164 1322 2189 aliter
1339 2164 1518 2190 intellexerim
1537 2170 1583 2189 ant
1602 2166 1706 2191 omnino
1727 2167 1864 2199 quisquam
1882 2165 2002 2191 mortalis

110 2207 259 2239 intellegat.
293 2207 506 2233 LAMBINUS.
542 2206 637 2240 Quid?
664 2213 694 2232 tu
712 2216 765 2232 non
785 2208 894 2233 inanem
914 2209 981 2242 eta]
1014 2208 1158 2234 Lambinus
1177 2209 1274 2240 habet,
1306 2213 1372 2233 tune
1389 2217 1520 2242 aequum5
1552 2214 1594 2233 set
1611 2211 1647 2234 ita
1665 2211 1731 2235 nulli
1749 2210 1826 2241 libri,
1856 2210 1884 2234 in
1905 2209 2001 2243 quibus

110 2256 211 2278 tantum
229 2254 260 2274 tu
278 2249 397 2281 inanem,
417 2255 462 2275 aut
480 2255 544 2275 tune
563 2251 689 2284 inanem,
707 2257 737 2276 ut
753 2254 821 2278 sorte
842 2253 937 2285 suerit,
964 2257 995 2277 tu
1014 2261 1047 2277 ne
1065 2253 1185 2278 inanem.
1223 2254 1437 2279 GRUTERUS.
1472 2254 1567 2279 Franc.
1586 2259 1699 2286 uterque
1725 2258 1750 2278 et
1778 2254 1820 2279 ed.
1844 2254 1944 2287 prima„
1971 2259 2001 2278 ut

111 2295 188 2321 multi
211 2295 269 2321 alii:
301 2294 394 2329 Quid?
418 2299 447 2320 tu
472 2295 581 2320 inanem
608 2301 669 2321 etc..
703 2298 765 2323 Non
787 2306 856 2331 nego
883 2297 994 2322 inanem
1019 2298 1085 2322 mihi
1109 2305 1216 2331 quoque
1239 2301 1393 2329 suspectum
1411 2306 1484 2329 esse,
1510 2302 1540 2321 ut
1567 2302 1593 2322 et
1620 2298 1670 2323 fuit
1689 2298 1786 2323 Fuluio
1811 2303 1837 2323 et
1856 2298 1999 2329 Laxubino,

112 2339 157 2373 qui
174 2347 238 2364 uere
257 2339 338 2370 dicit,
365 2338 458 2363 inanis
475 2339 554 2363 iudex
573 2349 587 2364 a
604 2339 686 2365 latine
706 2341 874 2374 loquentium
894 2343 1087 2368 consuetudine
1107 2343 1262 2368 abhorrere.
1297 2340 1338 2366 Ex
1356 2341 1414 2366 solo
1433 2341 1590 2366 Erfurtense
1610 2342 1652 2366 1110
1671 2342 1745 2367 100115
1767 2347 1807 2367 est
1824 2343 1999 2376 refingendus,

111 2384 138 2409 in
156 2392 209 2417 quo
229 2383 340 2416 legitur:
360 2383 431 2417 Quid
448 2381 529 2407 tum?
545 2384 592 2409 An
612 2388 674 2409 etc..
710 2385 765 2409 Sed
783 2394 831 2418 pro
849 2390 907 2410 tum
940 2386 1001 2419 lego
1021 2396 1053 2412 ex
1072 2387 1129 2412 aliis
1144 2386 1218 2412 libris
1239 2390 1277 2409 tu.
1313 2386 1337 2410 A
1354 2386 1451 2411 Franci
1467 2389 1582 2418 utroque
1602 2391 1628 2410 et
1646 2386 1765 2412 editione
1784 2396 1842 2412 mea
1862 2386 2000 2419 [omnino-

113 2435 165 2461 que
184 2427 216 2452 ab
235 2427 356 2453 omnibus
375 2427 523 2461 codicibus]
543 2436 597 2452 non
619 2436 725 2461 quoque
745 2428 828 2453 abest·
862 2429 894 2455 In
912 2434 984 2462 tum,
1015 2432 1087 2465 quod
1112 2436 1152 2456 est
1169 2431 1196 2456 in
1214 2430 1288 2463 Eri),
1319 2440 1344 2455 m
1362 2430 1389 2455 in
1409 2429 1465 2454 aliis
1484 2429 1559 2453 libris
1578 2435 1704 2455 mutatum
1731 2431 1782 2456 fuit
1806 2431 1831 2456 in
1857 2431 1900 2463 in,
1926 2431 1999 2464 quod

113 2480 171 2497 cum
188 2480 225 2497 an
242 2476 335 2506 postea
352 2472 468 2506 coaluit,
489 2472 583 2506 quibus
602 2472 646 2497 alii
664 2472 793 2507 syllabam
810 2482 850 2498 em
868 2474 1032 2502 adiecerunt.
1067 2476 1138 2502 Hinc
1154 2480 1240 2501 natast
1259 2479 1383 2508 corrupta
1395 2493 1403 2508 ,
1427 2483 1494 2507 quae
1511 2473 1594 2499 libros
1613 2475 1734 2509 obsidet,
1749 2475 1895 2510 scriptura:
1913 2479 1942 2500 tu
1961 2484 1999 2500 cm

1558 2523 1578 2550 4
