2185 2720
132 154 187 184 188
785 144 1361 176 COMMENTARIUS.

131 227 190 258 rit.
223 224 482 256 GARATON'xtfs.
527 221 600 264 Ego
623 221 807 253 ablatiuom
832 220 979 264 praetuli
1001 219 1223 259 accussatiuo,
1257 219 1347 261 quod
1370 219 1521 263 primum
1548 220 1681 263 optumi
1710 221 1930 265 plurumique
1952 232 2011 253 co-

129 278 216 309 dices
239 288 317 308 eum
340 273 494 313 tuentur,
530 274 648 305 deinde
671 274 758 316 qnod
788 274 824 305 in
847 273 1010 306 eiusmodi
1032 271 1196 316 loquendi
1218 283 1358 315 genere,
1393 273 1492 316 quale
1516 273 1581 305 hoc
1603 279 1674 314 est,
1705 285 1726 305 a
1746 273 1908 306 Cicerone
1931 285 2013 306 nus-

133 342 234 373 quam
257 328 499 361 accussatiuom
521 327 592 358 uidi
613 327 776 370 positum.

219 383 300 416 Tibi
321 383 426 414 etiam
448 380 529 424 ipsi)
573 379 660 413 Uide
683 379 722 410 de
744 379 809 410 hoc
831 378 906 410 Ioco
930 390 1015 422 quae
1037 377 1157 410 monui
1187 377 1224 409 in
1245 377 1380 421 Proleg.
1407 378 1451 409 L.
1473 377 1518 409 ΙΙ.
1542 378 1581 410 C.
1603 379 1631 411 I.
1656 379 1688 421 §-
1713 379 1763 411 16.
1785 389 1820 421 Ρ.
1843 379 1960 411 LIV..

217 437 248 478 ς.
265 434 315 475 74.
338 435 520 467 Recitetnr
537 433 662 476 oratio)
686 433 795 463 Immo
811 443 893 464 uero
907 432 1072 475 particula
1086 431 1178 463 illius
1194 430 1316 473 exigua
1332 442 1359 462 c.
1382 431 1443 470 14„
1467 442 1552 473 quae
1566 437 1679 463 tamen
1695 430 1768 474 ipsa
1781 430 1946 473 pessumis
1959 431 2018 463 ad-

131 487 320 520 ditamentis
336 486 423 517 sacta
438 492 488 517 est
504 485 647 527 longior.
672 485 726 516 Sic
744 485 868 516 etenim
885 485 986 516 habet
998 485 1034 516 in
1053 490 1227 516 extremo:
1256 483 1329 523 Qui
1343 484 1374 515 si
1390 484 1477 516 mihi
1490 490 1650 528 quaestor
1664 484 1858 528 inperatori
1871 483 2018 527 fuisset,

134 540 245 583 insili
259 541 330 571 loco
348 538 494 583 fuisset,
517 551 609 570 nunc
623 539 795 570 certe'erit
811 539 847 570 in
863 539 1041 583 parentis,
1065 549 1165 582 quom
1178 535 1298 580 fiterit
1321 542 1481 580 quaestor
1502 549 1569 569 non
1584 536 1710 580 inperi,
1733 541 1783 568 set
1801 536 1930 568 doloris
1941 535 2020 569 mei.

131 595 227 627 Haec
254 593 300 624 ita
322 598 401 623 sunt
431 591 571 623 absurde
596 591 766 633 stulteque
791 591 894 631 dicta,
929 597 967 622 ut
995 601 1038 622 ne
1060 589 1199 621 homine
1222 589 1360 632 quidem
1381 589 1442 621 illo
1465 588 1562 631 dIgna
1586 588 1670 628 sint,
1704 600 1804 629 quem
1826 589 1918 620 illius
1942 599 2020 620 ora-

131 647 234 679 tionis
259 651 431 677 auctorem
462 645 529 676 duo
554 643 621 674 uiri
643 642 838 674 doctissumi
860 643 992 674 uolunt.
1036 643 1110 685 Ego
1133 642 1333 685 iampridem
1356 653 1460 684 quom
1484 642 1647 672 uolumen
1670 641 1749 673 illut
1770 641 1939 673 adtentius
1962 652 2019 673 re-

135 710 388 742 cognoscerem,
410 698 586 739 multaque
611 695 755 738 margini
777 695 978 735 adlinerem,
1002 707 1112 738 neque
1131 706 1238 737 pauca
1258 695 1326 726 iam
1349 694 1583 736 intellegerem
1604 694 1729 725 adiecta
1751 705 1840 735 esse,
1868 694 2021 738 interpo-

132 754 217 792 lata,
262 761 438 795 peruersa,
481 749 611 781 ferrum
633 749 786 789 adhibui,
833 748 924 791 quod
943 759 1084 790 magnus
1107 747 1166 778 ille
1189 754 1382 791 amputator
1405 748 1628 780 Heumannus
1651 747 1825 779 abiecerat.
1871 748 1970 780 Certe
1991 747 2020 779 is

133 812 294 850 purgatus
318 805 400 843 erit,
428 814 538 845 neque
559 803 643 834 aliut
664 803 841 845 quicquam
864 801 1015 843 requiret
1036 800 1146 840 locus,
1170 801 1199 832 si
1222 802 1302 832 haec
1324 800 1560 832 tantummodo
1583 800 1694 843 posita
1714 800 1858 832 fuerint:
1896 801 1968 840 Qui
1989 801 2021 832 si

134 861 223 893 mihi
245 864 407 903 quaestor
420 856 574 900 ficisset,
598 857 633 888 in
652 855 714 899 fili
735 856 807 887 loco
820 854 967 899 ficisset,
989 865 1080 885 nunc
1103 859 1191 887 certe
1214 855 1281 887 erit
1303 855 1339 887 in
1360 854 1527 899 parentis.
1574 853 1732 885 Clausula
1754 853 1873 885 similis
1897 858 1946 884 est
1958 853 2019 884 III.

134 913 171 944 in
191 913 291 945 Uerr.
314 911 364 943 53.
389 916 428 942 ut
449 914 606 942 aratores
629 909 665 940 in
688 920 868 940 seruorum
890 919 1031 939 nurnero
1056 913 1186 947 essent,
1209 909 1303 941 serui
1327 909 1363 940 in
1384 907 1662 951 publicanorzmz.
1704 906 1801 938 Ferri
1823 905 1942 948 nequit
1961 906 2020 937 'in-

134 965 310 1009 peratorig
346 974 415 994 non
444 962 522 1004 quia
551 960 704 992 nondum
734 961 852 992 Cicero
876 959 1063 991 exercitum
1085 960 1247 993 duxerat:
1284 972 1354 992 non
1377 966 1427 992 est
1449 959 1539 990 enim
1561 959 1597 989 in
1619 959 1689 999 his,
1731 969 1815 1000 quae
1837 958 2022 1000 finguntur,

134 1017 260 1049 ueritas
285 1016 502 1059 postulanda3
543 1020 592 1045 set
615 1013 710 1056 quia,
750 1013 881 1044 etiamsi
908 1012 1081 1054 inperator
1105 1012 1239 1052 fuisset,
1278 1013 1366 1044 nihil
1388 1013 1420 1044 id
1449 1012 1488 1043 ad
1510 1017 1738 1054 quaestoremg.
1778 1022 1878 1053 quem
1903 1010 2021 1042 Cicero

135 1071 209 1101 iure
240 1069 431 1100 consulatus
462 1068 640 1106 habuerat,
676 1067 767 1098 etin
791 1065 977 1109 prouinciis
1009 1077 1126 1097 omnes
1155 1065 1343 1105 habebant,
1385 1065 1443 1107 qui
1474 1070 1583 1095 essent
1609 1075 1672 1106 pro
1700 1070 1856 1107 praetore
1878 1069 1936 1094 aut
1956 1073 2021 1106 pro

137 1123 285 1155 consule.
331 1122 390 1153 Set
415 1122 478 1152 hoc
500 1119 720 1152 Marklandus
742 1119 937 1150 inlustrauit
969 1118 1110 1160 egregie.
1157 1118 1247 1160 Quid
1271 1124 1320 1149 est
1341 1129 1463 1161 porro,
1496 1122 1656 1161 quaestor
1678 1117 1792 1160 inperi
1812 1117 1903 1148 mei?
1940 1116 2024 1148 haut

138 1181 227 1208 certe
246 1174 393 1206 nominis
416 1173 621 1216 inperatori,
652 1179 702 1204 set
724 1172 954 1213 magistratus,
983 1177 1021 1202 ut
1044 1171 1099 1202 hic
1121 1182 1222 1214 supra
1246 1182 1273 1202 c.
1301 1171 1351 1203 26.
1377 1171 1412 1203 in
1435 1170 1607 1203 maxumis
1629 1169 1774 1212 inperiis
1803 1175 1836 1200 et
1858 1180 1921 1211 pro
1944 1169 2021 1201 Mil.

138 1241 166 1261 c.
191 1229 242 1261 28.
267 1229 440 1272 inperium
462 1227 493 1258 si
518 1226 578 1257 ille
600 1232 722 1258 nactas
745 1230 841 1258 esset.
884 1224 934 1256 At
954 1223 1072 1254 deinde
1096 1235 1196 1266 quam
1224 1223 1481 1266 intempestiue,
1521 1233 1621 1264 quam
1651 1221 1771 1263 frigide
1793 1232 1813 1252 a
1834 1221 2020 1252 ludibundo

138 1281 292 1314 Plancius
318 1280 438 1312 dicitur
461 1290 530 1310 non
553 1278 619 1309 iam
644 1284 821 1322 quaestor,
854 1283 904 1309 set
925 1283 1063 1322 qzcestor
1086 1278 1215 1309 doloris
1237 1278 1330 1309 mei?
1365 1277 1462 1308 aliter
1488 1275 1579 1306 enim
1601 1284 1710 1316 nugae
1734 1273 1826 1316 ipsae
1848 1285 1918 1305 non
1940 1285 2024 1305 con-

138 1341 237 1368 stant.
282 1335 403 1376 Neque
424 1339 539 1364 tamen
569 1331 631 1362 hac
660 1342 728 1362 una
755 1342 791 1362 re
813 1331 952 1362 adiectio
976 1336 1046 1361 tota
1067 1330 1291 1361 ⁴conue11itm·.
1336 1330 1419 1361 Illut
1441 1328 1533 1360 enim
1554 1326 1888 1359 animaduertendum
1912 1326 2024 1370 inpri-

137 1389 202 1420 mis
227 1393 294 1427 est,
332 1397 497 1424 caussam,
534 1396 593 1416 cur
616 1384 792 1415 Plancium
817 1383 934 1415 Cicero
957 1383 993 1414 in
1019 1383 1168 1426 parentis
1192 1383 1266 1414 loco
1290 1382 1353 1414 sibi
1376 1392 1447 1413 esse
1473 1380 1576 1419 dicat,
1606 1381 1756 1422 ineptam
1778 1380 1880 1422 plane
1901 1380 2024 1412 adferri

141 1448 174 1473 et
194 1441 383 1472 ridiculam.
430 1438 527 1480 Quae
548 1449 630 1469 uera
653 1438 711 1477 sit,
747 1438 786 1468 ad
809 1449 836 1468 c.
872 1449 920 1469 10.
948 1437 1137 1468 luculenter
1166 1435 1390 1473 ostendimus3
1428 1434 1507 1476 quia
1534 1433 1661 1465 scilicet
1687 1432 1718 1463 ei
1739 1432 1846 1464 uitam
1868 1433 2024 1464 Plancius

140 1506 200 1526 sua
221 1493 369 1525 custodia
391 1497 595 1523 seruauerat.
643 1491 862 1533 Quapropter
884 1490 912 1522 si
934 1489 1066 1520 adicere
1088 1488 1217 1531 aliquid
1240 1488 1430 1531 placuisset,
1454 1487 1519 1518 hoc
1539 1485 1624 1516 adici
1646 1485 1745 1517 facile
1767 1486 1899 1528 potuit:
1923 1499 2025 1530 quom

132 1547 252 1590 fuerit
279 1551 392 1578 custos
418 1557 485 1576 non
513 1544 644 1588 inperi,
679 1549 729 1575 set
758 1543 884 1575 salutis
907 1555 1010 1574 meae.
1056 1543 1146 1574 Nam
1168 1542 1195 1573 I.
1227 1542 1263 1573 in
1286 1542 1384 1574 Uerr.
1412 1541 1460 1572 15.
1492 1544 1648 1581 quaestor
1671 1550 1741 1570 esse
1763 1538 1887 1571 dicitur
1912 1546 2026 1572 custos

142 1612 209 1631 non
232 1600 341 1630 solum
358 1598 545 1642 pecuniae,
578 1602 628 1628 set
651 1597 756 1628 etiam
779 1596 939 1627 consulis.
984 1596 1078 1627 Haec
1099 1601 1213 1627 autem
1235 1594 1351 1626 Planci
1377 1592 1527 1624 defensio
1549 1591 1751 1624 beneficium
1779 1592 1858 1624 illut
1884 1592 2026 1635 inpense

142 1651 332 1695 praedicat,
369 1658 443 1682 tum
466 1662 493 1681 e.
521 1661 568 1681 10.
593 1649 697 1679 isdem
719 1649 849 1689 uerbis,
883 1650 984 1692 qztasi
1000 1649 1144 1692 parenti
1167 1653 1199 1680 et
1223 1647 1357 1680 custodi
1379 1647 1505 1678 salutis
1527 1658 1640 1685 meae,
1673 1651 1744 1677 tum
1769 1645 1851 1676 alibi
1872 1651 1906 1676 et
1927 1644 2025 1677 initio

143 1707 217 1747 ipso
241 1704 479 1747 potissumum.
525 1703 637 1743 Quom
664 1707 810 1745 propter
839 1703 1038 1746 egregiam,
1069 1701 1201 1743 inquit,
1239 1707 1273 1733 et
1294 1701 1511 1744 singularem
1540 1699 1601 1731 Cn.
1622 1698 1770 1737 Planci,
1803 1697 1951 1736 iudices,
1988 1698 2025 1730 in

143 1770 218 1790 mea
241 1758 352 1789 salute
376 1755 599 1787 custodienda
613 1753 727 1796 fidem
751 1760 832 1785 etc..
878 1755 922 1785 Iis
947 1761 1078 1795 autem,
1102 1766 1187 1797 quae
1208 1754 1257 1786 ibi
1280 1759 1457 1793 secuntur,
1488 1751 1616 1789 uerbis,
1647 1751 1746 1782 cuius
1769 1750 1919 1793 officium
1940 1751 2029 1782 mihi

145 1811 254 1843 saluti
267 1809 419 1853 fuisset,
454 1813 661 1839 seruatorem
689 1817 726 1838 ac
746 1806 895 1849 proinde
917 1813 1093 1849 parentem
1121 1807 1267 1838 alterum
1296 1805 1432 1837 indicat.
1475 1803 1694 1847 Respondent
1722 1803 1823 1834 huius
1845 1801 1912 1833 loci
1933 1802 2027 1851 haec,

146 1868 179 1895 et
203 1863 307 1895 huius
337 1861 428 1892 tanti
451 1860 542 1904 offici
571 1861 776 1892 seruitutem
804 1860 913 1903 (quasi
938 1860 1084 1902 patriam
1113 1859 1177 1891 sibi
1199 1864 1399 1902 potestatem
1421 1857 1601 1900 inponeret
1629 1857 1716 1887 tanti
1736 1854 1878 1886 benefici
1899 1856 2028 1899 accepti

147 1913 327 1957 confessio)
360 1913 620 1956 acl-stringebam
651 1913 843 1945 testimonio
875 1913 1092 1956 sempiterno.
1135 1913 1380 1945 Uerumtamen
1408 1921 1557 1942 caussam
1585 1909 1680 1940 illam
1703 1907 1872 1951 explicare
1894 1920 2028 1941 necesse

146 1979 217 1999 non
241 1972 328 2006 erat,
365 1976 469 2007 quom
492 1972 604 1998 custos
629 1967 754 2010 capitis
782 1965 1012 2004 antecesserit3
1052 1971 1085 1996 et
1106 1965 1292 1996 uerborum
1314 1963 1580 2006 permutationes
1601 1973 1639 1993 ac
1665 1962 1799 1993 litterae
1821 1960 1908 1992 nihil
1930 1961 2029 1994 adiu-

147 2026 230 2052 uant
253 2018 532 2050 emendationem.
577 2020 698 2060 Neque
720 2030 802 2049 uero
827 2017 973 2048 eicienda
1000 2029 1069 2048 esse
1091 2017 1152 2048 illa
1178 2017 1232 2049 uir
1254 2018 1475 2049 acutissumus
1497 2028 1566 2047 non
1588 2014 1677 2047 uidit
1699 2015 1751 2047 W
1755 2013 1863 2045 olfius.
1901 2015 2029 2047 GARA-

149 2081 299 2105 TONIUS.
343 2071 416 2113 Ego
443 2071 522 2113 quid
545 2071 583 2102 de
606 2072 680 2102 loco
703 2071 764 2102 illo
787 2077 925 2112 totaque
948 2070 1011 2101 ista
1033 2070 1185 2102 oratione
1207 2070 1368 2109 iudicem,
1391 2070 1458 2100 alio
1480 2075 1634 2111 tempore
1657 2078 1695 2099 ac
1720 2067 1794 2099 loco
1818 2078 2027 2109 expromam.

235 2125 334 2165 Quae
354 2130 500 2168 propter
524 2125 574 2156 rei
596 2124 874 2167 magnitudinem
895 2124 989 2155 dicta
1013 2123 1054 2155 cle
1076 2124 1204 2166 scripto
1230 2123 1294 2167 est)
1337 2122 1418 2154 Fuit
1440 2122 1523 2154 haec
1552 2120 1757 2152 consuetudo
1783 2120 2027 2160 Romanorum,

150 2183 189 2209 ut
212 2188 288 2207 cum
310 2176 350 2207 de
372 2188 408 2208 re
431 2176 655 2218 grauissuma,
690 2188 774 2218 quae
796 2176 979 2206 intentiore
1004 2187 1083 2207 cura
1110 2175 1258 2218 indigere
1280 2175 1477 2214 uidebatur,
1514 2174 1695 2205 dicendum
1717 2179 1818 2213 esset,
1852 2184 1924 2203 eam
1946 2183 2028 2203 con-

152 2230 335 2261 scriberent
357 2234 434 2260 ante
457 2234 490 2259 et
512 2228 670 2271 scriptam
691 2229 934 2271 praelegerent.
980 2228 1050 2259 Cfr.
1073 2240 1136 2271 pro
1162 2228 1269 2260 Sestio
1300 2239 1327 2259 c.
1352 2229 1403 2261 61.
1431 2227 1520 2260 Phil.
1543 2228 1574 2268 Ι,
1601 2238 1629 2259 1.
1658 2227 1711 2266 Χ,
1736 2237 1765 2258 2.
1795 2231 1828 2256 et
1852 2224 2029 2256 Marklan-

152 2283 233 2313 dum
255 2282 290 2312 in
312 2279 417 2324 praef.
441 2280 481 2311 ad
507 2292 554 2312 or.
579 2288 737 2324 quattuor
759 2281 800 2312 ab
826 2280 958 2312 Wolfio
982 2281 1083 2313 editas
1115 2293 1149 2324 p.
1172 2282 1291 2314 LXIII
1313 2293 1382 2323 sq..
1427 2281 1588 2313 Ceterum
1609 2291 1678 2311 non
1700 2285 1750 2310 est
1771 2276 1920 2315 dubium,
1947 2276 2030 2318 quin

154 2346 193 2365 eo
217 2334 356 2364 consilio
381 2334 498 2364 Cicero
521 2335 709 2366 orationem
740 2334 834 2366 illam
857 2333 899 2364 de
921 2334 1046 2377 scripto
1070 2345 1140 2366 esse
1162 2334 1286 2366 dictam
1307 2345 1398 2365 nnnc
1419 2334 1608 2373 monuerit,
1639 2337 1677 2363 ut
1698 2340 1816 2362 eorum
1841 2334 2030 2362 occurreret

153 2385 391 2423 criminationi,
415 2387 473 2428 qui
497 2398 581 2428 quae
603 2387 645 2418 de
667 2387 802 2419 Plancio
826 2387 862 2418 in
885 2398 924 2418 ea
945 2387 1070 2430 scripta
1091 2387 1328 2427 recitabantur,
1350 2393 1468 2431 postea
1489 2387 1625 2418 demum
1643 2384 1810 2425 uelssnunc
1831 2392 1851 2411 a
1865 2381 2031 2413 Cicerone

152 2439 318 2482 temporis
350 2449 463 2470 caussa
490 2440 616 2472 inserta
646 2441 819 2473 criminari
846 2446 993 2483 possent.
1037 2441 1174 2472 Reuera
1198 2447 1312 2473 autem
1339 2440 1513 2473 recitatam
1540 2450 1610 2471 esse
1635 2437 1730 2468 illam
1752 2433 1913 2466 orationis
1936 2434 2031 2467 istius
