2185 2720
1092 73 1127 110 ,Γ

885 155 925 185 L.
952 154 1009 185 111.
1054 154 1090 184 0.
1116 153 1175 183 IV.
1220 151 1248 193 §.
1276 154 1294 184 3
1311 168 1350 177 --
1368 152 1396 184 5.
1874 152 2061 184 LXXXIX

176 234 311 265 comitiis
332 233 515 273 quaestoriis
535 231 716 272 praefuisse.
736 229 801 261 Csr.
821 230 893 259 Nic.
915 229 1072 258 Gruchius
1093 228 1130 257 de
1151 228 1237 257 Com.
1257 228 1349 256 Rom.
1369 228 1408 256 L.
1424 227 1464 256 II.
1485 237 1511 256 e.
1530 227 1557 257 3.
1578 236 1607 266 p.
1627 226 1691 263 (367.
1712 225 1807 255 Thes.
1829 227 1951 258 Graeu..
1988 229 2051 258 Iam

175 293 245 312 cum
265 287 461 321 quaestorum
482 281 615 315 comitia,
636 290 767 318 quorum
787 279 889 307 minor
909 278 1000 306 etiam
1020 287 1109 315 quam
1129 276 1274 304 aedilium
1295 275 1450 304 curulium
1473 275 1603 311 dignitas
1625 281 1699 310 erat,
1719 285 1736 303 a
1755 276 1937 303 consulibus
1954 275 2051 304 habe-

172 336 303 366 rentur,
319 330 390 358 fieri
408 331 494 358 nullo
515 333 605 367 pacto
627 326 746 365 potnit,
776 327 850 364 quin
870 327 964 354 iidem
985 324 1110 353 comitia
1129 324 1280 352 aedilibus
1301 323 1461 352 curulibus
1481 323 1629 351 faciendis
1650 323 1809 351 haberent.
1851 323 1928 350 Tam
1948 328 2049 352 autem

170 378 311 417 ineptum
333 378 488 405 neminem
507 377 575 404 fore
595 379 691 413 puto,
712 373 764 411 qui
785 374 927 402 tribunos
947 371 990 411 pl.
1011 371 1137 400 comitia
1156 371 1308 399 aedilibus
1329 370 1490 399 curulibus
1512 371 1650 398 creandis
1671 369 1814 407 potuisse¹
1837 369 1954 400 habere·
1978 370 2050 409 opi·

168 431 277 464 fletui-3
298 426 424 465 ipseque
443 424 568 462 ineptus
587 421 665 450 mihi
685 420 826 457 uiderer,
846 421 888 458 si,
905 420 939 449 id
958 429 1013 448 cur
1032 428 1096 447 non
1115 418 1270 458 potuisset
1288 418 1375 455 fieri,
1398 418 1496 447 uerbo
1517 417 1769 446 demonstrarem.

1069 525 1097 567 §—
1117 531 1145 560 4.

608 581 701 632 tao
729 590 823 623 loco
853 588 1032 622 comitia
1061 589 1282 623 aedilicia
1312 588 1462 623 habita
1490 587 1588 621 sint.

238 672 429 709 Quamquam
449 667 574 697 comitia
593 667 728 702 tributa,
762 664 873 704 quibus
898 664 1009 693 aedilis
1038 666 1154 696 curulis
1181 671 1299 695 creatos
1326 676 1392 694 esse
1412 664 1562 700 uidimus,
1590 662 1673 692 intra
1692 666 1723 691 et
1742 665 1829 690 extra
1849 660 2044 698 pomoerium

161 719 271 749 haberi
290 718 397 752 licuit,
424 721 526 744 tamen
551 719 636 743 recte
659 713 816 742 Gruchius
843 712 880 740 de
901 712 989 740 Com.
1007 713 1101 742 Rom.
1125 713 1197 741 Lsb.
1218 713 1259 741 ΙΙ,
1285 723 1310 741 c.
1331 714 1356 741 5.
1384 723 1415 751 p.
1436 712 1499 750 689.
1528 711 1758 748 magistratuum
1779 708 1905 738 comitia
1925 708 2045 738 tributa

161 767 288 797 omnino
311 767 345 794 in
365 774 470 802 campo
491 762 605 792 Martio
625 761 736 790 haberi
753 769 821 789 esse
839 759 932 787 solita
950 761 1082 790 monuit.
1111 760 1218 799 Itaque
1240 759 1365 788 comitia
1386 760 1478 788 etiam
1499 759 1642 787 aedilicia
1662 757 1805 797 quotiens
1821 762 1944 785 ueteres
1964 758 2044 785 scri-

160 820 267 854 ptores
288 813 455 842 ostendunt
476 822 537 850 quo
565 811 599 838 in
624 809 694 837 Ioco
721 808 784 836 sint
808 807 930 843 habita,
958 817 1098 846 campum
1119 808 1269 836 Martium
1294 807 1465 836 nominant.
1487 807 1552 836 C'sr.
1572 806 1674 835 Uarro
1696 805 1733 833 de
1754 804 1792 832 R.
1813 804 1852 832 R.
1873 804 1936 840 ΙΙΙ,
1958 814 1984 833 2.
2004 805 2044 841 5.,

161 871 253 901 quem
272 861 375 889 Iocum
396 869 487 898 supra
506 856 533 897 §.
553 859 580 886 3.
607 857 735 885 ineunte
761 855 875 890 adtuli,
901 859 932 882 et
953 854 1017 883 Cic.
1037 865 1095 893 pro
1116 855 1219 884 Plane.
1241 856 1274 884 C.
1296 855 1353 883 VI.
1373 853 1485 894 §.16.:
1511 865 1566 882 eur
1587 859 1621 881 tu
1641 854 1681 882 iel
1693 855 1727 881 in
1747 853 1863 880 indicio
1884 854 2044 889 exprimis-,⁴

160 909 244 948 quod.
269 918 330 936 non
349 908 396 945 fit
422 909 456 935 in
476 905 608 943 campo?
639 903 783 932 Licuisse
816 908 918 931 tamen
954 903 1134 931 conquibus
1163 901 1344 930 conditione
1373 901 1501 940 quadam
1534 900 1661 929 comitia
1686 899 1828 929 aedilicia
1853 898 1886 926 in
1915 898 2042 927 comitio

159 955 291 992 habere,
311 965 351 984 ex
372 954 437 984 Cic.
458 953 495 981 ad
514 953 583 981 Att.
603 951 668 987 IV,
687 952 715 980 3.
742 955 879 989 apparet.
917 949 1024 979 Unum
1053 949 1126 978 illut
1152 950 1249 985 addo,
1280 948 1405 977 comitia
1433 948 1525 977 etiam
1551 948 1726 986 quaestoria
1744 947 1778 975 in
1799 956 1904 984 campo
1924 946 2041 975 Martio

157 1002 264 1031 habita
295 1012 376 1038 esse,
412 1001 535 1030 disertis
563 1004 706 1030 ueterum
738 999 928 1038 scriptorum
961 997 1148 1027 testimoniis
1175 996 1266 1025 nobis
1293 996 1442 1026 traditum
1469 1005 1546 1025 esse.
1578 995 1646 1025 Cfr.
1671 993 1834 1024 Schulzius
1860 993 1898 1024 de
1925 992 2042 1026 comit.

157 1049 249 1079 Rom.
267 1060 300 1090 p.
318 1049 392 1079 363„

1057 1118 1084 1160 §.
1105 1124 1134 1152 5-

306 1184 396 1226 Quo
430 1188 621 1227 tempore
650 1182 834 1216 comitia
862 1180 1087 1215 aedilibus
1110 1178 1340 1212 curulibus
1370 1178 1575 1213 creandis
1604 1178 1759 1213 habita
1782 1177 1889 1211 εῖηίᾰ

233 1263 446 1293 Uehementer
466 1262 587 1292 fallitur
608 1260 774 1290 Schubert.
791 1271 821 1300 p.
841 1270 907 1298 270.
934 1259 978 1288 sic
999 1259 1153 1288 scribens:
1171 1258 1329 1295 ‚,Mensis,
1356 1269 1416 1297 quo
1438 1258 1563 1288 comitia
1582 1257 1726 1287 aedilicia
1751 1254 1862 1285 haberi
1886 1253 2037 1290 solebam*

155 1321 219 1342 non
242 1316 383 1340 accurate
408 1310 576 1348 significari
594 1314 715 1348 potest,
746 1309 799 1337 sed
827 1307 957 1336 diuersis
984 1306 1176 1345 temporibus
1207 1306 1363 1335 diuersum
1390 1305 1492 1345 ipsum
1518 1306 1614 1334 fuisse
1641 1310 1768 1344 apparet
1794 1313 1812 1332 e
1838 1301 2036 1331 comitiorum

155 1357 364 1388 consularium
391 1357 543 1395 analogia5
581 1357 742 1385 Ciceronis
770 1356 894 1395 quidem
923 1359 1022 1383 aetate
1052 1355 1085 1382 iu
1111 1362 1215 1382 mense
1242 1353 1385 1382 Ianuario
1419 1353 1525 1382 habita
1558 1362 1641 1388 esse,
1675 1352 1811 1383 eiusdem
1838 1350 1970 1389 epistola
1996 1349 2035 1377 ad

155 1406 310 1443 Quintum
336 1405 464 1434 fratrem
491 1404 607 1442 scripta
632 1410 765 1433 testatur
793 1403 854 1442 (II,
873 1401 931 1440 2.):
966 1402 1018 1430 Set
1045 1404 1149 1430 omnia
1176 1407 1249 1428 sunt
1276 1401 1418 1428 tardiora
1438 1399 1476 1437 (e.
1498 1410 1525 1438 g.
1545 1399 1717 1428 aedificatio
1744 1397 1880 1437 quoque)
1902 1402 2035 1435 propter

150 1454 292 1490 furiosae
312 1452 488 1481 aedilitatis
508 1453 756 1487 expectationem.
795 1452 882 1479 Nam
901 1451 1028 1477 comitia
1048 1451 1113 1477 sine
1133 1459 1219 1476 mora
1239 1448 1361 1485 sutzcra
1381 1448 1549 1481 uidentur-5
1569 1448 1671 1475 edicta
1690 1452 1765 1474 sunt
1784 1456 1812 1475 α.
1833 1447 1862 1474 d.
1882 1446 1943 1474 XI.
1961 1445 2036 1474 Kal.

152 1500 377 1528 Februariasf‘
416 1498 573 1526 Nimirum
598 1498 732 1526 nesciuit
758 1498 969 1532 Schubertus,
993 1496 1026 1524 id
1053 1496 1135 1534 quod
1161 1495 1253 1532 longe
1273 1494 1495 1530 notissunuun,
1527 1494 1654 1522 comitia
1673 1494 1743 1530 illa,
1770 1493 1882 1532 qui-bus
1901 1493 1935 1521 P.
1957 1492 2034 1521 Clo—

152 1546 222 1574 dius
241 1546 310 1574 fieri
330 1545 438 1573 aedilis
459 1545 576 1573 curulis
596 1546 731 1581 uolebat,
751 1544 996 1573 aduersariorum
1017 1554 1111 1582 opera
1129 1542 1270 1582 inpedita
1283 1543 1320 1571 ‘et
1340 1542 1422 1571 ultra
1445 1541 1628 1580 legitumum
1646 1547 1768 1581 tempus
1786 1541 1938 1581 producta
1956 1548 2033 1568 esse.

150 1592 251 1629 Uide,
271 1602 347 1631 quae
366 1592 526 1621 Manutius
546 1598 632 1621 recte
651 1593 689 1621 ad
708 1592 810 1621 Iocum
830 1593 921 1620 illum
940 1592 1075 1620 monuit,

224 1654 295 1683 Etsi
315 1665 374 1692 quo
395 1653 445 1682 die
465 1654 590 1682 comitia
610 1655 752 1683 aedilicia
772 1654 880 1683 haberi
900 1653 993 1682 solita
1011 1653 1089 1688 sint,
1117 1660 1186 1683 cum
1206 1659 1271 1680 11011
1290 1651 1548 1691 inpediebatur,
1573 1650 1696 1680 nescire
1714 1660 1765 1680 me
1783 1649 1901 1685 fateor,
1927 1653 2031 1677 tamen

149 1713 210 1742 quo
230 1711 335 1730 mense
355 1701 418 1729 sint
437 1700 557 1736 habita,
578 1712 617 1730 cx
638 1702 800 1730 Ciceronis
820 1701 946 1739 seriptis
967 1705 1051 1728 certo
1072 1705 1176 1738 potest
1196 1700 1409 1728 demonstrari.
1449 1698 1570 1728 Habuit
1590 1699 1700 1727 Cicero
1720 1697 1911 1737 principium
1931 1696 2030 1725 actio-

147 1750 196 1778 nis
215 1749 332 1788 primae
352 1749 386 1776 iu
406 1748 541 1777 Uerrem
559 1749 661 1777 Nonis
682 1748 870 1785 Sextilibus5
896 1746 944 1776 ibi
962 1748 1045 1775 enim
1067 1748 1101 1776 C.
1121 1747 1166 1775 X.
1187 1746 1214 1787 §
1234 1749 1280 1776 31.
1300 1748 1414 1776 AVonae
1432 1753 1516 1782 sunt,
1536 1745 1657 1784 inquit,
1674 1746 1764 1774 hodie
1783 1746 1932 1779 Sextiles;
1952 1744 2032 1772 hora

147 1807 232 1825 nona
251 1798 415 1825 conuenire
434 1798 585 1833 coepistis.
623 1797 700 1825 Erat
726 1802 827 1825 autc-m
854 1797 915 1824 iam
942 1800 1008 1824 tum
1035 1794 1144 1822 aedih‘s
1173 1795 1289 1823 curulis
1317 1795 1350 1822 in
1370 1800 1482 1822 annum
1510 1803 1697 1832 proxumum
1719 1793 1906 1830 designatus.
1942 1789 2028 1819 Audi

147 1844 250 1883 ipsum
269 1844 385 1871 ibidem
406 1843 440 1871 C.
462 1843 521 1871 IX.
541 1841 569 1882 §.
589 1845 635 1872 25.
656 1844 850 1882 loquentem:
881 1844 1006 1872 Interea
1028 1844 1154 1870 comitia
1174 1849 1298 1877 nostra,
1326 1853 1457 1881 quorum
1476 1844 1533 1870 iste
1552 1851 1600 1875 se,
1626 1847 1661 1869 ut
1680 1847 1850 1869 ceterorum
1868 1839 1925 1867 lzoc·
1945 1846 2031 1866 anno

146 1890 340 1920 comitiorum
359 1891 518 1919 dominum
537 1901 599 1919 esse
619 1891 846 1924 arbitrabatur,
866 1890 975 1918 haberi
995 1895 1104 1928 coepta
1121 1896 1204 1919 sunt.
1246 1891 1379 1919 Car-sare
1398 1891 1466 1925 iste,
1485 1889 1574 1917 homo
1588 1894 1710 1925 potens,
1730 1898 1800 1916 cum
1819 1886 1895 1923 filio
1915 1885 2029 1914 blando

145 1943 176 1968 et
191 1939 330 1976 gratioso
351 1939 468 1966 circum
487 1937 586 1966 tribas
596 1948 613 1972 s
634 1945 783 1977 paternos
802 1940 934 1973 amicos,
952 1937 1010 1965 lzoc
1028 1943 1089 1973 est,
1118 1937 1271 1965 diuisores
1289 1938 1449 1974 appellare
1468 1937 1566 1964 omnis
1587 1941 1616 1964 et
1636 1936 1810 1964 conuenire.
1851 1933 1942 1969 Quod
1958 1941 2029 1960 cum

144 1991 223 2015 esset
241 1986 433 2013 intellectum
451 1992 481 2014 et
499 1986 771 2021 animaduersum,
783 1985 869 2023 fecit
888 1986 992 2012 animo
1011 1985 1232 2013 labentissumo
1247 1986 1385 2022 populus
1403 1986 1580 2016 Romanae,
1609 1988 1644 2011 ut
1664 1984 1753 2010 cuius
1773 1982 1905 2009 diuitiae
1924 1990 1970 2007 me
1991 1979 2028 2007 cle

137 2033 207 2070 fide
233 2032 382 2061 deducere
409 2043 470 2060 non
492 2035 685 2071 potuissent,
722 2045 759 2062 ne
787 2033 921 2061 eiusdem
942 2034 1098 2069 pecuniae
1123 2032 1160 2060 de
1194 2031 1308 2059 honore
1340 2032 1505 2060 deicerent.
1549 2031 1760 2067 Posteaquam
1784 2030 1841 2057 illa
1862 2026 2027 2064 petitionis

144 2090 263 2118 magna
283 2090 360 2108 cura
378 2079 529 2108 liberatus
547 2091 631 2115 sam,
663 2082 767 2109 auimo
794 2082 880 2118 coepi
899 2080 996 2107 multo
1017 2080 1119 2116 magis
1139 2089 1239 2107 uacuo
1259 2089 1296 2107 ac
1322 2080 1420 2107 soluto
1441 2077 1525 2105 nihil
1551 2078 1632 2105 aliut
1659 2078 1722 2104 nisi
1741 2076 1777 2104 de
1796 2075 1912 2103 iudicio
1931 2082 2026 2111 agere

144 2134 173 2158 et
194 2129 338 2166 cogitare.
376 2126 427 2155 Ex
446 2137 506 2165 quo
526 2127 595 2155 loco
615 2128 676 2156 hoc
697 2138 818 2167 quoque
839 2131 984 2166 apparet,
1005 2126 1124 2164 aliquot
1144 2125 1214 2154 dies.
1228 2126 1312 2154 inter
1333 2124 1578 2163 designationem
1598 2128 1629 2152 et
1648 2123 1758 2152 Nonas
1775 2121 1903 2151 Sextilis
1923 2120 2023 2148 inter-

143 2175 288 2211 cessisse,
315 2173 447 2212 ideoque
468 2173 594 2203 comitia
611 2175 666 2203 illa
685 2175 828 2204 aedilicia
847 2179 980 2203 exeunte
1000 2183 1104 2202 meuse
1125 2172 1281 2210 Quinctili
1300 2172 1407 2200 habita
1433 2172 1585 2200 censenda
1605 2181 1680 2200 esse.
1718 2171 1822 2208 Atque
1848 2168 1908 2196 hoc
1934 2173 2025 2197 extra

143 2232 264 2252 omnem
291 2219 534 2249 controuersiam
561 2222 691 2260 ponitur
709 2224 753 2252 M.
775 2222 862 2252 Caeli
882 2221 1013 2261 epistola
1033 2226 1139 2259 quarta
1159 2221 1196 2249 ad
1217 2220 1401 2249 Ciceronem
1421 2220 1536 2258 scripta
1555 2218 1626 2257 (Ep.
1647 2219 1684 2248 ad
1703 2219 1779 2247 Diu.
1800 2216 1897 2252 VIII,
1915 2213 1968 2253 4.),
1986 2215 2021 2244 in

143 2279 202 2309 qua
223 2268 251 2308 ς
266 2268 293 2297 6.
313 2267 388 2296 haec
407 2267 554 2305 legimus:
572 2270 642 2296 Has
659 2279 712 2307 ego
732 2269 791 2298 tibi
809 2271 931 2298 litteras
952 2279 984 2297 eo
1005 2270 1121 2297 maiore
1140 2270 1212 2296 misi
1230 2268 1411 2305 interuallo,v
1429 2268 1512 2306 quod
1530 2268 1723 2295 comitiorum
1743 2266 1909 2294 dilationes
1928 2272 2023 2292 occu-

136 2319 293 2353 patiorem
312 2326 359 2344 me
377 2315 550 2351 habebant,
570 2321 599 2344 et
619 2322 779 2353 expectare
797 2319 832 2345 in
849 2318 916 2346 dies
935 2317 1050 2345 exitam
1070 2315 1237 2353 cogebant,
1265 2321 1300 2343 ut
1319 2314 1468 2352 confectis
1489 2313 1629 2341 omnibus
1649 2319 1678 2341 te
1689 2313 1835 2350 facerem
1853 2313 2023 2341 certiorem.

142 2363 199 2391 Ad
214 2364 286 2392 Kal.
299 2363 424 2392 Sextilis
443 2373 539 2401 usqne
558 2364 728 2400 expectaui.
764 2365 939 2392 Praetoriis
960 2373 1063 2391 morae
1084 2363 1238 2400 quaedam
1257 2363 1455 2396 inciderune;
1473 2371 1542 2389 mea
1557 2370 1653 2397 porro
1672 2360 1799 2387 comitia
1818 2368 1907 2397 quem
1925 2369 2020 2387 eaen-

144 2415 210 2437 tum
227 2411 291 2438 sint
309 2410 477 2446 habitu-ra,
496 2412 616 2444 nescim·
642 2411 815 2447 opinionem
834 2411 978 2448 quidem,
1001 2410 1084 2448 qzcod
1102 2410 1146 2438 ad
1163 2411 1297 2438 Hirrum
1317 2409 1455 2442 adtinet,
1480 2407 1691 2435 incredibilem
1710 2406 1803 2435 aedil.
1817 2407 1865 2444 pl.
1884 2406 2020 2434 comitiis

143 2461 239 2485 nacta
262 2463 346 2488 sunt.
385 2458 625 2498 Occupatiorcm
651 2457 807 2487 habebant
824 2458 869 2487 M.
894 2456 1033 2486 Caelium
1059 2456 1257 2486 comitiorum
1286 2456 1467 2491 dilationes,
1495 2454 1567 2493 quia
1586 2464 1622 2482 ea
1639 2454 1723 2493 ipsa,
1754 2453 1866 2493 quibus
1885 2452 2018 2482 aedilem

1564 2508 1600 2532 12
