2185 2720
860 145 884 174 c
905 144 933 174 A
952 146 994 175 P.
1033 145 1183 174 xxxv.
1220 145 1248 186 ς.
1273 149 1320 177 87.
1971 157 2024 182 219

150 225 260 260 subici
280 236 348 257 non
370 223 477 256 sistis.
520 221 580 255 Ad
602 221 673 254 Att.
697 220 732 260 I,
768 219 816 252 14.
857 221 906 253 Te
930 221 979 253 ad
998 232 1118 253 coenas
1150 221 1240 253 itare
1263 221 1390 253 desisse
1411 223 1549 255 moleste
1562 223 1656 267 fero.
1703 224 1806 255 Corn.
1828 225 1918 267 Nep.
1940 223 2021 265 XII,

149 280 189 319 5,
215 290 241 310 ι.
263 278 494 321 magistratus
514 287 638 319 gerere
659 275 814 306 desisset.
857 273 902 306 A·
927 273 1060 305 Gellius
1082 274 1173 313 XV,
1208 274 1256 306 16.
1287 279 1398 307 artem
1419 276 1619 309 athleticam
1641 277 1794 309 desisset.
1838 277 1907 309 Cic.
1929 277 2020 309 Phil·

148 332 202 372 ΙΙ,
230 331 282 363 55.
321 329 469 361 simulac
490 329 612 360 timere
640 327 804 366 desisses,
841 327 990 359 similem
1013 332 1045 358 te
1061 324 1233 369 ficturum
1255 327 1321 359 tui.
1363 327 1446 359 Ibid.
1471 329 1509 360 C.
1531 330 1723 362 XXXVII.
1753 342 1901 374 quonam
1921 333 2020 364 modo

148 390 231 418 ante
253 384 301 417 K.
322 381 461 426 Aprilis
483 379 604 412 debere
623 380 770 411 desisti?
812 379 899 411 Ibid.
921 379 994 417 XI,
1028 378 1076 410 15·
1115 379 1176 422 qui
1206 392 1247 411 ne
1268 381 1351 412 uiuo
1381 382 1519 424 quidem
1547 382 1715 414 Trebonio
1736 383 1940 417 Dolabellae
1967 386 2021 418 la-

147 438 338 471 trocinium
363 435 401 467 in
429 433 570 476 Syriam
596 438 780 477 penetrare
808 433 919 465 sisset.
971 432 1012 464 Iu
1042 431 1244 475 quibusdam
1272 433 1396 465 horum
1423 435 1579 467 locorum
1606 436 1695 467 male
1724 447 1815 468 nunc
1847 436 1977 480 duplex
2007 439 2020 469 i

147 490 232 534 poni
253 488 350 520 solet.

235 552 346 593 Quem
372 549 512 593 quidem
539 548 577 580 in
604 546 818 580 contionibus
852 548 1002 581 saltator
1031 549 1092 582 ille
1122 549 1296 582 Catilinae
1325 550 1444 583 consul
1464 552 1733 595 proscriptionis
1761 553 2022 586 denuntiatione

149 605 311 645 terrebat)
354 599 524 641 ’Ictlmgq
547 612 625 643 pro
649 600 862 633 stomachi
883 601 952 632 sui
973 602 1215 634 acerbitate
1238 603 1468 634 Gabinium
1498 603 1663 635 lacerat
1688 605 1809 647 quasi
1832 606 2018 637 famosae

146 654 454 702 inpudicitiae3
479 664 602 695 quem
624 653 874 686 minitatum
896 656 1268 697 proscribtionem
1293 655 1493 698 equestri
1515 657 1662 689 ordini
1688 659 1926 701 eapropter
1949 658 2018 689 di-

147 712 221 751 cit,
245 708 356 752 quod
379 706 503 738 illius
535 706 721 749 edicto2)
748 705 907 739 fuisset
927 708 969 739 L.
993 708 1182 749 Aelius³)
1213 720 1340 750 eques
1362 709 1424 748 R.‚
1460 708 1530 740 cui
1558 709 1799 742 familiaris
1820 709 2018 742 amicitia

143 775 234 796 cum
258 762 306 794 Μ.
330 759 483 792 Tullio
504 758 666 799 fuerat,
695 760 927 801 relegatus.
951 760 1113 792 SenomA
1136 761 1396 793 AMBROSIANA.

227 816 272 848 In
295 811 523 856 contionibus)
555 812 637 844 Cod.
660 812 782 845 Ambr.
805 812 943 843 omittit.
989 813 1047 844 Set
1069 819 1147 856 post
1167 814 1239 845 red.
1261 814 1298 845 in
1323 824 1392 845 sen.
1417 812 1456 844 C.
1480 813 1526 846 V.
1551 814 1588 846 in
1610 816 1799 849 contionem
1821 815 2016 860 (Gabinius)

144 868 300 903 ascendit
321 884 363 891 —-
391 877 474 909 quos
503 865 536 897 ei
561 866 774 898 commodum
790 863 872 908 fuit
901 866 1136 910 conpellauit3
1170 867 1216 900 L.
1238 879 1320 899 uero
1342 866 1508 899 Lamiam
1529 869 1676 912 equitem
1700 870 1747 902 R.
1772 870 1893 902 consul
1920 870 2017 913 inpe-

146 923 260 954 riosus
289 920 383 952 exire
410 918 493 951 urbe
521 918 634 950 iussit.
680 919 764 949 Item
787 930 851 960 pro
878 919 972 950 Sext.
1005 920 1043 952 C.
1066 920 1146 952 XII.
1180 919 1417 952 Exanimatus
1445 921 1561 953 euolat
1588 934 1629 954 ex
1653 928 1775 955 senatu
1796 940 1838 947 —-
1866 923 2016 955 aduocat

145 974 355 1011 contionem,
391 972 437 1004 L.
458 971 624 1003 Lamiam
654 970 691 1002 in
714 972 870 1003 contione
902 972 1088 1016 relegauit.
1119 973 1380 1005 GARATONIUS.
1424 974 1530 1005 Nulla
1551 981 1661 1018 potest
1691 975 1811 1008 codicis
1834 975 1925 1006 illius
1951 974 2018 1005 ali-

146 1026 228 1070 quid
248 1024 434 1057 omittentis
457 1023 638 1054 auctoritas
662 1034 743 1053 esse.

232 1078 389 1110 Saltator
411 1076 472 1108 ille
493 1075 666 1107 Catilinae
688 1076 821 1117 consul)
867 1076 1045 1110 Gabinius.
1088 1078 1170 1110 Post
1194 1077 1262 1109 red.
1286 1077 1320 1108 in
1343 1089 1413 1110 sen.
1438 1078 1476 1110 C.
1498 1079 1561 1111 VI.
1587 1080 1709 1122 §.13.:
1741 1080 1811 1112 Cur
1833 1081 1871 1112 in
1892 1081 2017 1114 lustris

143 1138 178 1166 et
209 1129 465 1165 heluationibus
495 1129 600 1161 liuius
630 1128 864 1161 calamistrati
890 1131 1071 1163 saltatoris
1101 1132 1229 1164 eximia
1262 1132 1379 1164 uirtus
1407 1138 1478 1165 tam
1504 1134 1566 1165 diu
1596 1134 1768 1166 cessauit?
1812 1134 1878 1165 Pro
1910 1134 2014 1166 domo

144 1187 184 1219 C.
212 1184 348 1217 XXIII.
379 1183 408 1224 §.
434 1182 486 1213 60.
514 1180 730 1225 Campanum.
757 1181 860 1214 illum
888 1184 1060 1216 consulem
1083 1196 1161 1216 cum
1191 1184 1358 1217 saltatore
1390 1186 1543 1229 conlega.
1586 1187 1626 1217 In
1655 1187 1813 1218 Pisonem
1847 1187 1886 1217 C.
1916 1187 2014 1219 VIII.

144 1241 175 1281 §.
203 1238 251 1271 18.
278 1237 334 1269 Tu
355 1248 396 1268 ex
419 1234 628 1267 tenebricosa
644 1234 778 1278 popina
806 1235 927 1267 consul
951 1242 1128 1268 extractus
1157 1248 1235 1269 cum
1258 1237 1321 1269 illa
1344 1238 1523 1271 saltatrice
1553 1245 1651 1271 tonsa
1680 1245 1838 1271 senatum
1867 1241 1921 1272 rei
1943 1251 2015 1284 pu·-

143 1292 251 1324 blicae
273 1300 429 1321 occasum
451 1294 557 1331 atque
578 1289 759 1319 interitum
781 1287 902 1331 lugere
924 1290 1080 1321 uetuisti.
1123 1289 1253 1321 Ibidem
1277 1291 1315 1322 C.
1330 1291 1377 1322 X.
1402 1293 1432 1334 §.
1457 1303 1507 1324 22.
1532 1306 1609 1325 cum
1633 1293 1795 1336 conlegae
1817 1294 1874 1326 tui
1895 1295 2016 1326 domus

143 1349 250 1376 cantu
278 1347 313 1374 et
336 1341 500 1385 cymbalis
526 1346 749 1384 personaret,
785 1353 928 1385 cumque
950 1342 1023 1386 ipse
1052 1343 1166 1376 nudus
1189 1343 1225 1374 in
1248 1344 1409 1376 conuiuio
1435 1346 1591 1379 saltaret.
1628 1346 1846 1378 MANUTIUS.
1890 1345 2015 1378 Nullus

141 1397 276 1435 dubito,
316 1394 400 1436 quin
427 1394 469 1425 ad
497 1394 588 1425 hunc
617 1394 731 1425 locum
763 1400 797 1426 et
828 1395 923 1434 illos,
966 1407 1049 1438 quos
1079 1395 1253 1427 Manutius
1279 1396 1418 1437 adtulit,
1453 1399 1639 1442 respexerit
1660 1399 1854 1431 Macrobius
1877 1399 2013 1430 Saturn.

142 1449 214 1488 XI,
244 1459 311 1480 10.:
331 1448 548 1491 Priusquam
569 1460 591 1479 a
613 1448 799 1480 saltatione
821 1449 973 1490 discedo,
997 1449 1080 1481 illut
1101 1449 1271 1489 adiciam,
1294 1463 1362 1482 uno
1384 1452 1499 1484 eodem
1521 1458 1671 1496 tempore
1693 1452 1805 1484 tribus
1827 1451 2014 1485 nobilissu-

140 1502 207 1534 mis
229 1500 363 1533 ciuibus
387 1512 456 1532 non
475 1500 574 1532 modo
599 1501 753 1532 studium
776 1500 947 1539 saltandi,
970 1507 1021 1533 set
1043 1502 1164 1540 etiam,
1188 1503 1219 1534 si
1240 1503 1295 1535 dis
1315 1504 1448 1548 placet,
1466 1506 1644 1548 peritiam,
1669 1518 1739 1549 qua
1759 1505 2013 1549 gloriarentur,

134 1554 254 1598 fuisse
261 1578 273 1593 ,
312 1552 464 1586 Gabinio
491 1554 669 1585 consulari
698 1553 871 1586 Ciceronis
903 1554 1062 1594 inimico,
1100 1555 1191 1598 quod
1221 1557 1326 1588 etiam
1354 1557 1470 1590 Cicero
1498 1571 1566 1590 non
1588 1559 1851 1590 dissimulanter
1880 1557 2013 1589 obiecit.

141 1608 350 1639 GRAEUIUS.
394 1605 568 1638 Catilinae
591 1618 659 1638 non
685 1607 770 1638 bene
792 1607 970 1646 conuenit3
1007 1608 1182 1640 saltatores
1204 1608 1357 1641 absolute
1380 1610 1549 1643 dicuntur.
1593 1612 1742 1645 Amator
1775 1611 1949 1644 Catilinae
1978 1615 2012 1640 et

142 1660 202 1694 uir
223 1658 299 1699 fuit,
322 1664 361 1691 ut
384 1659 420 1690 iu
443 1670 494 1690 or.
518 1665 595 1702 post
616 1659 687 1690 red.
711 1660 746 1691 in
771 1670 840 1691 sen.
864 1670 891 1690 e.
914 1662 945 1695 4.
969 1660 1107 1699 dicitur3
1130 1661 1279 1694 saltator
1300 1662 1387 1694 nihil
1409 1663 1448 1695 ad
1473 1664 1653 1696 Catilinam
1674 1664 1840 1708 pertinet;
1864 1664 2013 1696 saltator

141 1712 265 1746 consul
283 1717 398 1743 autem
420 1712 645 1743 acerbissume
663 1712 798 1744 dicitur.
842 1713 958 1755 Itaque
981 1712 1153 1746 Catilinae
1176 1714 1355 1747 delendum
1379 1723 1439 1749 est.
1462 1718 1689 1750 Ensssmvs.
1734 1716 1925 1750 Delendum
1946 1715 2012 1747 Ca-

143 1766 267 1799 tilinae
295 1776 422 1796 nomen
451 1771 564 1797 censet
586 1766 766 1807 Ernestus,
804 1766 903 1809 eique
930 1766 999 1798 uiri
1025 1767 1234 1811 peritissumi
1265 1769 1421 1812 opinioni
1450 1781 1566 1802 omnes
1599 1771 1714 1802 fauent
1738 1770 1823 1810 loci,
1860 1781 1944 1812 quos
1966 1779 2010 1800 ex

220 1919 246 1959 ι)
282 1919 423 1949 Uerbum
442 1930 583 1959 graecum
603 1923 642 1951 A.
660 1924 761 1953 Maius
781 1935 820 1953 ex
840 1924 1017 1954 coniectura
1036 1925 1171 1962 addidit,
1196 1931 1231 1955 ut
1250 1937 1382 1956 uacuum
1403 1928 1535 1967 spatium
1555 1929 1703 1968 expleret.

215 1967 245 2004 2)
282 1968 394 1997 Edicto
413 1968 539 2007 scripsit
565 1971 646 2001 idom
665 1983 723 2011 pro
742 1974 842 2010 dicto,
875 1974 958 2013 quod
976 1973 1010 2002 in
1031 1974 1138 2003 codice
1158 1979 1219 2010 est,
1254 1975 1391 2004 conferri
1413 1976 1524 2004 iubens
1547 1976 1660 2005 Ascon.
1686 1976 1724 2005 ad
1745 1976 1809 2005 Cic.
1831 1986 1873 2004 or.
1892 1976 1926 2004 in
1945 1975 2007 2004 Pis.

142 2016 176 2044 C.
195 2015 239 2044 X.
258 2020 291 2043 et
308 2025 367 2053 pro
386 2016 486 2045 Sestio
508 2018 542 2046 C.
563 2019 640 2047 XII.
659 2020 752 2048 XIII.

211 2063 242 2102 3)
282 2063 358 2091 cod.
378 2065 524 2101 Laelius,
556 2077 620 2096 non
639 2069 676 2097 L.
697 2069 816 2097 Aelius.
855 2068 899 2097 At
924 2069 958 2098 in
978 2070 1038 2099 Pis.
1059 2080 1084 2099 c.
1107 2080 1152 2106 27.
1180 2069 1296 2098 dicitur
1316 2071 1354 2099 L.
1373 2072 1493 2101 Aelius,
1531 2071 1619 2100 Alibi
1639 2082 1729 2110 saepo
1755 2071 1896 2100 meminit
1915 2069 2008 2098 huius

139 2110 201 2139 uiri
223 2114 253 2138 et
273 2110 419 2138 facinoris
441 2112 569 2150 Cicero,
596 2120 668 2154 post
686 2116 751 2144 red.
771 2116 804 2144 in
825 2126 888 2145 sen.
909 2117 951 2153 5.,
976 2128 1035 2156 pro
1056 2118 1141 2146 Sext.
1164 2127 1223 2153 12,
1249 2118 1287 2147 ad
1307 2119 1390 2148 Fam.
1414 2119 1481 2156 XI,
1515 2120 1556 2149 16.
1580 2129 1622 2155 17.
1643 2119 1726 2154 XLI,
1751 2129 1814 2157 29„
1841 2118 1953 2157 quibus
1973 2118 2007 2146 in

137 2157 214 2186 locis
234 2156 346 2185 scribit
364 2158 416 2186 uel
435 2159 471 2187 L.
488 2160 651 2199 Lamiam,
684 2164 736 2192 uel
755 2165 910 2193 Lamiam.
948 2165 1101 2194 Asconius
1122 2165 1197 2193 item
1223 2166 1244 2194 l.
1264 2166 1285 2194 l.
1305 2173 1463 2207 nuncupat
1485 2168 1523 2198 L.
1544 2169 1699 2197 Lamiam.
1737 2167 1891 2204 Quoniam
1912 2166 2007 2204 igitur

135 2213 323 2243 praenomen
343 2206 440 2235 Lucii
461 2218 550 2246 saepe
567 2208 641 2238 huic
663 2211 732 2239 uiro
752 2211 918 2248 tribuitur,
952 2218 1150 2251 nuncupetur
1175 2224 1248 2242 sane
1268 2214 1388 2253 integre
1407 2216 1443 2243 L.
1463 2217 1572 2244 Aelius
1592 2216 1718 2243 Lamia.
1755 2215 1798 2242 Et
1817 2214 1941 2252 quidem
1960 2214 2007 2242 fa-

138 2251 206 2280 cilis
224 2252 285 2281 fuit
304 2251 360 2279 illa
379 2255 529 2292 separatio
549 2257 586 2286 L.
605 2258 718 2287 Aelius
735 2269 793 2298 pro
815 2260 951 2289 Laelius·
971 2260 1010 2288 A.
1030 2262 1149 2289 Mnus.
1187 2261 1263 2291 Erat
1282 2262 1390 2290 Aeliae
1410 2262 1510 2300 gentis
1529 2263 1566 2291 L.
1588 2263 1642 2290 ille
1662 2262 1787 2298 Lamia,
1808 2262 1894 2290 cuius
1914 2261 2007 2289 nobi—

136 2298 253 2328 litatem
272 2299 406 2328 familiae
424 2303 615 2340 praedicauit
634 2306 786 2335 Horatius
806 2307 863 2335 III.
885 2307 984 2337 Carm.
1006 2318 1049 2345 17.
1075 2309 1112 2337 ab
1132 2309 1230 2338 Lamo
1251 2309 1391 2348 Neptuni
1412 2310 1476 2338 filio
1498 2309 1660 2339 deducens.
1698 2309 1808 2348 Neque
1829 2320 1903 2337 uero
1924 2309 2006 2337 idem

136 2350 240 2384 potest
257 2347 384 2376 Laelius
404 2350 559 2380 nominari
577 2353 637 2382 XI.
658 2354 696 2382 ad
714 2354 811 2383 Attio.
832 2364 874 2391 7.‚
895 2360 947 2383 aut
965 2356 1028 2393 ibi,
1050 2367 1141 2396 quom
1161 2356 1252 2386 huius
1273 2358 1311 2386 L.
1332 2357 1457 2386 Lamiae
1476 2357 1592 2386 mentio
1614 2357 1820 2392 antecesserit,
1840 2358 1876 2385 L.
1896 2357 2005 2385 Aelius

136 2393 280 2422 similiter
299 2397 472 2434 emendari3
509 2405 556 2430 set
575 2401 654 2429 alius
673 2401 765 2430 homo
787 2406 848 2437 est,
882 2407 917 2429 ut
935 2402 1017 2433 uidit
1035 2404 1203 2441 Ernestus,
1230 2406 1271 2434 D.
1291 2406 1435 2443 Laelius,
1463 2405 1516 2444 qui
1536 2405 1575 2434 L.
1595 2405 1740 2433 Flaccum
1760 2405 1946 2439 accussauit,
1974 2409 2005 2431 ct

138 2439 285 2477 Pompeio
304 2442 403 2472 adfuit
422 2444 455 2473 in
473 2445 556 2476 bello
576 2448 674 2477 ciuili.
713 2448 937 2478 Ganos-urs.

1531 2506 1566 2531 40
1579 2502 1592 2515 '‘
