2185 2720
722 176 747 206 C
766 176 795 205 A
815 176 858 206 P.
896 175 1060 205 XXXIX.
1092 174 1120 215 §.
1149 181 1194 208 94.
1212 192 1250 197 -
1269 176 1341 205 XL.
1369 176 1397 217 §.
1419 184 1464 210 95.
1972 182 2026 208 235

158 255 236 289 nius
257 252 409 298 suppleri
431 257 529 297 putat
549 262 666 295 posse,
713 252 963 284 acclamationis
987 256 1101 295 caput.
1143 251 1253 293 Atqui
1276 250 1422 283 inaudita
1442 252 1630 285 istiusmodi
1653 253 1781 297 ellipsis
1807 260 1865 286 est.
1909 254 2025 296 Itaque

160 315 288 340 temere
309 317 408 350 agere
430 317 508 337 eum
530 304 663 345 iudico,
696 304 754 347 qui
775 316 795 336 a
816 305 951 347 uolgata
971 304 1156 347 scriptura,
1185 316 1270 347 quae
1295 305 1489 337 rectissume
1510 318 1545 338 se
1569 307 1689 346 habet,
1722 306 1878 339 discedat.
1923 307 2024 338 Cete-

160 373 237 394 rum
259 360 357 392 facile
379 359 500 398 etiam,
524 357 616 389 uude
639 363 713 389 orta
733 368 840 401 praua
860 357 961 388 lectio
984 357 1043 397 sit,
1073 356 1225 399 intellegi
1246 358 1336 390 licet.
1379 360 1470 390 Nam
1493 359 1600 401 finge,
1639 359 1674 391 in
1698 359 1830 399 codice,
1867 358 1925 400 qui
1948 358 2024 390 sons

160 415 244 446 Bau.
271 419 304 444 et
325 412 400 444 Erf.
423 410 585 450 extiterit,
607 410 773 453 scriptum
794 408 912 442 fuisse:
937 416 1092 443 extremu
1112 422 1148 443 m
1171 412 1396 454 quoddixisti,
1418 418 1451 443 et
1471 412 1610 452 uidebis,
1634 412 1779 455 procliui
1801 422 1918 443 errore
1940 417 1973 442 et
1988 424 2023 443 m

160 467 198 498 in
221 464 507 509 praepositionem
530 463 568 495 in
594 469 628 495 et
648 463 790 494 alteram
811 464 837 496 d
856 463 1005 496 litteram
1027 463 1139 496 omitti
1160 465 1319 506 potuisse.
1363 465 1613 507 Saepenumero
1634 471 1748 496 autem
1769 465 1916 504 litteras,
1941 475 2024 503 quae

160 518 384 551 cohaerebant
404 517 614 557 arctissmne,
650 516 821 548 distractas
843 528 864 548 a
883 516 1047 557 librariis,
1085 521 1201 548 contra
1229 529 1313 561 quae
1334 529 1404 550 11011
1427 517 1592 549 debebant
1619 518 1794 561 coniungi,
1831 517 2024 549 coniunctas

159 584 249 611 esse,
272 583 325 603 res
348 575 397 601 est
420 570 617 602 notissuma.

242 623 435 668 Explicabo
465 624 576 667 breui)
619 621 734 655 Libris
764 621 918 654 omnibus
948 621 1063 654 inuitis
1091 622 1272 664 legendum
1300 629 1384 666 puto
1414 623 1583 663 breuiter3
1623 635 1826 666 quamquam
1853 620 2023 654 Charisius

158 677 304 720 quodam
325 677 400 708 loco
425 681 538 715 notat,
576 675 674 709 breui
694 675 844 718 positum
875 686 945 707 esse
965 687 1029 718 pro
1052 676 1213 708 breuiter.
1257 677 1315 708 Set
1337 688 1397 719 ego
1420 676 1638 708 librariorum
1663 683 1810 708 erratum
1832 687 1903 707 esse
1932 673 2024 705 arbi-

158 736 253 769 11015
277 736 334 761 aut
354 728 529 760 dicendum
551 728 586 760 iu
605 740 688 760 uoce
710 728 808 760 breui
829 728 1043 771 subintellegi
1067 729 1240 768 oratione,
1270 735 1308 760 ut
1330 736 1411 772 aput
1433 730 1580 762 Graecos
1603 731 1640 762 ἐν
1660 731 1778 774 βραχεῖ
1799 729 1920 760 dicitur
1941 726 2024 758 sub-

158 782 331 814 intellecto
353 778 448 825 26750.
479 783 684 814 LAMBINUS.
729 780 900 813 Charis1us
923 792 957 823 p.
984 782 1053 823 176.
1076 781 1230 813 Putsch.:
1265 781 1387 814 breui
1411 795 1480 826 pro
1508 782 1708 815 breuiter
1737 783 1788 816 M.
1814 781 1954 814 Tullius
1982 779 2024 810 de

159 835 261 867 Orat.
283 835 320 876 (I
324 860 335 873 ,
358 835 402 878 8.)
429 836 476 867 ad
496 835 666 875 Quintum
679 833 854 878 fratrem:
892 846 934 865 ac
956 846 998 866 ne
1014 835 1121 878 plura
1143 834 1296 878 quidem,
1335 847 1422 878 quae
1444 841 1525 867 sunt
1547 835 1817 868 innumerabilia
1841 838 2023 869 consecter,

158 888 430 931 conprehendam
452 888 560 920 breui.
582 887 640 918 ubi
664 886 756 919 codd.
780 886 867 919 nihil
890 886 1029 918 uariant.
1052 884 1066 901 '⁷
1080 887 1178 920 Uides
1205 893 1353 919 erratum
1383 899 1451 919 non
1477 899 1565 925 esse3
1602 887 1686 919 aliut
1706 894 1881 930 praeterea
1903 895 2022 916 exem-

157 940 254 983 plum
276 940 451 986 rarissumi
472 941 572 972 huius
595 952 692 980 usus,
721 939 762 971 de
785 951 850 981 quo
877 939 964 971 nihil
987 939 1114 971 Indices
1139 940 1274 972 Ernesti
1300 946 1331 972 et
1348 941 1485 972 Schutzi
1508 941 1640 980 dicunt,
1669 941 1790 972 adtulit
1813 938 2022 972 Forcellinus

159 1005 203 1024 ex
225 992 333 1035 Epist.
356 994 396 1025 ad
419 993 500 1026 Diu.
525 994 591 1032 III,
622 993 672 1025 8..
707 993 909 1024 ORELLIUS.
952 992 1109 1024 Minume
1129 1004 1225 1024 rarus
1247 993 1302 1024 hic
1320 1005 1399 1025 usus
1422 993 1576 1025 dicendus
1603 1000 1683 1026 erat.
1727 993 1797 1027 Cfr.
1820 993 1861 1024 de
1883 992 1960 1024 Pin.
1982 991 2022 1022 Β.

158 1053 191 1078 et
212 1046 261 1079 M.
286 1047 320 1086 I,
346 1058 400 1085 17,
423 1047 475 1078 54.
501 1046 676 1090 explicabo
699 1045 806 1078 breui.
835 1056 896 1087 pro
919 1044 964 1077 A.
990 1045 1131 1076 Caecina
1155 1046 1193 1077 C.
1215 1046 1369 1078 XXXII.
1395 1047 1425 1088 ἕ.
1449 1046 1500 1089 94.
1524 1059 1729 1090 percurram
1751 1047 1858 1079 breui.
1885 1045 1925 1076 de
1945 1043 2021 1075 Inu-

156 1100 190 1139 I,
209 1110 244 1141 9,
271 1109 320 1130 12.
352 1099 667 1143 reprehendendum
689 1099 848 1136 uidetur,
883 1110 1005 1130 uerum
1026 1099 1134 1131 breui.
1157 1098 1198 1130 de
1222 1099 1284 1131 Or.
1306 1099 1340 1137 Ι,
1371 1099 1431 1138 42,
1468 1110 1536 1142 190.
1567 1112 1658 1132 nunc
1679 1100 1893 1143 conplectar,
1932 1097 2023 1141 quod

153 1153 333 1197 proposui,
356 1151 462 1184 breui.
505 1151 588 1183 Ibid.
614 1152 651 1184 C.
674 1151 806 1184 XLVI.
831 1150 861 1192 §.
886 1150 957 1182 205.
981 1165 1004 1184 a
1025 1164 1078 1184 me
1095 1164 1195 1196 posse
1217 1152 1341 1195 exponi
1363 1157 1434 1184 tam
1455 1152 1562 1185 breui.
1605 1152 1702 1184 Adde
1725 1151 1766 1183 ad
1788 1153 1940 1184 Hercun.
1957 1150 2021 1188 IV,

155 1206 214 1244 26,
237 1205 289 1236 55.
309 1205 474 1249 proponit
498 1205 581 1237 item
602 1204 716 1244 breui,
740 1205 826 1248 quid
847 1210 1020 1248 sequatur.
1064 1204 1150 1236 Ibid.
1175 1206 1212 1236 C.
1234 1205 1392 1236 XXXV.
1417 1206 1447 1247 §.
1469 1206 1522 1246 457.
1545 1206 1789 1249 conprehendit
1811 1206 1901 1237 enim
1925 1202 2021 1235 breui

155 1258 278 1291 multa.
323 1258 417 1300 Quin
440 1258 519 1289 adeo
545 1257 718 1290 nonnullis
740 1257 777 1288 in
799 1257 880 1289 locis
902 1269 945 1289 ne
967 1257 1080 1301 potuit
1102 1257 1236 1300 quidem
1264 1258 1415 1291 breuiter
1443 1257 1555 1289 scribi.
1599 1260 1689 1291 Nam
1719 1265 1768 1290 est
1795 1256 1924 1300 aliquid
1954 1256 2022 1287 dis-

156 1310 306 1343 criminis
327 1310 418 1342 inter
440 1311 538 1344 breui
559 1317 593 1342 et
615 1310 776 1343 breuiter.

241 1363 346 1404 Quod
363 1365 478 1397 minus
492 1363 744 1408 peruagatum)
788 1362 1019 1395 Referendum
1044 1363 1109 1395 hoc
1130 1363 1170 1395 ad
1191 1363 1343 1407 primum
1366 1363 1449 1395 exili
1471 1370 1624 1407 tempus,
1664 1376 1732 1407 quo
1754 1363 1868 1396 Planci
1890 1361 2019 1394 auxilio

155 1428 317 1448 maxume
338 1416 472 1448 adiutus
496 1423 560 1456 est,
584 1418 624 1449 ab
648 1416 804 1448 omnibus
826 1416 900 1448 aliis
926 1417 1085 1448 desertus.

240 1470 299 1502 Ex
321 1470 383 1502 illo
406 1470 563 1502 incendio
586 1471 713 1514 legum,
737 1470 838 1510 iuris,
860 1476 1012 1509 senatus,
1035 1470 1199 1503 bonorum
1222 1471 1385 1512 omnium)
1416 1470 1521 1502 Recte
1544 1469 1681 1512 quidem
1704 1476 1737 1500 et
1757 1469 1899 1512 proprio
1920 1477 2020 1499 sensu

155 1523 245 1565 leges
265 1522 331 1553 diei
352 1528 494 1565 possunt
514 1523 664 1561 incendi,
694 1528 732 1554 ut
752 1522 787 1554 in
810 1523 876 1555 Pis.
903 1524 941 1555 C.
964 1524 1044 1556 VII.
1069 1525 1098 1566 ς.
1126 1525 1174 1556 15.
1202 1522 1324 1556 Uoluit
1345 1523 1405 1556 ille
1426 1542 1468 1548 —
1490 1524 1583 1567 leges
1606 1523 1805 1561 incendere,
1836 1534 1898 1555 uos
1919 1521 2021 1554 ahro-

155 1576 288 1619 gustis,
313 1581 347 1606 et
367 1574 404 1606 in
427 1576 500 1607 Cat.
522 1576 588 1615 III,
613 1575 648 1613 8,
676 1586 724 1617 19.
747 1576 864 1620 legum
885 1589 968 1609 aera
990 1577 1198 1621 liquefacta3
1220 1583 1270 1609 set
1287 1588 1356 1608 11011
1378 1577 1460 1608 item
1481 1577 1548 1615 ius,
1573 1582 1723 1615 senatus,
1748 1581 1782 1607 et
1803 1575 1884 1607 boni
1905 1572 2020 1606 homi-

155 1639 226 1660 nes.
270 1629 387 1670 Itaque
409 1629 639 1672 metaphorice
662 1639 752 1659 nunc
774 1628 899 1660 dictum
926 1630 1123 1663 incendium
1144 1629 1380 1674 putandumst,
1417 1629 1463 1661 ita
1486 1635 1525 1661 ut
1546 1630 1632 1662 exiti
1658 1627 1935 1671 significationem
1957 1626 2020 1658 ha-

155 1681 242 1713 beat.
286 1681 341 1712 Sic
368 1681 486 1713 Cicero
510 1682 552 1713 II.
575 1681 611 1713 in
635 1682 736 1714 Uerr.
759 1680 826 1719 III,
852 1681 907 1721 26,
931 1682 981 1714 66.
1005 1683 1170 1722 Cernitis,
1201 1685 1350 1722 iudices,
1381 1683 1472 1727 quod
1493 1688 1526 1714 et
1548 1687 1716 1726 quantum
1737 1681 1934 1714 incendium
1960 1679 2019 1711 de-

156 1746 379 1768 cumanorum
408 1735 528 1778 inpetu
555 1747 623 1773 non
648 1735 759 1767 solum
786 1746 849 1777 per
871 1746 996 1778 agros,
1034 1742 1085 1770 set
1107 1738 1212 1769 etiam
1227 1749 1294 1780 per
1317 1737 1469 1780 reliquas
1485 1735 1653 1780 fortunas
1675 1740 1874 1772 aratorum,
1910 1744 2018 1776 neque

155 1788 267 1820 solum
281 1799 348 1830 per
370 1787 474 1826 bona,
509 1793 560 1820 set
584 1788 689 1820 etiam
704 1799 771 1831 per
792 1789 872 1820 iura
893 1789 1065 1823 libertatis
1087 1797 1120 1823 et
1146 1791 1302 1822 ciuitatis
1332 1790 1397 1821 isto
1418 1794 1582 1833 praetore
1604 1788 1815 1831 peruaserit.
1857 1786 1952 1818 Idem
1970 1786 2017 1817 X.

153 1840 243 1872 Phil.
267 1851 322 1878 10,
348 1849 399 1870 21.
429 1840 656 1873 Concurritur
687 1841 839 1884 undique
865 1842 912 1873 ad
933 1854 1096 1876 conrnune
1124 1843 1320 1875 incendium
1342 1843 1636 1886 restinguendum.
1669 1841 1729 1872 ubi
1750 1840 1856 1872 uerbo
1881 1840 2018 1872 incendi

152 1891 382 1936 perniciosum
404 1892 547 1933 bellum,
581 1893 672 1936 quod
693 1893 866 1926 Antonius
890 1894 1018 1927 ciuibus
1038 1896 1201 1929 Romanis
1227 1895 1352 1927 inferre
1374 1896 1574 1933 conabatur,
1597 1893 1812 1936 significatur.

239 1945 377 1979 Ardore
402 1946 477 1987 suo)
522 1946 653 1978 Rarum
675 1952 738 1985 est,
774 1945 821 1977 sic
842 1957 907 1988 pro
930 1947 1086 1980 incendio
1114 1948 1190 1980 dici.
1235 1949 1293 1980 Set
1318 1954 1431 1980 tamen
1453 1954 1486 1979 et
1506 1946 1588 1979 alibi
1608 1947 1654 1978 sic
1681 1947 1822 1987 Cicero,
1853 1945 2016 1980 Academ.

155 2000 225 2039 IV,
247 1999 318 2040 57„
344 1998 402 2029 ubi
424 2000 593 2032 mundum
615 2000 918 2046 conflagraturum
938 2002 1063 2034 ardore
1087 2001 1179 2033 dicit.
1223 2002 1450 2033 ERNESTIUS.

234 2052 394 2084 Siciliam
410 2053 528 2096 petiui
549 2054 679 2098 animo)
722 2054 817 2085 Ibam
838 2053 875 2084 in
898 2053 1064 2093 Siciliam,
1097 2054 1180 2095 iter,
1216 2054 1303 2097 quod
1335 2065 1374 2085 eo
1397 2053 1549 2092 ducebat,
1573 2053 1742 2096 ingressus
1765 2063 1859 2091 sum,
1896 2063 2017 2083 uerum

152 2116 172 2136 a
196 2105 234 2136 C.
257 2104 411 2147 Uergilio
433 2106 626 2149 prohibitus
648 2117 667 2137 a
689 2106 834 2146 Uibone,
857 2106 945 2138 unde
966 2107 1003 2139 in
1025 2107 1173 2139 Siciliam
1200 2108 1341 2139 traicere
1363 2106 1555 2149 cogitaram,
1578 2112 1665 2138 terra
1687 2105 1926 2145 Brundusium,
1951 2116 2017 2147 quo

151 2164 249 2190 antea
270 2169 340 2189 non
360 2157 589 2199 intenderam,
613 2165 730 2202 petere
752 2159 859 2202 coepi.
896 2160 1155 2193 GARATONIUS.

235 2211 335 2243 Sicut
369 2210 490 2244 domu-s
526 2213 618 2255 una)
680 2213 824 2256 Propter
858 2220 1072 2256 quaesturam
1105 2213 1238 2256 egregie
1273 2219 1400 2257 gestam
1436 2218 1469 2245 et
1505 2212 1706 2245 beneficium
1743 2210 1859 2245 Uerris
1901 2221 2016 2242 accus-

150 2264 222 2297 sati.
265 2264 480 2296 MANuTms.

232 2316 270 2350 A
285 2316 320 2349 C.
342 2316 511 2360 Uirgilio)
555 2318 742 2351 Lambinus
770 2319 821 2361 [in
841 2331 888 2351 m.
914 2320 1005 2352 1584.
1029 2331 1098 2351 11011
1124 2319 1230 2360 1566.]
1264 2318 1429 2362 Uirginio
1454 2325 1570 2350 contra
1590 2318 1694 2350 libros
1717 2317 1821 2349 editos
1844 2317 1935 2360 typis
1960 2328 2017 2347 ca-

150 2368 312 2411 lamisque
334 2370 490 2412 scriptos.
528 2371 747 2403 GRUTERUS.
791 2373 983 2416 Deceptum
1005 2384 1024 2403 a
1046 2372 1227 2404 Plutarcho
1250 2372 1456 2404 Lambiuum
1478 2371 1583 2403 fuisse
1604 2371 1768 2409 arbitror,
1805 2371 1863 2413 qui
1888 2370 1923 2402 in
1944 2371 2014 2402 Cic.

150 2433 177 2452 c·
201 2421 253 2452 52·
275 2421 375 2454 habet
400 2421 505 2461 Γάὶῦς
529 2423 731 2468 Οὑεργῖνος,
768 2431 819 2456 set
846 2425 1025 2457 mendose:
1063 2437 1141 2456 nam
1164 2424 1211 2456 ibi
1233 2436 1303 2456 non
1325 2425 1427 2456 modo
1458 2436 1502 2456 ex
1525 2424 1658 2464 Tullio,
1698 2435 1820 2455 uerum
1848 2424 1949 2455 etiam
1972 2434 2015 2454 ex

149 2485 217 2505 uno
239 2472 343 2515 ipsius
366 2477 480 2509 codice
507 2478 719 2510 scribendum
749 2483 798 2510 est
822 2475 1026 2521 Οὐεργίλιος.
1071 2479 1153 2510 Bau.
1179 2478 1224 2519 [et
1247 2476 1337 2518 Erf.]
1361 2477 1397 2510 C.
1426 2478 1604 2521 Uergilio,
1644 2488 1744 2519 quam
1772 2475 1938 2508 scribendi
1960 2487 2016 2507 ra-

1543 2532 1602 2561 42‘
