2185 2720
741 165 766 195 c
785 164 815 194 A
834 166 876 196 P.
914 164 1005 194 XLI.
1031 162 1060 204 §.
1087 168 1132 197 98.
1167 180 1206 187 —
1230 164 1337 195 XLII.
1365 163 1392 204 §.
1418 171 1482 197 101.
1996 176 2049 202 24³

253 242 396 286 Easque
418 241 588 281 insidias,
622 254 709 286 quas
728 258 771 266 —
791 240 977 280 audierat,
1001 240 1118 273 animo
1140 240 1360 272 amicis-sumo
1380 241 1574 283 detulisset)
1618 242 1700 275 Bau.
1734 243 1780 285 [et
1802 242 1889 286 E1·f.]
1921 246 1968 278 acl
1996 258 2049 278 me

171 295 310 335 animo;
344 295 445 327 iterat
466 294 632 326 nimirum
654 296 704 327 ad
726 307 797 334 me,
824 306 903 326 cum
920 293 1018 326 initio
1041 293 1108 325 iam
1131 293 1189 332 sit,
1230 306 1308 326 cum
1330 294 1377 326 ad
1398 307 1451 326 me
1473 296 1518 327 L.
1545 296 1690 329 Tnbew.
1733 296 1833 328 Nihil
1856 308 1926 328 esse
1951 309 2048 341 opus,

170 360 287 380 omnes
309 348 524 391 intellegunt.
569 348 740 380 Distantia
763 353 876 380 tamen
905 353 1070 380 excussat.
1102 347 1363 379 GARATONIUS.
1407 349 1488 379 Non
1510 349 1667 380 meminit
1691 349 1745 380 uir
1767 349 1900 388 docum,
1932 351 2048 392 priora

170 401 276 432 uerba
298 402 346 434 ad
366 415 420 435 me
441 401 481 433 ad
505 401 650 433 uerbum
673 401 825 434 uenisset
846 401 1035 444 pertinere,
1060 400 1110 431 ita
1128 405 1167 431 ut
1188 399 1263 431 iure
1287 400 1327 431 ad
1349 400 1494 432 uerbum
1514 403 1695 434 detulisset
1719 403 1837 434 eadem
1861 403 1966 434 uerba
1989 404 2049 435 de-

169 464 238 485 nuo
261 453 414 497 adposita
434 455 544 487 uideri
567 454 717 486 debeant.
761 455 852 487 Nam
876 453 998 486 dicitur
1021 453 1148 496 ubique
1172 452 1309 496 deferre
1331 454 1470 497 aliquid
1494 456 1541 486 acl
1560 456 1712 499 aliquem
1734 456 1791 487 uel
1816 456 1936 488 alicui.
1979 457 2050 488 Ita-

170 517 237 548 que
258 506 395 539 iteratio
419 508 582 550 legituma
603 514 710 548 certe,
739 519 810 539 non
832 507 1008 540 distantiae
1028 518 1142 539 caussa
1164 505 1251 538 facta
1272 506 1368 539 debet
1392 506 1467 539 dici.
1512 507 1745 540 Nihilominus
1768 520 1838 541 non
1861 521 1965 552 nego,
1996 521 2050 542 se-

169 560 278 592 cundo
300 560 376 593 loco
398 561 492 593 salua
512 561 680 593 sententia
701 560 813 593 omitti
836 561 895 592 illa
916 561 1022 592 uerba
1042 561 1211 604 potuisse,
1244 571 1321 591 cum
1344 560 1443 592 facile
1472 561 1514 592 ad
1537 562 1719 593 detulisset
1744 563 1919 605 cogitando
1942 563 2050 606 repeti

167 612 310 655 possint.
355 614 414 646 Set
442 626 521 646 cum
547 627 617 647 non
647 614 762 646 omnia
790 614 936 646 insiticia
964 613 1144 646 iudicanda
1166 614 1254 653 sint,
1294 625 1378 656 quae
1399 615 1549 657 potuisse
1572 614 1680 646 omitti
1702 615 1947 657 intellegimus,
1986 616 2052 647 hoc

168 671 283 697 autem
305 666 381 699 loco
402 669 626 712 praecedente
647 668 753 700 uerbo
770 669 935 701 audierat
953 666 1240 710 praepositionem
1262 668 1311 698 acl
1324 667 1442 698 librari
1465 679 1582 698 errore
1605 668 1763 699 excidere
1786 668 1883 700 facile
1901 670 2050 712 potuisse

169 725 347 762 appareat,
371 727 593 764 optumorum
615 721 722 753 malui
744 720 901 753 codicum
924 732 1026 764 quam
1050 719 1257 752 deteriorum
1279 719 1511 753 auctoritatem
1538 721 1644 763 sequi.
1691 721 1761 753 Cfr.
1785 722 1917 764 Proleg.
1942 723 1984 754 L.
2008 722 2051 757 ΙῘ.

170 772 209 803 C.
233 772 260 803 I.
286 773 316 813 §.
341 772 371 804 8.
395 786 429 817 p.
453 776 521 807 XL
545 787 614 817 sq..

254 824 299 857 In
320 825 448 859 Asiam
477 840 530 860 me
553 829 605 860 ire
624 833 768 872 propter
791 827 865 859 eius
880 825 1089 870 prouinciae
1110 838 1243 858 mecum
1265 832 1298 859 et
1324 839 1402 859 cum
1424 839 1496 859 meo
1519 825 1643 870 fratre
1665 829 1951 862 necessitudinem
1975 842 2054 862 eon-

164 883 372 921 parantem,
407 893 476 913 non
498 887 549 913 est
566 881 706 925 passas)
750 881 936 922 Perperam
963 878 1029 909 hoc
1051 879 1088 910 in
1110 879 1184 911 loco
1212 879 1333 912 offensi
1356 880 1494 923 quidam
1522 880 1588 912 uiri
1612 880 1703 912 docti
1726 888 1815 913 sunt.
1861 883 1965 914 Recte
1987 883 2056 914 Er-

168 929 297 962 nestius
321 944 512 976 conparare
536 945 614 965 cum
635 932 805 964 infinitiuo
829 932 949 963 eodem
971 930 1072 962 modo
1097 943 1164 974 quo
1182 945 1316 976 parare
1337 944 1595 975 nonnumquam
1619 934 1779 978 coniungi
1800 936 1946 975 monuit,
1972 947 2056 967 con-

167 981 322 1026 ferrique
350 984 387 1016 in
418 997 491 1017 eam
520 997 594 1017 rem
617 986 854 1017 Burmannum
883 984 923 1016 ad
946 984 1051 1016 Ouid.
1076 984 1102 1015 Ι.
1136 986 1274 1017 Metam.
1300 987 1372 1018 225.
1398 986 1602 1018 Garatonius
1628 987 1734 1020 iussit.
1780 991 1854 1022 Nec
1879 989 2056 1033 probanda

170 1037 242 1068 ullo
266 1043 364 1080 pacto
390 1038 531 1070 Cot-radi
554 1038 768 1074 correcfiost,
803 1038 862 1081 qui
884 1049 919 1081 p.
946 1036 1016 1069 164.
1040 1037 1132 1068 hunc
1153 1038 1268 1071 locum
1290 1039 1336 1071 ita
1359 1040 1524 1083 scriptum
1547 1040 1682 1073 adtulit:
1708 1042 1744 1074 in
1766 1042 1892 1075 Asiam
1914 1055 1967 1075 me
1992 1043 2054 1082 ire,

163 1095 312 1133 propter
345 1090 421 1123 eius
446 1092 651 1135 prouinciae
680 1104 813 1124 mecum
843 1096 877 1124 et
906 1103 983 1123 cum
1011 1102 1084 1122 meo
1110 1090 1235 1134 fratre
1265 1094 1570 1134 necessitudinem,
1609 1107 1676 1127 non
1706 1102 1756 1128 est
1779 1109 1920 1141 passus,
1964 1097 2055 1128 Nam

169 1143 294 1178 omisso
324 1144 430 1175 uerbo
454 1151 702 1189 conparantem
725 1145 844 1176 Cicero
869 1156 1036 1183 caussam,
1073 1144 1116 1175 ob
1141 1157 1241 1187 quam
1264 1158 1299 1178 se
1321 1146 1477 1178 Plancius
1500 1147 1537 1178 in
1560 1147 1679 1179 Asiam
1705 1149 1755 1180 ire
1777 1161 1846 1181 non
1870 1155 1957 1181 esset
1976 1161 2057 1192 pas—

166 1208 234 1236 sus,
257 1195 294 1227 in
316 1197 515 1239 prouinciae
536 1209 652 1230 secum
674 1204 709 1230 et
730 1210 807 1230 cum
831 1198 936 1230 fratre
958 1209 1019 1228 suo
1042 1199 1290 1231 necessitudine
1312 1200 1458 1243 positam
1481 1200 1585 1232 fuisse
1598 1201 1810 1244 significaret.
1856 1202 1963 1245 Atqui
1986 1215 2056 1234 non

169 1248 266 1280 illam
295 1249 338 1280 ob
362 1260 512 1282 caussam
541 1251 703 1283 deductus
734 1263 754 1283 a
776 1251 913 1283 Plancio
937 1251 1108 1291 ciem-ost,
1142 1253 1323 1294 quominus
1345 1254 1381 1285 in
1404 1254 1524 1286 Asiam
1546 1254 1629 1294 iret,
1663 1261 1714 1287 set
1737 1256 1825 1298 quod
1848 1256 1895 1287 ibi
1918 1256 2056 1289 insidias

170 1301 202 1332 ei
224 1302 265 1333 ab
289 1302 449 1335 exulibus
473 1303 655 1336 coniuratis
678 1311 809 1347 paratas
832 1304 972 1336 Tubero
1001 1304 1183 1337 nuntiarat.
1228 1307 1345 1349 Itaque
1375 1307 1417 1338 ad
1440 1308 1625 1339 sententiae
1655 1308 1885 1351 integritatem
1914 1322 2055 1353 prorsus

169 1355 396 1387 necessarium
419 1356 566 1388 uerbum
589 1365 835 1402 conpar-antem
856 1364 923 1397 est,
944 1357 993 1389 ita
1014 1363 1051 1389 ut
1073 1358 1160 1390 dicat
1183 1359 1317 1401 Cicero,
1341 1360 1517 1392 Plancium
1540 1373 1575 1393 se
1597 1361 1633 1392 in
1656 1362 1775 1394 Asiam
1796 1370 1937 1406 propter
1960 1364 2054 1395 illam

168 1408 452 1441 necessitudinem
479 1408 532 1440 ire
557 1418 817 1454 ccupat-antem,
851 1423 923 1444 non
955 1422 1027 1443 esse
1057 1422 1194 1454 passum
1215 1413 1278 1445 ire.
1324 1414 1560 1458 Supplendum
1582 1416 1817 1447 tantummodo
1848 1416 1888 1448 ad
1911 1417 2055 1449 uerbum

167 1475 236 1495 non
254 1468 310 1506 ⁴esi?
323 1475 453 1507 passus
476 1463 620 1495 uerbum
642 1465 703 1498 ire.

262 1515 309 1548 Ui
331 1529 403 1554 me,
433 1516 472 1548 ui
493 1528 565 1555 me,
598 1517 759 1561 inquam,
787 1518 959 1551 Plancius
982 1522 1015 1550 et
1037 1519 1205 1562 conplexa
1228 1532 1289 1552 suo
1312 1520 1472 1563 retinuit)
1519 1521 1671 1564 Optume
1692 1521 1823 1564 primus
1847 1523 1989 1562 Franci,
2019 1529 2057 1556 ut

168 1580 312 1611 sequens
340 1569 485 1612 inquam
507 1569 663 1610 declarat,
688 1571 747 1603 has
770 1583 869 1604 uoces
892 1571 1038 1614 repetiit,
1062 1573 1101 1604 za·
1122 1585 1193 1612 me,
1219 1573 1258 1605 ui
1280 1585 1352 1612 me,
1375 1573 1529 1617 inquam.
1553 1575 1761 1606 Gmmxms.
1808 1575 1911 1617 Quod
1932 1576 2056 1619 probat

168 1634 236 1654 uno
267 1633 311 1653 ex
334 1622 412 1653 Mso
437 1622 625 1663 Graeuius,
658 1624 699 1655 ab
730 1624 965 1663 emendatore,
995 1624 1089 1656 cuius
1119 1625 1236 1657 eadem
1259 1625 1424 1657 sententia
1449 1634 1547 1666 esset,
1579 1627 1773 1670 profectum
1795 1630 1951 1661 arbitror.
1995 1629 2058 1662 Est

169 1675 261 1708 enim
284 1675 324 1707 ui
345 1686 420 1714 me,
460 1675 604 1719 inquam
625 1677 811 1719 superioris
835 1677 914 1709 dicti
936 1689 1004 1709 non
1027 1683 1078 1709 est
1093 1690 1223 1722 passus
1253 1679 1453 1710 enucleatio.
1499 1680 1631 1712 Similia
1655 1693 1716 1713 nos
1739 1682 1872 1714 abunde
1895 1682 1975 1713 alibi
1998 1682 2057 1713 de·-

166 1727 444 1760 monstrauimus.
478 1729 741 1762 GARAToNlUs.
787 1732 876 1763 Cum
898 1742 967 1762 non
992 1741 1078 1762 unus
1103 1732 1225 1763 Franci
1249 1733 1351 1771 liber,
1385 1744 1507 1765 uerum
1527 1734 1585 1765 alii
1608 1734 1711 1766 etiam
1733 1747 1803 1767 non
1826 1736 1908 1767 mali
1931 1736 1970 1767 ui
1992 1748 2056 1773 me,

167 1782 206 1815 ui
227 1793 281 1814 me
303 1780 471 1821 scribant,
511 1793 549 1813 ac
572 1784 708 1826 uolgata
729 1784 897 1827 scriptura
923 1782 1097 1815 facillumo
1128 1784 1348 1816 librariorum
1374 1796 1488 1817 errore
1519 1787 1603 1818 oriri
1625 1789 1792 1830 potuerit,
1831 1801 2056 1831 magnamque

166 1833 324 1878 repetitio
348 1833 407 1865 illa
429 1835 574 1867 orationi
597 1837 669 1868 uim
692 1837 810 1877 addat,
846 1836 1005 1879 equidem
1030 1837 1158 1868 Graeui
1187 1838 1313 1870 iudicio
1336 1839 1523 1871 necessario
1547 1841 1771 1875 accedendum
1793 1842 1924 1887 putaui.
1969 1842 2057 1875 Uide

164 1888 268 1920 etiam
289 1898 375 1930 quae
397 1886 531 1932 Proleg.
553 1890 596 1921 L.
620 1890 664 1921 ΙΙ.
691 1890 730 1922 C.
753 1891 780 1922 I.
804 1891 835 1933 §.
859 1891 890 1923 5.
912 1901 946 1933 p.
969 1890 1109 1924 XXXI.
1141 1890 1226 1923 dixi.

937 1962 968 1996 C
994 1960 1027 1996 A
1051 1963 1099 1997 P.
1163 1963 1283 1998 XLII.

252 2022 283 2065 §.
311 2033 386 2054 101.
432 2023 473 2055 Si
500 2024 641 2068 quidem
668 2038 732 2070 ego
764 2026 829 2059 tibi
852 2026 958 2058 uiuus
980 2037 1048 2057 non
1068 2038 1232 2070 prosum,
1267 2028 1328 2071 qui
1341 2027 1500 2072 fortasse
1522 2036 1681 2062 mortuus
1701 2029 1929 2075 proficissem)
1973 2032 2055 2064 La-

167 2075 369 2108 crimosis
393 2075 671 2112 lemmatibus
705 2080 786 2112 iam
808 2084 1002 2123 perorat,
1041 2079 1237 2111 adfectus
1260 2080 1392 2112 animi
1421 2081 1488 2113 sui
1510 2094 1602 2114 cum
1624 2084 1746 2116 uaria
1774 2084 2054 2117 miseratione

163 2130 430 2173 promens¹),
464 2136 510 2162 ut
531 2137 697 2165 tantum
722 2132 884 2165 auxilii
912 2143 1010 2164 reus
1033 2131 1211 2173 habeat,
1246 2140 1452 2176 quantum
1475 2147 1548 2166 suo
1573 2135 1718 2169 dolori
1746 2144 1959 2181 patronus
1982 2139 2054 2170 ad—

166 2181 337 2216 iecerit.
382 2183 546 2216 SCHOLIA
567 2186 831 2219 AMBROSIANA.

245 2236 306 2269 Me
327 2251 370 2259 —-
389 2244 611 2282 praesentem
634 2239 699 2272 tibi
717 2241 859 2285 gratias
883 2238 1092 2280 relaturum)
1136 2238 1192 2270 Sic
1214 2245 1306 2270 recte
1329 2238 1496 2271 Graeuius
1519 2240 1686 2283 probante
1710 2244 1860 2275 Grutero
1885 2245 2054 2278 tollendae

164 2288 390 2332 ambiguitatis
414 2301 531 2322 caussa
554 2303 598 2324 ex
620 2293 817 2326 auctoritate
840 2292 911 2325 cod.
935 2291 1026 2332 ΕΓΒ,
1052 2304 1200 2334 quocum
1223 2291 1301 2323 facit
1322 2293 1423 2328 Bau.‚
1447 2292 1600 2335 scripsit,
1636 2296 1754 2328 ceteris
1778 2296 1873 2328 libris
1894 2299 2051 2341 gratiam

165 2341 420 2382 exhibentibus,
451 2355 536 2386 quae
558 2345 728 2389 scriptura
752 2346 932 2379 manifesto
955 2345 996 2378 ab
1019 2345 1060 2377 iis
1084 2351 1208 2385 ortast,
1239 2345 1361 2388 quibus
1383 2345 1512 2387 pariter
1535 2352 1636 2389 atque
1659 2349 1862 2391 Gai-aconio,
1893 2352 1952 2394 qui
1975 2353 2053 2384 uol-

243 2432 274 2468 1)
295 2433 346 2460 Sic
366 2444 435 2462 cum
455 2435 614 2474 Maduigio
636 2436 749 2476 scripsi
768 2448 827 2476 pro
843 2441 1001 2479 proluens,
1022 2438 1103 2477 quod
1124 2438 1156 2466 in
1178 2442 1244 2467 cod.
1266 2443 1330 2475 est;
1350 2438 1388 2467 de
1409 2438 1568 2477 prioribus
1589 2440 1662 2470 uide
1682 2441 1720 2469 A.
1742 2442 1919 2481 Peyronum
1940 2443 1970 2471 in
1994 2443 2049 2472 Ci-

163 2479 286 2508 ceronis
307 2479 380 2509 Orr.
399 2483 539 2521 sragmm.
559 2494 590 2523 p.
610 2485 692 2514 236..

1568 2528 1630 2558 4'3*
