2185 2720
883 123 908 151 c
928 122 957 151 A
977 123 1017 152 P.
1055 121 1202 152 xxxn.
1229 122 1258 164 ς.
1285 127 1332 157 τε.
1993 131 2050 159 197

167 214 246 234 eum
268 199 466 233 constabant
487 198 628 240 merita,
667 197 798 231 animos
820 198 1044 231 uehementer
1068 198 1205 230 deberet
1227 198 1413 230 offendere.
1459 198 1552 231 Tum
1575 199 1666 231 enim
1688 199 1841 243 primum
1863 201 2053 234 necessario

166 255 273 287 uerba
293 252 562 298 magistratibus
589 258 622 284 et
637 251 978 296 promagistratibus
1008 251 1129 294 copula
1151 251 1313 294 coniungi
1342 251 1529 293 debebant,
1567 264 1629 284 nec
1660 253 1718 285 cui
1740 258 1881 284 senatus
1912 260 1974 285 etc.
2003 261 2055 286 set

166 308 291 352 quibus
313 311 455 340 senatus
478 305 580 337 scribi
603 304 757 336 debebat.
802 304 914 346 Atqui
936 315 998 335 nec
1019 303 1154 347 scripsit
1181 304 1229 336 ita
1253 305 1373 337 Cicero
1396 316 1458 336 nec
1480 305 1594 348 potuit
1616 305 1663 338 sic
1685 305 1851 344 scribere,
1885 305 2055 348 siquidem

166 361 320 404 prifflum
343 371 386 391 ex
409 358 551 401 reliquis
575 357 677 399 locis,
713 357 750 389 in
774 357 896 399 quibus
919 364 1053 390 senatus
1082 358 1227 389 consulti
1254 357 1346 390 illius
1368 357 1499 389 mentio
1525 357 1582 397 fit,
1621 358 1668 390 eis
1691 365 1824 391 tantum
1847 357 2055 399 hominibus,

168 413 228 456 qui
249 419 349 445 extra
371 412 518 443 Romam
541 417 655 451 erant,
697 416 785 442 actas
807 410 931 452 gratias
959 422 1024 454 pro
1047 409 1183 442 defensa
1206 410 1303 442 Tulli
1331 410 1439 442 salute
1469 422 1541 442 esse
1571 417 1729 454 apparet,
1769 410 1893 443 deinde
1915 422 2056 453 prorsus

168 466 430 510 inprobabilest,
462 464 499 494 in
522 475 562 496 eo
581 469 716 496 senatus
740 463 914 503 consulto,
947 462 1040 506 quod
1063 463 1189 495 exteris
1214 463 1369 506 gentibus
1392 463 1559 507 scriptum
1583 470 1672 504 erat,
1706 464 1966 507 magistratuum
1994 476 2057 496 ur-

168 519 336 551 banorum
358 517 394 549 in
418 517 620 549 Ciceronem
641 515 764 547 merita
786 515 981 559 praedicata
1004 528 1085 549 esse.
1132 516 1299 549 Omnium
1321 522 1434 549 autem
1456 517 1628 557 minume,
1657 516 1685 548 si
1709 523 1795 549 esset
1817 517 1964 558 sactum,
1988 524 2057 550 sta-

169 572 220 604 tui
242 576 370 615 potest,
406 570 610 602 Ciceronem
638 569 722 601 adeo
746 568 920 611 ingratum
949 569 985 601 in
1008 570 1155 602 urbanos
1180 570 1259 601 illos
1282 569 1497 612 magistratus
1528 582 1564 602 se
1588 575 1840 614 praestaturum
1863 569 1984 611 fuisse,
2018 577 2058 602 ut

169 623 334 668 depressis
358 634 477 654 eorum
506 623 543 654 in
572 635 608 655 se
630 622 761 655 meritis
785 633 893 653 unum
917 622 1093 655 Plancium
1116 635 1212 655 suam
1235 621 1424 653 defendisse
1446 623 1591 655 salutem
1614 623 1843 655 contenderet.
1887 624 1964 655 Hoc
1991 623 2057 666 igi-

169 682 225 709 tur
248 687 325 707 cum
349 676 586 708 certissumum
609 676 670 715 sit,
700 675 774 708 siue
796 674 963 706 addantur
987 686 1071 717 quae
1094 675 1177 707 eieci
1200 676 1305 707 uerba
1326 675 1399 708 siue
1421 676 1643 715 omittantur,
1672 676 1779 708 uerba
1801 677 1842 709 cle
1864 678 2058 720 magistra-

169 729 261 761 tibus
284 728 326 759 de
349 729 617 771 prouincialibus
640 728 764 760 debere
785 727 908 770 accipi,
934 739 1000 770 quo
1023 739 1123 759 sensu
1145 740 1243 772 saepe
1258 740 1385 760 nomen
1398 729 1633 772 magistratus
1653 735 1855 772 usurpatum
1881 741 1953 761 esse
1976 741 2058 762 con-

169 788 253 820 stat,
277 781 376 814 facile
399 788 558 825 apparet,
582 782 688 814 uerba
709 786 773 814 aut
789 781 1128 826 promagistratibus
1152 781 1200 813 ita
1221 787 1354 813 tantum
1377 781 1523 823 genuina
1546 793 1617 813 esse
1641 780 1779 813 defendi
1801 793 1918 825 posse,
1952 789 1992 814 ut
2014 782 2057 814 ad

171 835 375 874 uerborum,
409 846 494 877 quae
515 835 739 878 praecedunt,
765 833 942 866 notionem
963 833 1150 865 accuratius
1174 835 1411 878 explicandam
1434 834 1564 866 adiecta
1586 845 1658 866 esse
1681 833 1848 867 dicantur.
1892 837 2058 868 Notumst

172 889 282 927 enim,
317 895 381 921 aut
402 888 605 931 particulam
627 898 887 929 nonnumquam
909 887 1009 930 poni,
1041 887 1100 918 ubi
1123 887 1257 919 notioni
1279 888 1380 920 alicui
1402 886 1467 918 alia
1489 886 1584 918 notio
1608 886 1800 920 distinctior
1822 889 2058 921 substituatur.

174 940 247 974 Cfr.
271 941 388 973 Handi
411 940 626 972 Tursellinus
654 940 735 973 Uol.
758 940 785 971 Ι.
815 951 850 983 p.
874 940 948 982 559.
979 945 1012 971 et
1033 939 1123 982 Aug.
1160 940 1358 972 Grotefend.
1389 940 1424 972 in
1449 941 1641 972 Comment.
1670 952 1705 983 p.
1733 941 1791 973 155
1814 953 1880 984 sq..
1926 944 2059 975 Uerum

173 1006 251 1026 cum
273 1006 336 1026 nec
356 1005 476 1025 uocem
493 993 798 1038 promczgz'strcztzcs
821 993 962 1024 latinam
986 1004 1056 1024 esse
1079 993 1150 1024 ullo
1175 994 1412 1027 confirmatum
1435 993 1630 1025 testimonio
1653 993 1713 1033 sit,
1739 1005 1850 1036 neque
1872 996 2059 1038 excogitari

172 1059 284 1079 caussa
313 1046 438 1090 possit,
478 1046 521 1077 ob
546 1057 648 1088 quam
672 1046 808 1086 Cicero,
851 1045 880 1077 si
902 1045 968 1077 fuit
996 1045 1033 1077 in
1055 1057 1118 1077 usu
1140 1057 1211 1078 uox
1234 1047 1309 1087 illa,
1343 1059 1413 1079 non
1437 1058 1510 1078 eam
1540 1046 1647 1089 ipsam
1669 1048 1823 1090 posuerit
1844 1049 2058 1092 uerbumque

171 1099 440 1143 magistratibus
464 1099 626 1139 omiserit,
650 1099 853 1142 praesertim
877 1111 954 1130 cum
976 1099 1017 1131 ab
1042 1099 1209 1131 eiusmodi
1230 1100 1377 1132 membri
1399 1099 1635 1143 parenthetici‚
1662 1101 1761 1143 quale
1782 1102 1848 1134 hoc
1863 1107 1922 1141 est,
1948 1102 2058 1135 omnis

173 1152 339 1184 sermonis
361 1152 587 1184 redundantia
609 1151 808 1192 abhorreat,
844 1163 989 1194 cumque
1018 1159 1194 1196 postremo
1220 1152 1300 1184 huic
1323 1152 1461 1195 quidem
1483 1152 1648 1194 loquendi
1669 1154 1785 1196 generi
1806 1161 1870 1187 aut
1892 1155 2059 1198 particula

172 1218 243 1238 non
269 1205 408 1237 omnino
431 1205 631 1244 conueniat,
670 1216 739 1236 non
762 1211 883 1248 potero
907 1217 968 1248 ego
992 1217 1155 1247 umquam
1178 1205 1316 1247 adduci,
1354 1212 1394 1237 ut
1423 1206 1526 1237 uerba
1556 1212 1619 1238 aut
1635 1208 1975 1251 promagz'stratibus
1999 1220 2059 1252 ge-

173 1258 279 1291 nuina
300 1264 416 1301 putem
441 1270 522 1290 esse.
568 1260 659 1291 Nam
684 1258 850 1290 Garatoni
873 1259 1117 1302 suspicionem,
1155 1259 1355 1291 Ciceronem
1378 1258 1519 1291 fortasse
1545 1272 1654 1303 prone
1677 1261 1945 1304 magistratibus
1973 1261 2059 1294 scri-

172 1312 290 1356 psisse,
314 1323 383 1343 non
407 1318 457 1345 est
481 1311 570 1355 quod
594 1309 743 1341 refutem
765 1311 832 1342 alio
856 1317 1067 1354 argumento,
1092 1323 1193 1354 quam
1217 1312 1307 1355 quod
1330 1324 1400 1344 non
1424 1318 1474 1344 est
1495 1312 1702 1352 uerosimfle,
1726 1319 1765 1345 ut
1786 1313 1820 1345 id
1844 1326 1862 1346 a
1886 1326 2058 1357 quoquam

173 1365 315 1398 librario
346 1365 383 1396 in
414 1377 506 1406 eam,
546 1375 631 1408 quae
653 1363 690 1395 in
713 1363 884 1396 codicibus
907 1370 973 1404 est,
1012 1365 1215 1408 scripturam
1243 1371 1474 1397 conmutatum
1496 1365 1550 1397 sit.
1595 1365 1769 1398 Postremo
1792 1367 1871 1398 illut
1893 1374 2056 1408 notumst,

174 1420 380 1462 interpretes
403 1419 523 1462 glossis
545 1428 758 1462 praeponere
788 1424 852 1451 aut
873 1418 1075 1461 particulam
1099 1417 1322 1452 consueuisse.
1368 1417 1440 1450 Cfr.
1462 1418 1570 1462 praef.
1595 1419 1638 1451 ad
1660 1420 1761 1452 Uarr.
1783 1420 1889 1453 Lectt.
1915 1432 1957 1452 ex
1981 1421 2055 1454 cod.

174 1471 249 1505 Erf.
274 1477 363 1503 enot.
389 1483 423 1515 p.
447 1473 496 1504 LI
519 1483 611 1515 sqq..

259 1524 325 1557 Cui
349 1531 489 1557 senatus
506 1537 574 1569 pro
597 1537 650 1557 me
669 1525 810 1569 gratias
832 1525 987 1568 agendas
1004 1524 1166 1569 putauit)
1210 1525 1266 1557 Ex
1288 1532 1453 1568 perpetua
1479 1525 1651 1558 Ciceronis
1679 1527 1924 1559 consuetudine
1952 1534 1984 1560 et
2004 1528 2057 1560 la-

178 1577 318 1610 tinitatis
341 1577 416 1619 lege
438 1577 654 1609 scribendum
677 1584 726 1610 est
748 1583 901 1622 putaret.
923 1578 1148 1609 ERNEsTIUs.
1195 1578 1266 1610 Cur
1281 1588 1350 1608 non
1368 1580 1535 1621 putarit?
1557 1586 1606 1611 set
1625 1579 1726 1611 etiam
1746 1581 1892 1624 putauit
1915 1592 1976 1623 ego
1998 1592 2057 1612 re-

176 1637 268 1663 ctum
291 1630 449 1662 arbitror.
488 1632 750 1663 GARATONIUS.
796 1630 982 1664 Aberrauit
1014 1642 1032 1662 a
1054 1642 1154 1662 sensu
1176 1630 1276 1662 huius
1298 1630 1364 1662 loci
1387 1631 1581 1672 Ernesfius,
1624 1633 1682 1675 qui
1705 1645 1782 1665 cum
1803 1633 2055 1666 coniunctiuom

173 1690 318 1729 putaret
339 1684 588 1716 restituendum
610 1684 710 1723 dixit,
734 1683 913 1715 manifesto
938 1683 1002 1715 hoc
1024 1683 1133 1714 dicere
1155 1683 1304 1716 uoluisse
1331 1684 1531 1716 Ciceronem
1555 1686 1791 1725 existumanit,
1821 1698 1929 1718 unum
1951 1688 2056 1719 Plan-

176 1737 268 1768 cium
291 1736 456 1768 eiusmodi
477 1736 581 1769 fuisse
605 1737 818 1770 defensorem
844 1737 959 1769 salutis
982 1748 1078 1777 suae,
1113 1743 1152 1768 ut
1177 1737 1208 1768 ei
1230 1743 1361 1768 senatus
1388 1741 1510 1779 gratias
1533 1738 1676 1781 agendas
1698 1738 1839 1782 putarit.
1884 1740 1935 1772 At
1963 1740 2055 1772 enim

176 1791 243 1822 hoc
273 1789 354 1821 dicit
382 1790 520 1822 Cicero:
556 1790 714 1823 defensor
744 1791 835 1822 enim
866 1790 982 1823 salutis
1012 1801 1124 1830 meae,
1159 1790 1213 1821 cui
1244 1796 1375 1821 senatus
1405 1801 1469 1832 pro
1497 1803 1553 1823 me
1580 1792 1703 1833 gratias
1734 1791 1878 1834 agendas
1909 1793 2054 1835 putauit,

176 1855 265 1875 unus
295 1842 337 1873 de
364 1841 615 1884 magistratibus
645 1843 711 1875 fuit
738 1843 905 1875 Plancius.
949 1844 1006 1875 Ex
1036 1855 1102 1886 quo
1132 1843 1210 1875 illut
1238 1843 1399 1874 continuo
1429 1850 1588 1887 apparet,
1624 1845 1715 1887 quod
1743 1856 1806 1888 per
1832 1856 1867 1877 se
1888 1845 1956 1876 iam
1980 1857 2055 1878 cer-

177 1902 304 1936 tumst,
342 1907 412 1927 non
435 1895 548 1938 ipsum
570 1896 632 1928 Cn.
656 1896 831 1928 Plancium
853 1896 889 1927 in
911 1897 971 1927 illo
995 1897 1029 1928 S.
1054 1897 1091 1928 C.
1115 1897 1317 1928 nominatim
1339 1897 1547 1940 appellatum
1568 1896 1688 1936 fuisse,
1725 1903 1773 1929 set
1796 1897 1832 1929 in
1854 1898 2054 1930 uniuersum

178 1948 445 1992 magistratibus,
480 1954 648 1991 quotquot
678 1954 776 1981 extra
803 1949 925 1981 urbem
944 1949 1060 1981 Planci
1089 1949 1232 1982 salutem
1256 1949 1500 1989 defendissent,
1537 1950 1659 1992 gratias
1682 1961 1701 1981 a
1722 1956 1838 1982 senatu
1862 1961 1932 1982 esse
1953 1957 2053 1984 actas.

178 2003 278 2036 Unus
307 2007 420 2033 autem
451 2001 493 2032 de
522 2001 768 2044 magistratibus
797 2001 865 2034 illis
895 2002 1050 2034 Plancius
1079 2013 1156 2033 cum
1183 2002 1219 2033 id
1245 2002 1394 2043 fecisset,
1438 2002 1556 2035 Cicero
1584 2003 1748 2046 temporis
1771 2014 1884 2034 caussa
1906 2003 1966 2035 uni
1989 2004 2052 2036 Cn.

179 2053 318 2086 Plancio
341 2054 461 2096 gratias
484 2065 555 2086 esse
579 2060 666 2086 actas
689 2054 730 2086 ab
755 2061 873 2087 senatu
897 2055 1003 2099 ponit,
1030 2055 1132 2097 idque
1155 2067 1221 2098 quo
1244 2056 1319 2088 iure
1340 2063 1443 2099 ponat
1463 2056 1618 2087 membro
1640 2056 1873 2098 parenthetico
1893 2057 2051 2100 explicat.

266 2107 379 2150 Atqui
409 2107 492 2139 haec
523 2120 601 2140 cum
627 2108 741 2150 uides)
787 2107 842 2139 Sic
872 2119 916 2139 ex
937 2108 965 2139 B
989 2113 1022 2139 et
1043 2108 1072 2140 E
1105 2108 1300 2140 auctoritate
1322 2108 1538 2141 scribendum
1560 2108 1696 2152 putaui,
1739 2120 1945 2151 quamquam
1962 2110 2053 2142 hanc

182 2159 356 2194 Ciceronis
379 2171 449 2191 esse
471 2171 629 2200 manum,
651 2172 714 2203 pro
738 2167 828 2193 certo
851 2160 1027 2192 adfirmare
1050 2172 1120 2191 non
1142 2160 1261 2193 ausim.
1305 2162 1396 2194 Mira
1419 2161 1509 2192 enim
1534 2167 1725 2194 ceterorum
1747 2162 1901 2193 codicum
1925 2162 2053 2194 discre-

180 2212 313 2257 pantia,
345 2211 404 2254 qui
424 2212 551 2254 partim
574 2224 650 2244 eum
674 2225 752 2245 cum
770 2213 896 2256 partim
915 2226 993 2246 cum
1013 2225 1076 2257 pro
1099 2215 1183 2246 haee
1205 2227 1283 2247 cam
1303 2214 1473 2253 scribunt,
1507 2219 1542 2245 et
1562 2213 1635 2257 ipse
1656 2214 1841 2247 uerborum
1862 2226 1977 2247 sensus
1998 2215 2053 2247 fa-

182 2265 245 2306 cit,
267 2270 307 2296 ut
327 2275 395 2295 non
419 2264 492 2296 sine
516 2275 629 2296 caussa
651 2265 727 2307 quis
751 2266 856 2297 uerba
877 2266 1007 2308 aliquot
1027 2267 1082 2298 hic
1107 2266 1272 2299 excidisse
1294 2267 1492 2310 suspicetur.
1536 2266 1746 2307 Uerborum,
1777 2279 1862 2309 quae
1883 2279 1974 2300 nunc
1998 2269 2052 2300 le-

183 2323 310 2361 guntur
331 2317 472 2360 scripta,
495 2317 578 2349 haec
600 2323 651 2349 est
671 2317 854 2350 sententia:
879 2318 967 2349 Cum
989 2319 1103 2360 uides,
1127 2331 1228 2361 quam
1250 2325 1364 2362 gratus
1389 2319 1425 2350 in
1446 2319 1622 2352 Plancium
1644 2320 1728 2360 sim,
1752 2332 1853 2363 quem
1874 2333 1974 2364 negas
1997 2333 2050 2353 sa-

182 2370 265 2402 lutis
293 2376 349 2401 aut
369 2369 539 2413 dignitatis
567 2381 662 2402 meae
685 2370 784 2401 ualde
814 2370 996 2402 studiosum
1023 2371 1146 2411 fuisse,
1180 2383 1246 2414 quo
1268 2371 1403 2403 tandem
1429 2371 1464 2403 in
1486 2378 1518 2403 te
1539 2372 1652 2404 animo
1675 2384 1731 2405 me
1751 2380 1847 2417 putas
1870 2385 1956 2414 esse,
1990 2374 2049 2416 qui

183 2428 254 2455 tam
277 2422 406 2464 egregie
429 2421 471 2453 de
492 2434 549 2454 me
570 2422 614 2454 sis
635 2423 801 2455 meritus?
840 2421 910 2455 Cfr.
925 2423 963 2455 C.
979 2425 1100 2457 XXX.
1126 2425 1155 2467 ἕ.
1179 2425 1229 2467 73.
1276 2425 1436 2456 Ceterum
1460 2424 1600 2456 alteram
1625 2425 1838 2468 scripturam.
1860 2439 1938 2459 eum
1959 2438 2048 2466 cum,
