2185 2720
120 168 156 195 64
779 157 1344 189 COMMENTARIUS.

206 237 384 268 Praeterea
406 233 493 264 mira
514 233 557 264 ad
580 233 671 265 hunc
692 233 806 266 locum
828 234 965 266 Ernesti
987 232 1212 272 adnotatiost,
1237 231 1434 265 scribentis:
1476 233 1655 272 „Uerbmn
1676 235 1716 267 id
1736 235 1922 268 delendum
1945 240 2006 275 est,

123 290 201 333 quia
221 289 376 331 sequitur
398 288 531 319 dicere.-
567 299 643 319 cum
666 293 743 330 post
765 288 805 320 id
825 287 945 319 debeat
967 298 1038 318 esse
1071 286 1162 330 qnod
1184 291 1304 317 contra
1325 285 1429 317 illum
1449 285 1633 318 dicendum
1651 293 1719 326 est,
1761 295 1800 320 ut
1821 300 1905 320 mox
1925 293 2005 331 post

122 345 215 376 illut.
259 342 426 373 Putauere
453 340 584 372 librarii
607 340 801 372 addendum
825 351 913 379 esse,
947 340 1025 382 quia
1047 338 1201 380 sequitur
1229 338 1322 370 illut.
1368 337 1460 379 Quia
1480 338 1574 370 abest
1596 339 1637 370 ab
1664 339 1867 372 editionibus
1888 340 2007 372 multis

122 403 199 428 ante
223 396 429 431 Gruterum,
457 393 607 433 Uictor„
631 393 668 424 P.
693 393 827 425 Manuti
850 399 911 423 etc.
937 392 1093 424 deleui.“
1138 391 1193 422 Ex
1216 390 1298 421 loeis
1321 390 1528 430 innumeris,
1552 390 1588 422 in
1613 390 1734 433 quibus
1757 402 1948 434 pronomen
1971 392 2011 425 id

119 449 178 480 ‘uel
201 449 283 480 illut
306 445 425 477 eodem
448 446 551 477 modo
576 457 642 488 quo
665 445 721 477 hic
746 456 823 476 cum
848 445 1019 477 infinitino
1043 443 1271 484 coniungitur,
1297 454 1405 475 unum
1426 443 1580 485 adposui,
1607 442 1667 485 qui
1689 449 1739 474 est
1760 449 1877 475 nostro
1899 445 2010 477 simil-

122 502 252 538 1umus,
279 499 315 531 in
339 501 438 528 Uei-r.
461 499 512 537 ΙΙ,
537 510 571 537 2,
597 499 647 540 69.
693 498 769 537 Quo
794 499 932 541 quidem
954 499 990 530 in
1014 497 1158 528 crimine
1181 508 1248 528 non
1271 497 1354 528 illut
1379 497 1492 528 solum
1514 495 1673 538 intellegi
1695 496 1792 534 uolo,
1813 501 1848 529 te
1867 497 1915 528 ad
1935 502 2008 530 sta-

123 560 202 586 tuas
224 570 267 577 —
290 552 392 584 milia
415 553 582 595 coegisse,
619 556 670 582 set
692 550 802 581 multo
825 551 931 582 etiam
953 551 1036 582 illut
1058 551 1193 592 magis,
1232 550 1324 593 quod
1345 549 1452 581 simul
1473 549 1799 588 demonstratumst,
1839 554 2009 593 quantum

121 606 241 638 odium
266 606 302 636 in
327 610 361 635 te
382 610 582 641 aratorum,
606 608 775 645 quantum
798 603 951 634 omnium
976 603 1175 634 Siculorum
1199 603 1247 634 sit
1268 608 1302 634 et
1314 601 1446 647 fuerit.
1489 601 1690 633 Notandum
1712 606 1847 641 autem,
1879 612 2012 645 prono·

121 669 203 690 men
229 658 268 689 id
289 667 370 699 prae
393 655 512 686 ceteris
535 654 649 686 uerbis
672 665 756 685 sono
780 653 1059 696 distinguendum
1083 667 1165 686 esse.

212 710 339 742 Contra
362 709 463 740 illum
485 707 612 750 dicere)
656 708 784 738 Contra
807 707 1056 748 Goerenzium,
1081 709 1140 750 qui
1166 709 1248 740 haec
1271 706 1374 739 uerba
1396 705 1651 748 interpolatoris
1672 712 1771 749 putat
1793 718 1882 747 esse,
1917 707 2014 739 suffi-

123 763 170 795 cit
190 763 255 794 hoc
277 773 385 792 unum
405 760 594 800 monuisse,
626 759 852 802 interpretem
879 770 950 790 non
973 768 1095 794 contra
1117 762 1237 799 illum,
1267 766 1318 792 set
1339 766 1462 792 contra
1482 759 1709 792 Laterensem
1729 752 1844 792 dicere
1862 759 2014 804 scriptu-7

122 827 202 848 rum
221 814 337 846 fuisse.

210 868 241 909 §.
265 867 296 899 6.
341 865 420 897 Hoc
443 876 510 896 uno
531 876 692 897 maxume
716 864 832 907 urget)
877 865 1055 896 Plancium
1079 865 1218 897 scilicet.
1266 864 1429 897 Usitatius
1453 861 1543 895 foret
1563 875 1692 903 unum,
1713 869 1765 895 set
1785 863 1865 896 illut
1889 865 2014 908 exqui-

122 919 233 952 sitius.
267 919 493 950 Emmsrms.
538 918 620 948 Non
649 916 729 948 licet
755 918 945 950 Plancium
973 918 1244 960 subintellegere.
1289 919 1370 949 Non
1402 916 1493 947 enim
1517 927 1561 947 ex
1585 916 1664 956 illo,
1701 921 1752 947 set
1780 927 1824 948 ex
1847 917 2014 950 Cicerone

126 970 293 1013 quaesiuit
322 970 531 1009 Laterensis,
573 981 638 1011 qua
661 969 794 1000 ratione
824 982 843 1001 a
865 970 1002 1001 Plancio
1035 971 1188 1013 superari
1211 970 1388 1012 potuissit,
1423 967 1514 1011 quod
1548 973 1638 1010 patet
1662 980 1706 999 ex
1727 969 2016 1012 antecedentibus,

125 1024 296 1055 contentio
320 1023 461 1054 uidetur
474 1021 665 1065 facienda,
687 1027 722 1052 et
743 1033 761 1052 e
783 1023 1017 1064 sequentibus,
1046 1024 1084 1055 icl
1106 1024 1197 1067 qnod
1216 1023 1276 1054 ille
1297 1035 1351 1054 me
1365 1023 1528 1067 flagitat.
1572 1020 1698 1053 Melius
1720 1021 1904 1054 coniecerit
1927 1022 2013 1065 quis,

124 1088 285 1107 maxume
306 1087 358 1106 me
381 1081 485 1117 urget
506 1075 670 1117 scriptum
693 1074 808 1106 fnisse.
854 1075 914 1105 Set
943 1086 1005 1105 nec
1034 1075 1099 1106 hoc
1127 1087 1211 1118 opus
1239 1081 1300 1107 est.
1345 1074 1453 1107 Uei-bi
1474 1072 1627 1117 urgendi
1648 1073 1766 1105 eadem
1785 1080 1958 1106 structura
1978 1080 2013 1106 et

125 1128 255 1164 alibist,
281 1134 314 1158 et
334 1126 370 1156 in
394 1127 490 1158 Orat.
514 1128 600 1166 XL,
628 1128 697 1168 157.
723 1134 762 1159 ut
784 1128 1035 1170 interrogando
1059 1134 1196 1171 urgeat.

211 1179 296 1210 &⁷012
319 1180 430 1211 solum
452 1181 556 1212 huius
580 1181 767 1222 dignitatis
794 1180 931 1211 iactura
948 1178 1151 1222 facienclast
1162 1206 1172 1220 ,
1197 1186 1247 1213 set
1270 1180 1376 1212 etiam
1398 1178 1601 1222 largitionis
1624 1178 1823 1222 recipienda
1847 1179 2013 1222 suspicio)

126 1233 209 1265 Non
230 1237 360 1262 temere
385 1231 535 1274 genitiuo
569 1233 690 1271 liuius,
713 1232 735 1263 i.
760 1243 789 1262 e.
815 1232 946 1270 Planci,
973 1232 1094 1263 offensi
1117 1240 1196 1265 sunt
1219 1235 1244 1265 I.
1268 1233 1326 1265 Fr.
1351 1231 1568 1271 Gronouius,
1591 1231 1786 1270 Ernestius,
1812 1236 1846 1262 et
1865 1231 2018 1263 Garato-

126 1284 214 1323 nius,
238 1284 296 1325 qui
319 1283 469 1315 datiuom
492 1286 574 1317 hnic.
596 1285 632 1316 in
656 1285 727 1316 eius
750 1286 864 1316 locum
888 1284 1126 1316 sufficiendum
1148 1292 1324 1329 putarunt.
1368 1284 1508 1316 Etenim
1531 1285 1705 1316 iacturam
1717 1283 1843 1327 facere
1864 1284 2016 1316 alicuius

127 1337 179 1368 rei
201 1335 365 1377 significat
387 1337 519 1369 abicere
541 1338 597 1368 uel
620 1338 780 1369 amittere
801 1338 950 1380 aliquid.
995 1338 1114 1369 Cicero
1145 1339 1250 1380 igitur
1279 1350 1355 1370 cum
1387 1337 1486 1376 dicit,
1527 1338 1633 1369 liuius
1663 1337 1852 1380 dignitatis
1878 1337 2017 1370 iactura

118 1388 334 1431 faciendast,
357 1389 472 1420 Planci
494 1390 559 1421 sibi
582 1389 781 1431 dignitatem
803 1390 1026 1421 amittendam
1050 1401 1120 1421 esse
1145 1390 1283 1422 indicat.
1326 1390 1437 1432 Atqui
1459 1390 1524 1421 hoc
1546 1389 1664 1431 utique
1686 1395 1852 1421 necessest
1874 1401 1944 1420 non
1959 1401 2018 1420 re-

127 1447 178 1471 ete
202 1440 330 1471 dictum
353 1441 526 1481 uideatur,
558 1453 634 1472 cum
657 1453 757 1472 nemo
783 1442 983 1484 dignitatem
1006 1443 1091 1474 alius
1115 1443 1183 1474 dici
1206 1443 1312 1486 possit
1335 1443 1501 1473 amittere.
1546 1441 1641 1472 Idem
1664 1441 1755 1472 ualet
1778 1441 1819 1472 de
1841 1442 2017 1484 sequenti-

127 1494 206 1532 bus,
233 1498 285 1540 set
309 1495 415 1526 etiam
438 1495 641 1538 largitionis
664 1495 864 1537 recipienda
888 1496 1060 1538 suspicio,
1095 1507 1241 1536 quorum
1265 1507 1335 1526 non
1358 1495 1470 1527 minus
1493 1492 1729 1525 incommodus
1752 1504 1868 1526 sensus
1891 1500 1960 1534 est,
1989 1495 2018 1526 si

128 1546 265 1588 supples
290 1546 455 1580 Ciceroni.
499 1549 591 1579 Nam
613 1547 764 1589 recipere
786 1548 1016 1590 suspicionem
1037 1549 1189 1580 alicuius
1203 1548 1302 1592 facti
1331 1547 1378 1579 sic
1401 1553 1533 1579 tantum
1557 1546 1624 1577 dici
1645 1552 1777 1588 potest,
1811 1552 1849 1577 ut
1873 1546 1919 1586 is,
1958 1547 2017 1589 qui

129 1599 281 1641 recipere
305 1598 452 1638 dicatur,
477 1599 579 1630 etiam
601 1598 698 1639 facti,
722 1598 764 1630 de
787 1611 855 1641 quo
880 1600 1075 1641 suspiciost,
1100 1607 1218 1632 auctor
1241 1601 1295 1640 sit,
1318 1612 1388 1631 non
1410 1600 1467 1639 ita,
1490 1605 1529 1630 ut
1551 1598 1596 1639 is,
1620 1599 1678 1641 qui
1699 1598 1852 1642 recipere
1875 1599 2017 1641 dicatur,

129 1652 214 1684 alius
237 1651 281 1683 sit
307 1658 408 1692 atque
431 1652 507 1692 ille,
547 1651 606 1694 qui
626 1650 771 1691 factum,
807 1652 849 1682 de
872 1664 939 1694 quo
969 1653 1167 1695 suspiciost,
1204 1653 1466 1696 perpetrauerit.
1510 1652 1746 1683 Nihilominus
1773 1651 1873 1683 unice
1899 1663 2016 1685 ueram

131 1705 300 1746 uolgatam
323 1710 406 1746 puto
429 1704 632 1747 scripturam
653 1715 743 1743 esse,
768 1716 853 1746 quae
875 1704 923 1735 sic
946 1706 1164 1747 explicanda,
1189 1713 1226 1738 ut
1250 1707 1451 1738 Ciceronem
1472 1710 1668 1743 statuamus,
1693 1714 1778 1744 quae
1800 1703 1937 1734 Plancio
1960 1715 2017 1735 ac-

131 1757 299 1796 ciderent,
336 1757 378 1787 ad
402 1769 438 1788 se
461 1768 596 1799 qnoque
618 1757 792 1800 pertinere
814 1757 1034 1799 significasse,
1066 1759 1274 1801 omninoque
1298 1758 1344 1790 ita
1366 1758 1518 1789 locutum
1541 1767 1628 1801 esse,
1656 1755 1747 1787 acsi
1771 1754 1843 1798 ipse
1869 1761 1903 1787 et
1923 1768 2014 1797 reus,

133 1811 227 1842 cuius
256 1821 405 1841 caussam
433 1811 568 1851 agebat,
608 1821 675 1841 una
705 1809 891 1852 eademque
920 1821 1067 1852 persona
1089 1818 1209 1843 essent.
1255 1811 1347 1843 Facit
1370 1811 1436 1842 hoc
1457 1821 1535 1841 cum
1557 1809 1658 1848 alibi,
1697 1814 1772 1839 tum
1794 1819 1957 1840 maxume
1978 1810 2016 1841 in

133 1869 219 1894 orat.
242 1874 306 1905 pro
330 1864 364 1893 S.
388 1863 489 1894 Rosc.
512 1863 592 1895 Am.
616 1862 699 1901 LII,
725 1864 796 1894 150.
848 1863 979 1895 Uerum
1001 1865 1033 1896 si
1054 1878 1076 1897 a
1098 1865 1338 1908 (v'ltrysogonO,
1364 1864 1516 1902 iudices,
1543 1874 1611 1894 non
1633 1863 1866 1905 inpetramus‚
1896 1867 1936 1893 ut
1955 1874 2018 1905 pe-

134 1916 239 1948 cunia
260 1921 415 1946 nostra
437 1921 615 1947 contentus
637 1916 703 1954 sit,
725 1917 839 1948 uitam
861 1930 902 1949 ne
919 1923 1040 1960 petat3
1063 1918 1094 1948 si
1117 1918 1177 1949 ille
1199 1917 1329 1949 adduci
1350 1929 1418 1948 non
1434 1921 1568 1959 potest,
1594 1920 1634 1946 ut
1656 1927 1733 1946 cum
1755 1914 1924 1946 ademerit
1944 1926 2019 1946 no-

134 1968 200 2000 bis
224 1968 358 2005 omnia,
382 1980 470 2010 quae
491 1974 645 2000 nostra
667 1975 767 2000 erant
784 1971 954 2013 propria,
982 1982 1025 2002 ne
1047 1971 1158 2002 lucem
1181 1982 1314 2014 quoqne
1334 1970 1444 2008 lianc,
1474 1981 1561 2012 qnae
1583 1968 1762 2000 communis
1785 1973 1855 2005 est,
1885 1968 2018 2011 eripere

135 2021 274 2063 cupiat3
303 2020 334 2050 si
355 2032 423 2051 non
446 2021 532 2052 satis
554 2020 656 2052 habet
681 2024 875 2054 auaritiam
897 2035 998 2054 suam
1018 2024 1167 2066 pecunia
1190 2023 1344 2066 explere,
1380 2022 1452 2053 nisi
1474 2021 1579 2053 etiam
1602 2021 1810 2052 crudelitate
1831 2019 2018 2062 sanguinis

130 2073 283 2116 perlitus
307 2072 374 2103 sit.-
405 2085 513 2104 unum
532 2072 758 2116 perfugium,
787 2076 936 2113 iudices,
970 2088 1041 2107 una
1063 2087 1139 2118 spes
1163 2075 1333 2118 reliquast
1355 2074 1431 2106 Sex.
1453 2074 1598 2111 Roscio,
1629 2073 1747 2104 eadem
1769 2084 1857 2115 quae
1877 2072 1931 2104 rei
1945 2084 2019 2115 pu-

137 2125 256 2162 blicae,
278 2129 397 2156 nostra
408 2126 563 2167 pristina
579 2126 712 2158 bonitas
727 2134 759 2159 et
773 2128 1026 2163 misericordia,-
1043 2139 1129 2170 qnae
1144 2128 1175 2158 si
1189 2131 1316 2164 manet,
1331 2126 1453 2157 salui
1471 2126 1577 2158 etiam
1591 2137 1803 2168 nuncessep
1813 2135 1950 2157 ossum
1960 2135 1981 2155 ιι
1991 2135 2018 2155 ³.

221 2177 267 2208 Id
289 2178 380 2219 quod
400 2178 461 2209 ille
482 2190 535 2209 me
549 2178 714 2222 flagitat)
759 2180 795 2211 Si
809 2179 988 2211 emendata
1009 2179 1152 2217 lection,
1176 2177 1462 2209 adtendendumst
1484 2177 1627 2208 uerbum
1643 2177 1818 2221 flagitare
1839 2185 1916 2207 cum
1931 2174 2019 2206 duo-

138 2229 199 2260 bus
220 2228 433 2260 accussatiujs
456 2229 492 2259 in
514 2230 624 2261 soluta
648 2231 801 2262 oratione
823 2232 993 2275 coniungi.
1015 2232 1062 2264 Icl
1083 2231 1174 2274 quod
1195 2231 1256 2262 ille
1277 2242 1299 2261 a
1313 2242 1366 2261 me
1379 2231 1533 2275 flagitat
1556 2229 1678 2260 melius
1695 2227 1911 2260 scribendum
1931 2226 2018 2258 mihi

138 2281 287 2312 uidetur.
311 2282 483 2313 Sumus.
528 2283 608 2313 Non
631 2294 715 2324 opus
737 2285 937 2316 mutatione.
984 2286 1077 2316 Caes.
1101 2284 1138 2315 B.
1165 2283 1208 2315 G.
1231 2283 1264 2321 1,
1299 2284 1346 2314 1-6.
1392 2283 1525 2315 Cotidie
1548 2281 1674 2314 Caesar
1694 2282 1834 2314 Aeduos
1851 2277 2018 2322 frumen—

141 2339 215 2366 tum
229 2334 414 2377 flagitare.
445 2339 495 2372 et,
520 2333 611 2375 quod
634 2346 702 2366 non
723 2337 836 2368 minus
861 2339 926 2369 huc
948 2337 1114 2380 pertinet,
1142 2336 1181 2366 B.
1207 2335 1244 2366 C.
1268 2336 1301 2374 Ι,
1334 2336 1386 2377 87.
1430 2334 1594 2367 Petreius
1614 2339 1719 2377 atque
1738 2331 1914 2375 Afranius
1939 2343 2017 2364 cum

141 2386 351 2428 stipendium
372 2386 414 2418 ab
437 2387 630 2429 legionibus
649 2400 759 2431 paene
781 2391 948 2422 seditione
960 2388 1067 2433 facta
1081 2388 1354 2433 flagitarentur.
1389 2388 1460 2420 Cic.
1483 2398 1547 2430 pro
1571 2385 1661 2418 dom.
1686 2385 1754 2426 VI,
1781 2383 1830 2416 14·
1853 2385 1913 2417 Me
1925 2383 2016 2428 fru-

141 2444 293 2470 mentum
307 2438 535 2482 flagitabant.
