2185 2720
119 141 174 169 190
770 131 1340 163 COMMENTARIUS.

119 210 210 242 dices
235 208 399 252 scriptum
422 209 562 251 legatur.
607 206 840 240 Nihilominus
862 218 932 238 non
953 218 1028 238 sum
1054 218 1153 238 ausus
1176 205 1347 248 uolgatam
1368 206 1572 249 scripturam
1592 207 1786 239 sollicitare.
1829 209 1919 241 Nam
1943 215 1996 240 ct-

119 262 147 294 si
169 261 353 293 necessario
378 273 551 306 quousque
572 260 777 303 iungendum
800 270 876 290 cum
900 258 1016 291 futuro
1041 266 1107 298 est,
1137 258 1165 290 si
1192 257 1381 300 quaeritur,
1413 258 1452 290 ad
1475 258 1564 301 quod
1586 270 1692 301 usque
1714 265 1847 304 tempus
1869 262 1996 304 aliquid

119 314 316 347 duraturum
338 315 398 353 sit,
426 320 540 345 tamen
562 319 652 345 recte
676 313 777 344 etiam
799 322 876 342 cum
898 319 1075 353 praesente
1097 311 1192 353 iungi
1214 317 1344 353 potest,
1374 310 1404 342 si
1424 322 1494 342 non
1518 312 1708 354 quaeritur,
1738 319 1789 344 set
1810 324 1886 345 cum
1907 314 1999 346 indi-

118 368 276 410 gnatione
300 367 524 405 exclamatur,
549 365 637 397 iusto
661 365 786 396 diutius
811 363 941 405 aliquid
964 364 1096 396 durare.
1141 364 1187 395 Et
1211 363 1276 395 hoc
1299 363 1434 405 quidem
1460 364 1534 396 loco
1557 376 1626 396 non
1650 376 1811 406 quaerere
1832 366 2000 398 Lateren-

119 433 207 461 sem,
231 420 272 451 ad
296 418 383 461 quod
406 429 512 460 usque
533 425 666 461 tempus
691 418 808 450 Cicero
831 417 896 448 isto
918 417 1020 448 modo
1044 416 1242 448 defensurus
1267 415 1311 447 sit
1332 428 1426 458 reos,
1455 423 1506 450 set
1529 428 1605 448 cum
1628 416 1860 459 indignatione
1882 417 2001 450 clami-

119 479 207 512 tare,
246 473 332 503 iusto
355 471 479 502 diutius
504 471 703 503 Ciceronem
724 471 786 503 isto
812 469 912 501 modo
935 481 999 512 pro
1022 470 1087 501 reis
1110 469 1239 508 dicere,
1273 480 1317 501 ex
1339 468 1432 512 ipso,
1468 468 1556 512 quod
1579 469 1860 512 praepositumst‚
1893 469 2000 501 uerbo

119 526 278 558 clamitas
301 528 451 566 apparet.
494 524 611 565 Itaque
633 530 711 566 post
731 524 819 556 dicis
841 534 911 554 non
932 522 1162 565 interrogandi
1183 527 1235 553 set
1260 521 1469 554 exclamandi
1490 523 1624 564 signum
1646 521 1756 563 posui.

203 578 278 610 Ista
301 576 402 618 dicis)
447 576 602 607 Reorum
624 576 660 607 in
682 583 715 608 te
735 577 857 608 merita
881 576 1164 608 conmemorando
1192 574 1321 607 iudices
1350 586 1555 606 conmouere
1577 574 1706 614 studes,
1741 580 1780 605 ut
1801 585 1839 605 ea
1859 580 2001 618 propter

119 642 194 662 reos
217 630 403 661 absoluant.

202 683 309 716 Nihil
330 683 367 714 in
389 681 504 726 Cispio
520 681 718 727 profecisti)
761 683 811 716 M.
843 683 975 726 Cispius
1005 681 1163 713 tribunus
1185 681 1233 724 pl.
1263 680 1393 721 fuerat,
1431 692 1498 723 quo
1527 691 1615 712 anno
1646 680 1765 712 Cicero
1792 680 1829 712 in
1856 680 2003 723 patriam

118 736 292 768 restitutus
321 740 388 773 est,
427 734 529 776 idque
557 735 688 777 ipsum,
732 742 771 768 ut
803 736 1058 773 restitueretur,
1097 745 1174 765 cum
1201 733 1276 766 aliis
1305 733 1437 766 efficere
1465 733 1651 766 studuerat.
1695 732 1767 765 Cfr.
1796 744 1860 776 pro
1891 733 2000 764 Sestio

119 789 158 820 C.
181 788 338 819 XXXV.
362 788 392 829 ς.
417 787 467 829 76.
500 793 534 818 et
555 794 632 830 post
653 789 721 820 red.
744 789 779 820 in
803 800 873 821 sen.
898 790 936 820 C.
960 787 1056 820 VIII.
1082 787 1112 828 ς.
1137 797 1208 818 21..
1254 788 1374 829 Itaque
1396 799 1473 819 cum
1495 793 1612 830 postea
1634 786 1676 817 de
1698 786 1827 817 ambitu
1848 796 2002 817 accussa-

119 847 171 872 tus
195 846 296 880 esset,
322 840 369 872 ita
391 840 510 872 Cicero
536 851 614 871 eum
638 841 806 881 defendit,
839 847 879 872 ut
900 845 1043 883 propter
1064 851 1124 870 sua
1146 840 1182 870 in
1202 851 1238 870 se
1260 840 1382 871 merita
1405 839 1649 871 absoluendum
1672 844 1819 882 putaret·
1865 838 1924 869 Set
1943 838 2000 870 iu-

118 893 205 924 dices
230 893 401 924 Ciceronis
423 893 579 935 precibus
601 904 670 924 non
692 894 781 936 passi
802 899 881 924 sunt
906 904 940 923 se
963 892 1158 924 conmoueri
1185 891 1407 934 Cispiumque
1430 892 1730 935 condempnarunt.

205 946 385 978 obsoletae
406 945 477 977 iam
498 945 592 989 sunt)
636 947 717 979 Non
740 957 810 978 esse
832 945 936 977 uerba
967 946 1038 977 iam
1070 951 1152 977 sunt
1184 945 1449 987 transponenda,
1485 945 1619 988 Proleg.
1643 947 1685 978 L.
1710 947 1754 978 II.
1779 947 1817 979 C.
1840 948 1867 979 I.
1893 948 1923 990 §-
1949 947 1998 980 14.

118 1010 152 1042 p.
175 999 217 1030 L.
241 997 371 1029 monui.

202 1051 259 1084 De
279 1051 395 1095 Cispio
417 1051 504 1083 mihi
528 1051 641 1094 igitur
663 1051 797 1091 obicies,
820 1052 928 1096 quem)
974 1049 1059 1082 Cod.
1081 1049 1202 1089 Barb.,
1225 1049 1278 1083 ed.
1300 1050 1402 1082 Rom.
1426 1055 1460 1081 et
1482 1056 1627 1092 utraque
1638 1052 1725 1084 Uen.
1748 1053 1836 1085 mihi
1858 1053 2001 1086 uidetur

119 1105 260 1144 obicies-,-
293 1103 382 1146 quod
403 1114 480 1134 cum
501 1103 545 1136 sit
566 1111 680 1148 aperte
701 1105 918 1144 mendosum,
948 1109 1038 1135 recte
1061 1102 1244 1135 Ascensius
1267 1108 1301 1134 et
1322 1101 1400 1143 alii,
1430 1103 1518 1135 mihi
1540 1104 1703 1136 uidelicet
1725 1105 1865 1146 obicies,
1897 1117 1999 1148 quam

118 1157 298 1190 lectionem
323 1157 524 1200 repetitores
544 1157 761 1189 Lambiniani
785 1157 1004 1196 rettulerant,
1028 1167 1105 1187 cum
1126 1155 1314 1187 Lambinus
1343 1167 1387 1187 ex
1412 1167 1451 1187 ea
1472 1161 1506 1187 et
1528 1167 1572 1187 ex
1592 1157 1827 1198 Naugerianae
1853 1159 1999 1190 lectione

119 1210 263 1251 [mihine
285 1215 323 1242 tu
346 1209 496 1251 obiicies]
519 1210 605 1241 hanc
626 1210 856 1252 exculpsisset,
879 1210 1008 1242 mihine
1029 1214 1068 1241 tu
1084 1209 1258 1241 uidelicet.
1288 1209 1549 1241 GARATONIUS.
1597 1209 1652 1241 Tu
1674 1209 1736 1240 uix
1761 1209 1875 1242 abesse
1899 1216 2000 1253 pote-

118 1263 183 1303 rit,
214 1273 291 1293 cum
318 1261 355 1294 in
380 1273 419 1294 eo
447 1274 517 1294 non
538 1262 652 1294 minor
672 1262 716 1294 sit
737 1262 1037 1304 argumentationis
1060 1262 1111 1293 uis
1135 1273 1236 1303 quam
1258 1261 1296 1293 in
1317 1261 1415 1294 mihi.
1457 1262 1575 1303 Itaque
1596 1261 1796 1304 legendum,
1819 1263 1907 1295 mihi
1927 1263 2000 1306 igi-

120 1324 179 1348 tur
208 1322 248 1348 tu
277 1315 416 1354 obicies,
451 1316 508 1347 uel
532 1315 709 1347 retinenda
735 1315 885 1357 uolgata,
920 1314 1028 1356 quod,
1063 1314 1159 1345 utin
1181 1325 1219 1345 re
1244 1313 1426 1345 admodum
1455 1314 1601 1354 incerta,
1634 1314 1745 1346 facere
1775 1315 1877 1347 satius
1903 1315 1998 1347 duxi.

121 1370 323 1401 ORELLIUS.
367 1367 466 1399 Nihil
488 1379 626 1410 prorsus
648 1369 704 1400 hic
725 1368 847 1399 incerti
868 1374 928 1400 est.
973 1366 1136 1399 Codicum
1150 1367 1278 1410 triplex
1292 1367 1520 1410 potissumum
1541 1366 1740 1410 scriptumst
1748 1380 1758 1407 3
1783 1367 1849 1399 duo
1867 1367 2000 1411 optumi

119 1422 146 1453 B
170 1427 203 1452 et
224 1421 253 1453 E
276 1421 402 1452 habent
422 1421 509 1452 mihi
534 1422 668 1465 igitur,
691 1427 882 1453 ceterorum
903 1431 1065 1452 maxuma
1083 1431 1160 1462 pars
1186 1421 1274 1452 mihi
1294 1421 1455 1459 uidetur,
1475 1419 1574 1462 pauci
1595 1420 1688 1463 iique
1709 1433 1870 1452 maxume
1891 1421 2001 1453 inter-

119 1474 224 1517 polati
245 1475 375 1507 mihine
397 1479 446 1506 tu.
491 1474 587 1516 Quae
609 1474 645 1505 in
670 1474 817 1516 optumis
841 1473 1009 1505 codicibus
1032 1473 1248 1515 scripturast,
1274 1472 1391 1504 eadem
1418 1479 1558 1515 optuma
1579 1479 1613 1505 et
1633 1474 1732 1505 unice
1754 1486 1854 1514 uera3
1876 1485 1920 1506 ex
1943 1485 2001 1506 ea·-

120 1538 184 1568 que
206 1526 384 1558 manifesto
408 1533 522 1558 ortum
543 1526 724 1558 absurdum
748 1527 826 1558 illut
848 1527 988 1559 uidetur
996 1539 1007 1565 ,-
1030 1537 1093 1569 pro
1118 1537 1185 1567 quo
1210 1524 1268 1567 qui
1290 1525 1454 1558 uidelicet
1478 1532 1720 1565 correxerunt,
1749 1526 1822 1558 uim
1845 1533 1879 1559 et
1899 1539 2000 1559 usum

119 1579 219 1611 huius
240 1580 424 1622 particulae
446 1580 661 1622 ignorarunt,
701 1591 785 1621 quae
813 1580 862 1611 sic
884 1585 1013 1611 tantum
1043 1579 1156 1610 locum
1178 1578 1234 1609 hic
1257 1578 1411 1610 obtinere
1433 1583 1564 1620 posset,
1600 1578 1629 1610 si
1650 1578 1779 1610 ironice
1803 1579 1922 1612 Cicero
1945 1580 2000 1612 lo-

121 1638 293 1672 queretur.
336 1632 446 1674 Atqui
468 1632 540 1664 sine
562 1633 633 1663 ulla
654 1632 764 1663 ironia
787 1633 904 1664 Cicero
928 1631 983 1663 hic
1006 1643 1049 1663 ex
1071 1633 1256 1663 Laterense
1279 1631 1425 1673 quaerit,
1453 1630 1623 1673 quomodo
1647 1631 1689 1662 de
1713 1632 1827 1674 Cispio
1849 1633 1914 1665 sibi
1936 1633 2000 1665 ob-

121 1685 209 1716 icere
227 1684 343 1727 possit,
367 1696 469 1727 quem
490 1685 563 1728 ipso
586 1691 721 1716 auctore
745 1685 945 1716 defenderit.
989 1685 1097 1716 Porro
1120 1697 1232 1728 neque
1254 1685 1384 1718 mihine
1404 1683 1504 1715 scribi
1527 1694 1637 1724 neque
1659 1690 1696 1716 tu
1715 1695 1905 1726 pronomen
1925 1686 2000 1718 addi

120 1737 226 1768 debet.
268 1737 366 1769 Prius
389 1737 463 1769 fieri
484 1738 618 1781 nequit,
647 1738 738 1780 quod
761 1738 954 1769 nominibus
977 1737 1158 1778 encliticis',
1183 1738 1282 1780 quale
1304 1748 1394 1768 nunc
1415 1736 1503 1768 mihi
1523 1747 1713 1778 pronomen
1737 1742 1802 1776 est,
1830 1737 1998 1779 particula

120 1790 362 1833 interrogatiua
391 1803 433 1823 ne
462 1791 600 1834 adiungi
627 1803 697 1824 non
724 1797 845 1834 potest.
889 1792 972 1822 Esse
999 1798 1112 1823 autem
1135 1791 1223 1823 mihi
1248 1789 1457 1829 encliticam,
1495 1788 1572 1819 inde
1600 1795 1711 1832 patet,
1750 1789 1841 1832 quod
1862 1797 1998 1833 praeter

122 1842 321 1874 Ciceronem
344 1843 483 1886 cogitari
504 1856 604 1876 nemo
627 1851 752 1888 potest,
787 1843 840 1875 cui
862 1843 903 1874 de
926 1844 1041 1887 Cispio
1065 1844 1152 1875 obici
1174 1843 1336 1887 potuerit.
1380 1842 1574 1873 Pronomen
1596 1847 1635 1874 tu
1657 1841 1685 1873 si
1709 1842 1827 1874 Cicero
1854 1843 1998 1877 addidis-

120 1902 185 1935 set,
215 1906 285 1927 non
308 1902 357 1928 est
379 1896 537 1937 dubium,
571 1898 653 1939 quin
675 1903 752 1929 ante
774 1898 815 1929 de
837 1897 952 1940 Cispio
974 1898 1198 1928 collocaturus
1220 1896 1342 1934 fuerit,
1379 1901 1418 1926 ut
1440 1894 1582 1937 quisque
1603 1905 1794 1937 pronomen
1816 1897 1996 1929 relatiuom

122 1961 236 1993 quem,
259 1949 350 1991 quod
371 1949 531 1992 sequitur,
554 1950 595 1981 ad
620 1950 712 1992 Cispi
734 1962 859 1981 nomen
880 1950 1052 1992 pertinere
1077 1950 1191 1982 statim
1215 1949 1437 1990 intellegeret.
1479 1947 1589 1989 Atqui
1613 1947 1751 1979 omnino
1775 1948 1896 1980 inutile
1920 1950 1998 1982 illut

121 2012 310 2044 pronomen
334 2009 383 2034 est
403 2014 465 2033 nec
487 2002 523 2034 in
540 2003 611 2034 ullo
635 2003 749 2034 codice
771 2003 920 2034 additum
941 2003 1121 2045 reperitur.
1166 2003 1284 2043 Itaque
1306 2011 1376 2032 non
1398 1999 1495 2042 potui
1517 1998 1681 2039 dubitare,
1704 2000 1786 2042 quin
1809 2002 1897 2044 quod
1918 2014 1998 2035 sen-

121 2053 173 2085 sui
193 2055 636 2094 accommodatissumumst‚
663 2057 750 2089 mihi
771 2057 902 2099 igitur,
925 2062 1143 2098 optumorum
1166 2055 1322 2086 codicum
1344 2052 1543 2084 auctoritate
1566 2052 1789 2084 restituerem.

205 2107 255 2139 Et
277 2108 309 2140 ei
331 2108 440 2147 dices,
473 2121 713 2152 quousque,
750 2121 848 2152 quem
869 2120 995 2151 negas,
1033 2109 1124 2152 quod
1143 2120 1208 2152 pro
1231 2107 1346 2150 Cispio
1368 2106 1600 2144 contenderit,
1634 2106 1809 2149 inpetrare
1824 2107 1995 2151 potuisse)

122 2159 176 2190 Sic
196 2159 400 2192 recentiores
423 2160 564 2193 editores
586 2161 629 2192 ad
651 2173 757 2193 unum
780 2172 895 2192 omnes
917 2161 991 2203 ipso
1015 2162 1146 2194 Orellio
1171 2172 1240 2192 non
1264 2163 1406 2201 excepto
1429 2157 1654 2200 scripserunt,
1692 2170 1896 2202 quamquam
1915 2159 1996 2202 plu-

83 2207 86 2210 *
122 2213 211 2243 rumi
233 2212 324 2254 iique
346 2214 477 2256 optumi
500 2213 577 2245 libri
599 2215 831 2247 contenderim
857 2214 992 2246 habent.
1035 2214 1164 2254 „Unde
1193 2219 1303 2245 statuo
1327 2211 1483 2242 Tullium
1505 2210 1693 2253 scripsisse:
1730 2217 1764 2244 et
1785 2212 1871 2244 mihi
1891 2211 1994 2249 dices,

121 2281 164 2288 -
184 2266 432 2307 contenderim,
457 2267 631 2310 inpetrare
642 2268 818 2310 potuisse,
838 2278 908 2298 non
929 2267 1040 2298 solum
1062 2273 1204 2309 propter
1227 2275 1427 2296 consensum
1450 2269 1500 2294 tot
1522 2263 1691 2303 codicum,
1716 2264 1750 2294 in
1774 2263 1893 2306 quibus
1914 2275 1995 2295 con-

122 2318 289 2350 tenderim.
319 2317 495 2358 scribitur,
539 2325 590 2351 set
615 2325 649 2351 et
677 2326 819 2363 propter
850 2320 1059 2352 commodam
1080 2320 1207 2351 horum
1229 2318 1415 2349 uerborum
1437 2327 1513 2347 cum
1534 2316 1808 2359 praecedentibus
1831 2315 1994 2346 conexio-

121 2381 210 2401 nem.
255 2370 433 2411 Quomodo
457 2372 548 2404 enim
570 2373 750 2404 cohaerent
772 2379 811 2405 tu
832 2374 919 2406 mihi
941 2373 1063 2405 obicies
1086 2378 1120 2404 et
1139 2373 1171 2405 ei
1195 2372 1305 2409 (lices,
1342 2381 1418 2401 cum
1448 2369 1487 2400 de
1515 2369 1633 2401 eodem
1661 2369 1798 2401 homine
1821 2367 1991 2409 loquatur,

120 2421 281 2452 nimirum
303 2421 342 2452 de
364 2435 398 2454 se
420 2424 546 2465 ipso?“
572 2427 778 2458 GRAEUIUS.
821 2426 903 2459 Mss.
927 2432 960 2457 et
983 2425 1053 2457 edd.
1077 2437 1129 2469 pr.
1157 2424 1406 2462 contenderim,
1429 2422 1518 2465 quod
1539 2422 1661 2465 probat
1684 2419 1869 2453 Graeuius:
1892 2420 1992 2459 male,
