2185 2720
164 170 218 199 226
803 161 1379 192 COMMENTARIUS.

163 249 246 281 que,
278 241 318 268 ut
339 236 453 286 placet
477 236 621 275 Stoicis,
655 236 704 269 ad
723 249 825 270 usum
846 237 1022 270 hominum
1043 238 1158 270 omnia
1181 238 1305 270 creari.
1338 237 1490 269 BAKIUS.
1534 237 1636 270 Adde
1658 239 1730 270 Cic.
1750 239 1790 270 de
1812 251 1911 283 prou.
1933 251 2026 273 cons.

162 291 201 322 C.
225 290 284 320 ΙΙΙ.
310 290 339 331 §.
363 291 410 322 5.:
445 302 523 321 cum
545 290 695 328 interea,
729 291 806 333 quis
829 295 986 322 nostrum
1005 291 1067 323 hoc
1088 302 1155 322 non
1176 291 1337 332 audiuit,
1373 291 1451 335 quis
1473 291 1635 334 ignorat,
1672 291 1827 324 Achaeos
1849 295 2024 337 ingentem

157 344 343 387 pecuniam
362 343 509 386 pendere
529 343 576 375 L.
597 343 721 374 Pisoni
743 343 952 387 quotannis?
993 343 1047 375 Ac
1067 342 1215 385 paenitet
1235 354 1301 383 me,
1325 355 1395 375 non
1417 343 1550 376 eiecisse
1573 355 1651 375 cum
1671 344 1777 376 Bakio
1801 352 1944 386 constat,
1966 346 2026 389 qui

162 402 254 427 recte
284 408 325 428 ex
352 395 473 427 multis
502 396 625 427 audire
658 402 692 426 et
721 401 854 428 constat
886 395 980 437 iungi
1012 395 1161 438 potuisse
1188 395 1337 437 negauit.
1380 396 1470 429 Uide
1500 397 1633 440 Proleg.
1663 398 1706 430 L.
1728 398 1772 429 II.
1801 398 1840 430 C.
1863 399 1890 431 Ι.
1920 399 1952 440 §.
1976 399 2025 431 15.

161 460 196 493 p.
218 449 312 483 LII..
348 447 406 478 ubi
429 454 541 479 tamen
563 448 651 479 male
672 453 802 479 tantum
826 447 938 479 omitti
959 459 1057 490 posse
1081 454 1215 481 constat
1239 448 1322 480 dixi.

247 501 367 541 Suum)
412 499 502 539 Quia
522 500 633 531 iurare
655 501 766 532 noluit
786 500 822 531 in
844 501 952 543 legem
977 500 1161 532 Saturnini.
1206 502 1421 534 MANUTIUS.

246 554 394 586 Senatus
409 551 563 596 factum)
608 553 710 594 Quod
741 564 802 595 ego
834 552 1075 593 defendissem,
1109 553 1138 585 si
1159 566 1311 598 pugnare
1336 554 1539 588 noluissem:
1579 567 1659 588 nam
1680 562 1812 589 senatus
1835 555 2027 588 coniuratos

160 612 314 639 extremo
337 605 504 647 supplicio
527 605 727 637 adficiendus
751 606 895 645 censuit,
922 606 975 637 cui
998 607 1115 638 consul
1136 607 1247 650 parui.
1290 607 1506 639 MANUTIUS.

250 659 378 691 Tamen
399 658 438 690 ob
461 659 570 697 illam,
593 659 684 702 quod
705 659 787 690 illut
808 659 1049 692 uoluntarium
1071 662 1196 694 uolnus
1218 660 1361 704 accepit)
1407 660 1462 691 Sic
1491 660 1658 694 Graeuius
1685 660 1820 704 scripsit
1845 660 2030 703 plurumo-

162 724 242 744 rum
265 711 415 742 codicum
437 711 667 742 auctoritatem
689 717 832 751 secutus,
854 722 930 743 011111
946 712 1133 746 Lambinus
1157 726 1199 746 ex
1222 713 1334 744 codice
1357 713 1503 755 quodam
1525 726 1597 754 suo,
1622 720 1736 747 tamen
1758 714 1797 746 ob
1820 714 1936 754 illam,
1959 726 2029 758 qua

162 767 245 798 illut
269 765 337 797 nol.
360 764 484 796 uolnus
508 766 657 808 accepit,
691 765 919 797 constantiam
941 765 1106 798 edidisset.
1149 766 1419 807 „Constantiam
1440 773 1517 810 post
1539 767 1578 799 ob
1601 768 1700 799 illam
1726 766 1875 810 primum
1898 766 2030 798 addidit

163 819 315 856 Iuntina,
341 828 441 858 quam
463 815 632 849 Uictorius
655 824 785 849 secutus
810 823 877 856 est3
904 818 1063 860 abestque
1085 830 1104 850 a
1125 819 1208 852 Msis
1233 821 1332 860 [unus
1354 820 1416 851 Mb
1439 819 1558 862 addit}
1602 820 1684 851 Inde
1706 818 1781 850 fieri
1802 819 1966 858 arbitror,
1989 825 2030 850 ut

162 878 275 904 totum
298 870 377 902 illut
399 869 437 900 ob
461 869 560 901 illam
582 871 809 902 constantiam
833 870 1011 902 delendum
1033 870 1092 909 sit,
1121 871 1365 913 legendumque
1388 877 1520 912 tamen,
1549 873 1641 917 quod
1662 873 1745 905 illut
1766 884 1800 904 ιι.
1823 871 1948 904 uolnus
1969 884 2029 904 ac-

167 926 257 969 cepit
283 931 362 955 etc..
405 923 452 953 Et
473 922 520 953 sic
543 922 644 954 edidi.
687 924 776 955 Nam
800 923 839 955 ob
861 924 978 963 illam,
1002 923 1093 967 quod
1114 924 1213 966 illut,
1237 925 1326 967 quod
1350 925 1517 956 Graeuius
1540 925 1657 965 edidit,
1682 931 1732 957 est
1754 925 1811 956 uel
1832 935 1915 956 sono
1937 924 2030 955 indi-

165 989 271 1020 guum
297 977 469 1009 Cicerone.
482 978 502 993 ‘⁵
535 976 758 1007 ERNESTIUS.
802 977 944 1009 Miratus
973 987 1049 1008 sum
1075 976 1312 1017 uehementer,
1351 977 1459 1009 omnis
1482 977 1555 1009 sere
1580 978 1728 1010 Graeuio
1749 977 1952 1010 recentiores
1974 976 2031 1008 hic

165 1029 335 1073 paruisse,
372 1028 548 1060 Oliuetum
574 1028 731 1071 inprimis
761 1028 802 1060 ab
828 1028 1048 1067 editionibus,
1084 1041 1164 1071 quas
1193 1030 1410 1072 sequebatur,
1445 1030 1509 1061 sibi
1532 1030 1768 1062 discedendum
1798 1030 2029 1062 existumasse.

163 1084 245 1115 Non
275 1080 431 1123 equidem
463 1092 663 1112 consensum
691 1081 845 1113 codicum
874 1082 1115 1125 plurumorum
1139 1083 1239 1125 parui
1267 1082 1376 1114 facere
1403 1083 1512 1122 sole03
1550 1083 1606 1114 hic
1629 1083 1730 1114 etiam
1751 1083 1851 1114 Barb.
1879 1089 1913 1114 et
1934 1094 2030 1115 meus

163 1141 275 1166 carent
298 1145 380 1165 uoce
403 1135 631 1166 constantiam
653 1140 684 1166 et
707 1134 870 1166 exhibent
892 1146 969 1165 cum
993 1135 1225 1175 Gruterianis‚
1260 1136 1299 1168 ob
1324 1136 1439 1175 illam,
1472 1147 1537 1179 quo
1560 1135 1651 1168 illut.
1694 1136 1816 1177 Neque
1833 1136 1915 1167 item
1939 1135 2030 1167 diffi-

163 1194 247 1225 teor,
271 1187 445 1218 subaudiri
466 1198 563 1230 posse
582 1188 888 1230 perseuerantiam.
931 1187 990 1218 Set
1010 1187 1159 1229 primum
1182 1188 1357 1228 contendo,
1380 1200 1450 1220 non
1473 1200 1543 1220 esse
1568 1189 1654 1220 hanc
1674 1188 1839 1230 loquendi
1861 1187 2029 1219 rationem

165 1241 328 1272 Cicerone
348 1239 501 1281 dignam,
526 1246 557 1271 et
578 1240 685 1271 multo
708 1247 797 1271 certe
818 1240 939 1271 melius
962 1239 1073 1271 adesse
1095 1242 1333 1274 constantiam.
1374 1240 1537 1273 Molestus
1561 1246 1611 1272 est
1633 1240 1724 1272 enim
1746 1240 1946 1272 caussalium
1968 1252 2028 1272 cu-

165 1294 294 1325 mulus.
319 1293 358 1325 ob
382 1294 497 1332 illam,
522 1294 613 1336 quod
629 1293 730 1332 illut,
756 1299 786 1325 et
805 1293 908 1335 paulo
933 1298 1028 1335 post,
1052 1294 1143 1337 quod
1164 1300 1196 1326 et
1218 1295 1297 1326 illos
1319 1294 1431 1338 ipsos3
1463 1304 1574 1335 neque
1595 1293 1715 1332 uideo,
1742 1293 1824 1336 quid
1847 1305 1930 1336 opus
1953 1292 2030 1325 fue-

164 1347 207 1378 rit
230 1346 464 1388 interponere,
496 1346 533 1377 ob
556 1347 654 1378 illam
675 1346 710 1378 h.
734 1358 762 1377 e.
781 1347 1097 1390 perseuerantiam,
1129 1358 1205 1378 cum
1230 1347 1358 1378 duobus
1382 1347 1482 1377 etiam
1508 1347 1575 1378 illis
1597 1347 1736 1378 remotis
1758 1347 1871 1378 uerbis
1894 1350 1927 1378 et
1948 1358 2031 1390 per-

165 1400 281 1443 spicua
303 1399 410 1430 oratio
433 1405 464 1430 et
482 1399 604 1430 melior
625 1399 812 1441 conpositio
836 1406 870 1431 et
891 1400 1004 1431 omnia
1026 1399 1146 1431 fierent
1166 1400 1335 1431 nitidiora.
1378 1400 1473 1431 Haec
1495 1406 1634 1442 optume
1655 1398 1827 1430 intellexit
1847 1399 2030 1438 Ernestus3

167 1453 261 1484 dedit
283 1452 401 1494 igitur,
438 1456 568 1490 tamen,
599 1452 690 1495 quod
710 1452 792 1484 illut
812 1459 892 1492 etc.,
926 1453 1054 1494 trisque
1075 1464 1174 1484 uoces
1198 1453 1237 1485 ob
1260 1454 1358 1485 illam
1380 1454 1610 1485 constantiam
1631 1451 1707 1483 falsi
1730 1451 1937 1494 dampnauit.
1981 1451 2030 1484 At

164 1516 290 1547 neque,
315 1516 374 1535 cur
395 1504 430 1535 in
454 1504 608 1535 omnibus
631 1505 724 1536 libris
746 1505 876 1547 priores
900 1505 986 1536 duae
1007 1506 1247 1545 remanserint,
1272 1505 1431 1548 expedire
1451 1516 1607 1547 possum,
1629 1516 1739 1547 neque
1759 1511 1872 1536 tamen
1894 1505 2031 1537 Ernesti

165 1558 265 1590 lectio
296 1569 358 1600 par
385 1557 471 1588 mihi
492 1557 734 1589 Lambinianae
762 1558 898 1589 uidetur
925 1564 1068 1601 propter
1097 1559 1288 1601 sequentia,
1325 1559 1416 1603 quod
1439 1564 1472 1590 et
1495 1558 1574 1590 illos
1597 1564 1677 1589 etc..
1721 1556 1853 1590 Deinde
1876 1557 2030 1597 obseruo,

166 1623 235 1643 11011
258 1623 276 1641 a
299 1611 470 1652 Naugerio
494 1616 552 1641 aut
573 1610 719 1652 Angelio
742 1611 892 1654 primum
914 1611 1086 1642 inmissam
1109 1611 1212 1643 fuisse
1231 1624 1350 1644 uocem
1372 1613 1623 1651 constantiam&
1644 1616 1693 1642 set
1714 1622 1791 1641 cum
1812 1609 1849 1641 in
1871 1610 1973 1642 Rom.
1997 1616 2031 1642 et

166 1665 203 1695 in
225 1663 350 1693 duabus
373 1663 460 1695 Uen.
489 1663 557 1693 iam
580 1662 706 1694 dudum
735 1670 879 1703 extaret,
917 1671 994 1707 post
1016 1676 1049 1695 u.
1073 1666 1295 1698 [Uetellornm
1320 1665 1408 1696 male
1429 1665 1556 1707 posita,
1595 1665 1631 1696 in
1661 1662 1927 1695 commodiorem
1955 1675 2029 1695 eam

165 1717 280 1748 locum
302 1714 490 1756 Naugerius
513 1716 695 1755 transtulit,
732 1717 804 1748 siue
826 1718 908 1749 Msis
931 1717 1141 1757 iubentibus,
1178 1718 1249 1750 siue
1270 1717 1464 1760 postulante
1487 1717 1627 1748 o'mnino
1655 1715 1830 1747 sententia.
1873 1715 2029 1756 Accedit,

167 1768 253 1811 quod
277 1767 462 1799 Lambinus
486 1778 528 1798 ex
552 1779 619 1799 uno
641 1769 717 1800 Mso
741 1776 877 1812 optume
899 1770 1004 1801 dedit:
1030 1775 1143 1802 tamen
1165 1770 1204 1802 ob
1227 1771 1343 1809 illam,
1372 1782 1441 1814 qna
1464 1770 1546 1801 illut
1568 1782 1602 1801 ιι.
1624 1770 1750 1802 uolnus
1771 1768 1921 1812 accepit,
1950 1780 2031 1800 con-

167 1822 355 1860 stantiam,-
392 1819 479 1861 quod
509 1819 545 1851 in
566 1820 666 1851 Pucci
688 1821 802 1854 codice
829 1823 918 1854 idem
946 1822 1022 1854 fuit.
1066 1823 1120 1854 De
1141 1823 1206 1855 hoc
1228 1823 1342 1855 eodem
1367 1823 1410 1864 Q.
1432 1823 1573 1854 Metello
1596 1821 1778 1855 Numidico
1809 1827 1857 1852 est
1877 1820 1949 1863 ipse
1971 1820 2032 1852 Ci-

168 1886 244 1905 cero
269 1872 487 1904 conferendus
509 1885 572 1916 pro
597 1874 688 1906 Sext.
713 1886 741 1906 c.
769 1875 835 1907 16..
864 1876 1122 1907 GARATONIFS.
1167 1875 1278 1907 Etiam
1299 1875 1367 1907 cod.
1391 1875 1472 1906 Bau.
1497 1881 1612 1909 tamen
1634 1876 1672 1907 ob
1695 1875 1805 1913 illam,
1828 1873 1920 1917 quod
1940 1873 2033 1905 illud

168 1933 251 1958 etc..
296 1927 352 1957 Set
373 1926 438 1957 hoc
463 1937 572 1968 neque
595 1926 677 1957 olim
698 1928 858 1970 probaui,
896 1939 1006 1969 neque
1028 1928 1168 1970 probare
1197 1939 1286 1959 nunc
1307 1939 1457 1971 possum.
1501 1928 1582 1961 Uidi
1605 1927 1728 1959 etenim
1748 1937 1882 1968 semper
1906 1931 2033 1957 tantam

167 1978 302 2011 Metelli
328 1978 470 2020 gloriam
493 1990 563 2010 non
585 1979 661 2010 inde
682 1981 868 2022 profectam
891 1980 972 2019 dici,
997 1981 1084 2023 quod
1105 1981 1377 2024 perseuerantiae
1400 1992 1521 2021 caussa,
1545 1993 1589 2012 ne
1611 1992 1630 2012 a
1652 1978 1814 2012 sententia
1837 1978 2032 2018 discederet,

169 2031 297 2073 expelli
322 2042 356 2062 se
379 2030 510 2062 ciuitate
535 2031 577 2063 sit
597 2044 730 2075 passus,
759 2040 810 2065 set
830 2034 866 2065 in
889 2045 927 2065 eo
951 2045 1099 2066 caussam
1119 2035 1210 2066 illius
1231 2033 1357 2076 gloriae
1378 2034 1475 2076 poni,
1509 2033 1618 2076 quod,
1645 2043 1721 2062 cum
1743 2037 1855 2074 posset
1875 2030 1977 2062 armis
2000 2035 2034 2061 et

169 2085 367 2116 sententiam
393 2090 425 2115 et
446 2084 616 2116 ciuitatem
637 2086 802 2127 retinere,
841 2098 901 2118 sua
924 2098 1036 2119 caussa
1067 2088 1176 2119 ciuem
1204 2086 1342 2118 interire
1372 2086 1523 2117 uoluerit
1549 2085 1732 2117 neminem.
1776 2084 1915 2116 Dictum
1934 2082 2033 2114 etiam

170 2136 262 2167 illius
286 2135 391 2167 refert
410 2136 590 2179 Appianus
612 2138 639 2169 I.
662 2139 763 2171 Ciuil.
787 2140 857 2180 51„
882 2152 959 2172 cum
981 2140 1077 2172 bonis
1100 2140 1203 2180 uiris,
1230 2139 1288 2181 qui
1309 2138 1348 2170 ad
1372 2150 1448 2170 eum
1473 2137 1717 2170 defendendum
1741 2135 1862 2169 armati
1883 2135 2032 2174 aderant,

170 2189 291 2231 gratias
315 2188 397 2230 egit,
421 2195 454 2221 et
471 2202 539 2222 non
561 2192 779 2232 conmittam,
801 2192 929 2234 inquit,
953 2194 1065 2226 ullum
1085 2200 1125 2226 ut
1141 2193 1339 2239 periculum
1355 2192 1495 2236 patriae
1515 2203 1592 2224 mea
1614 2203 1737 2223 caussa
1765 2195 1910 2222 creetur.
1951 2187 2032 2220 Hu-

172 2241 222 2272 ius
249 2241 368 2272 consili
389 2241 587 2284 sapientiam
612 2244 724 2277 laudat
749 2245 947 2277 Plutarchus
975 2246 1011 2277 in
1033 2246 1144 2278 Mario
1167 2258 1194 2277 c.
1219 2256 1286 2287 29..
1330 2246 1511 2276 Ernestum
1533 2244 1664 2286 itaque,
1700 2242 1758 2285 qui
1780 2242 1820 2274 ob
1841 2242 1940 2274 illam
1961 2239 2032 2270 eie-

172 2299 276 2331 cerat,
300 2300 387 2324 recte
410 2295 523 2326 locum
544 2296 753 2329 intellexisse
773 2298 909 2339 fatebar,
933 2306 981 2330 set
1002 2309 1080 2330 cum
1104 2298 1254 2330 uiderem
1276 2298 1356 2330 haut
1379 2298 1466 2329 bene
1488 2297 1581 2341 quod
1599 2295 1715 2328 iterari
1737 2293 1920 2327 necessario
1943 2291 2031 2324 infra

171 2345 338 2387 positum,
363 2353 396 2379 et
417 2359 517 2380 uoces
539 2349 578 2381 ob
601 2350 718 2389 illam,
749 2362 832 2393 quae
854 2351 891 2383 in
912 2352 1068 2384 omnibus
1090 2352 1186 2384 libris
1211 2356 1347 2390 extant,
1372 2351 1473 2381 aliam
1495 2356 1609 2381 tamen
1631 2350 1668 2381 in
1688 2348 1802 2392 paucis
1825 2345 1965 2384 habere,
1991 2343 2031 2375 ad

172 2409 274 2440 quam
295 2398 502 2441 referantur,
525 2413 648 2445 nempe
670 2406 917 2437 constantiam.-
941 2404 1101 2436 Lambini
1122 2403 1285 2435 iudicium
1305 2403 1393 2434 nihil
1416 2402 1558 2434 delentis
1579 2401 1725 2446 praetuli
1745 2406 1844 2442 atque
1867 2398 1910 2429 ita
1931 2396 2032 2429 exhi-

173 2450 302 2483 bentis:
339 2457 451 2486 tamen
474 2454 514 2487 ob
536 2455 653 2496 illam,
685 2469 753 2500 qua
777 2458 798 2490 i.
821 2470 856 2491 ιι.
877 2471 912 2492 ιι.
933 2471 983 2498 (1.,
1015 2458 1254 2491 constantiam.
1295 2456 1350 2488 De
1371 2455 1534 2488 sententia
1555 2466 1626 2486 non
1647 2451 1834 2491 demoueri,
1870 2459 2031 2493 perseue-
