2185 2720
164 175 201 203 32
817 166 1393 198 COMMENTARIUS.

165 243 353 277 tentionem
377 247 534 273 nostrum
557 240 681 283 exigis,
718 246 752 272 et
775 253 836 274 cur
860 248 898 274 tn
921 243 959 275 id
985 244 1021 275 in
1047 244 1177 275 indicio
1200 248 1240 274 ut
1255 241 1331 284 fiat
1353 242 1536 285 exprimis,
1566 242 1602 273 id
1625 249 1694 282 est,
1727 255 1788 275 cur
1813 249 1851 275 tu
1874 244 1982 287 exigis
2009 250 2049 276 ut

167 296 224 329 fiat
253 294 424 327 contentio
456 300 623 326 nostrum.
668 295 801 326 Uerum
831 306 934 336 quom
962 295 998 326 iu
1021 297 1154 337 Proleg.
1177 296 1219 327 L.
1244 294 1286 324 II.
1312 293 1350 324 C.
1374 294 1401 324 I.
1426 295 1456 335 §.
1481 294 1511 326 8.
1537 294 1761 334 docuerimus,
1784 297 1987 328 Bauaricum
2017 303 2052 328 et

166 347 422 385 Erfurtensem‚
448 345 506 387 qui
528 346 608 377 libri
631 346 695 377 soli
719 346 843 389 utfiat
865 347 1012 388 addunt,
1041 348 1124 379 haut
1146 358 1222 378 raro
1249 345 1476 387 interpretum
1499 346 1728 377 additamenta
1750 348 1917 380 Tullianis
1939 350 2053 381 uerbis

168 399 394 437 inmiscuisse,
420 409 591 440 quomque
614 398 744 430 facilius
767 400 1008 442 perspiciatur,
1042 411 1102 431 cur
1126 399 1241 430 addita
1264 398 1344 429 haec
1366 399 1406 429 ab
1430 398 1618 440 interprete
1639 397 1727 437 sint,
1758 410 1857 440 quam
1883 401 2054 442 quomodo

169 453 288 486 librari
311 451 523 493 neglegentia
545 452 657 483 omitti
679 453 865 495 potuerint,
891 452 1058 484 Garatoni
1081 451 1187 484 malui
1210 461 1311 492 quam
1335 451 1457 491 Orelli,
1485 451 1544 493 qui
1566 450 1662 482 Tulli
1682 451 1764 482 haec
1786 451 1890 482 uerba
1910 454 2055 495 putauit,

171 506 295 539 iudicio
319 503 541 535 subscribere.

257 558 330 591 Hic
352 568 455 600 quam
477 556 538 587 ille
560 556 722 599 dignior.-
739 569 912 601 perquam
931 562 1078 600 granest
1101 555 1211 599 dictu)
1256 555 1384 587 Errant
1404 556 1624 597 interpretes,
1661 555 1720 597 qui
1742 554 1795 587 his
1820 555 1935 588 uerbis
1953 568 2059 599 gene-

173 611 279 645 ralem
302 607 505 641 sententiam
527 609 693 640 contineri
715 616 847 652 putant.
893 609 1100 640 Pronomine
1125 608 1181 640 liic
1203 608 1376 648 Plancius,
1410 609 1470 640 ille
1497 607 1690 639 Laterensis
1720 607 1938 649 significatur.
1982 607 2060 641 Hoc

175 664 267 697 enim
290 662 371 692 dicit
394 661 530 691 Cicero:
555 661 730 692 Plancium
754 673 855 703 quam
876 662 1096 692 Laterensem
1120 661 1311 703 digniorem
1333 661 1446 698 fuisse,
1473 671 1541 691 non
1564 659 1671 690 audeo
1696 659 1818 699 dicere,
1841 672 1930 700 cum,
1954 660 1984 692 si
2004 661 2060 693 di-

174 727 298 753 cerem,
321 714 386 745 hoe
408 719 681 754 consequeretur,
705 720 743 744 ut
766 714 959 745 Laterensis
981 713 1133 745 animum
1157 714 1376 745 offenderem.
1424 713 1524 755 Quod
1549 711 1725 743 Ernestius
1749 712 1901 751 coniecit,
1925 727 1971 746 an
1992 725 2058 757 pro

177 780 282 814 quarn
303 764 518 797 scribendum
543 776 629 804 esse,
672 765 707 796 id
731 766 777 797 sic
799 771 932 796 tantum
964 766 1189 797 necessarium
1223 773 1326 806 esset,
1363 767 1391 797 si
1415 767 1534 797 Cicero
1563 765 1628 795 lmc
1658 763 1770 794 dicere
1799 764 1984 806 debuisset,
2023 777 2060 798 se

175 822 268 854 nolle
291 817 493 856 diiudicare,
525 823 602 848 uter
623 817 728 849 fuerit
751 817 896 859 dignior.
939 819 1050 861 Atqui
1073 819 1137 850 hoc
1159 831 1221 850 nec
1245 819 1399 850 debuisse
1424 830 1486 850 nec
1508 817 1658 861 potuisse
1679 815 1811 856 dicere,
1844 828 1862 848 e
1885 818 2061 860 sequenti-

174 875 237 906 bus
260 869 439 903 manifesto
462 875 614 911 apparet.

264 923 441 964 Quomodo
471 923 585 965 igitur
618 928 667 955 est
690 923 861 967 aequius?
905 923 963 955 Sic
985 924 1105 956 credo.-
1128 942 1168 948 —
1201 925 1257 957 hic
1271 925 1397 969 faetus
1422 924 1486 967 est)
1531 924 1655 955 Sensus
1678 928 1744 953 est:
1785 922 1875 953 Cum
1897 922 2060 965 dignitate

176 983 398 1014 Laterensem
430 985 449 1005 a
472 975 606 1005 Plancio
637 986 707 1005 esse
740 981 937 1016 superatum
965 975 1077 1007 dicere
1108 988 1178 1008 non
1206 977 1322 1016 liceat,
1359 989 1460 1020 quaxn
1490 976 1627 1008 tandein
1654 975 1840 1015 rationem,
1873 986 1936 1006 eur
1955 974 2062 1008 factus

176 1030 333 1065 Plancius
357 1027 420 1065 sit,
444 1025 578 1057 adferre
601 1027 706 1069 magis
728 1028 914 1059 conuenit?
957 1028 1055 1059 Hanc
1076 1036 1178 1072 puto,
1212 1030 1301 1072 quod
1327 1030 1480 1061 Plancius
1503 1029 1609 1060 sactus
1631 1033 1693 1059 est.

265 1083 323 1114 Sic
347 1079 465 1111 credo:
497 1080 588 1122 qnod
608 1081 748 1122 agitur,
775 1080 867 1123 quod
888 1080 974 1111 satis
998 1087 1048 1113 est
1073 1083 1204 1114 indici.-
1233 1083 1290 1114 llic
1303 1082 1429 1125 fartus
1451 1082 1515 1124 est)
1561 1081 1667 1113 Modo
1691 1080 1841 1119 dixerat,
1870 1091 1980 1123 quare
2003 1080 2061 1112 ui-

181 1145 256 1172 ctus
279 1135 343 1171 sis,
366 1144 433 1162 non
457 1132 576 1163 debere
601 1133 750 1164 iudicem
774 1145 953 1176 quaerere,
975 1135 1074 1165 modo
1096 1147 1138 1166 ne
1162 1135 1362 1177 largitione.
1406 1134 1582 1176 (Sequitur
1609 1135 1691 1165 haut
1713 1133 1898 1165 necessaria
1921 1138 1954 1163 et
1977 1132 2062 1164 haut

178 1194 323 1224 uenusta
344 1184 521 1226 repetitio,
544 1185 591 1215 sis
615 1186 749 1223 uictus,
780 1185 967 1226 similisque
990 1185 1109 1216 inlatas
1133 1187 1360 1218 animaduerti
1381 1188 1530 1231 multas.)
1572 1187 1702 1218 Idcirco
1726 1186 1825 1225 dicit,
1864 1186 1956 1229 quod
1976 1185 2064 1217 satis

183 1250 233 1278 est
258 1239 378 1273 iuclivi.
423 1238 482 1267 Set
504 1236 671 1277 etiamne,
720 1239 812 1281 qnod
833 1238 981 1280 agitur?
1025 1238 1135 1279 Atqui
1163 1250 1231 1269 non
1255 1239 1289 1270 id
1313 1240 1440 1281 agitur,
1487 1239 1593 1271 factus
1616 1251 1678 1271 nec
1702 1250 1745 1270 ne
1767 1239 1829 1277 sitf,
1875 1243 1926 1268 set
1947 1243 2066 1267 utrum

182 1295 322 1332 ambitu,
345 1302 388 1322 an
410 1296 500 1320 recte
524 1296 624 1331 atque
648 1289 777 1320 ordine.
801 1290 974 1321 Manutius
997 1291 1084 1321 mire
1105 1292 1262 1331 caecutit,
1288 1293 1345 1334 qui
1368 1299 1444 1324 uter
1467 1291 1591 1331 sactus,
1638 1291 1691 1334 agi
1712 1296 1821 1334 putat.
1865 1289 1942 1320 Hoc
1962 1287 2068 1330 igitur

182 1350 218 1381 in
241 1345 355 1377 codice
380 1342 561 1373 Dresdensi
586 1341 723 1372 uidetur
745 1342 867 1372 merito
890 1343 1178 1384 praetermissum.
1225 1344 1295 1386 Qui
1317 1345 1455 1383 retinet,
1480 1344 1526 1375 sic
1548 1344 1735 1387 intellegat,
1759 1342 1851 1386 quod
1870 1341 2002 1373 adtinet
2021 1338 2066 1371 ad

184 1401 236 1440 id,
269 1398 310 1428 de
334 1407 400 1437 quo
424 1395 545 1436 agitur.
585 1395 844 1425 GARAToxirs.
892 1395 1025 1426 Codicis
1049 1396 1267 1436 Dresdensis,
1305 1398 1409 1428 uerba
1433 1397 1525 1440 quod
1544 1397 1667 1439 agitur
1689 1395 1897 1434 emittentis,
1935 1393 2067 1425 nullam

183 1462 322 1497 prorsus
346 1448 582 1479 auctoritatem
605 1458 693 1486 esse,
731 1447 863 1488 Proleg.
895 1448 936 1478 L.
961 1448 1003 1478 Π.
1029 1449 1066 1479 C.
1091 1449 1117 1479 Ι.
1150 1449 1254 1490 §.16.
1279 1449 1596 1480 demonstrauimus.
1640 1448 1803 1488 Accedit,
1841 1445 1934 1489 quod
1964 1456 2067 1488 quam

184 1505 282 1538 facile
307 1502 483 1533 oculorum
505 1500 718 1530 aberratione
740 1499 844 1529 uerba
867 1499 925 1530 illa
947 1500 1060 1531 omitti
1082 1507 1285 1543 potuerunt,
1319 1507 1388 1532 tam
1411 1500 1672 1543 improbabilest,
1707 1501 1866 1542 cuiqnam
1887 1497 2070 1541 interpreti

186 1555 340 1590 addenda
361 1554 512 1596 potuisse
537 1551 656 1583 uideri.
701 1552 810 1582 Immo
835 1551 862 1582 si
884 1552 1087 1583 alterutrum
1110 1553 1321 1591 membrum,
1345 1559 1401 1583 aut
1425 1554 1517 1596 qnod
1537 1554 1680 1596 agitur,
1708 1559 1766 1584 aut
1796 1553 1887 1596 quod
1909 1552 1995 1584 satis
2017 1556 2070 1584 est

187 1609 316 1646 iudici,
350 1607 533 1636 delendum
557 1610 656 1643 esset,
687 1604 855 1646 posterius
881 1604 1037 1646 spurium
1062 1605 1262 1644 iudicarem,
1296 1605 1386 1647 quod
1411 1606 1546 1636 nonnisi
1569 1604 1788 1647 explicationi
1811 1605 1936 1647 prioris
1958 1604 2070 1636 inser-

185 1662 260 1693 uire
284 1665 415 1689 certum
440 1658 493 1688 sit.
539 1658 669 1689 Uerum
693 1656 805 1687 omnia
827 1667 906 1687 sana
929 1656 983 1687 hic
1008 1663 1087 1688 sunt
1111 1664 1144 1688 et
1165 1658 1205 1688 ab
1229 1659 1302 1700 ipso
1328 1657 1494 1688 Cicerone
1516 1657 1685 1699 profecta,
1708 1668 1811 1697 quem
1832 1656 1924 1688 idem
1946 1662 2068 1687 tenen-

189 1715 303 1747 dumst
326 1712 380 1742 hic
403 1710 538 1748 secisse,
564 1715 602 1739 ut
623 1708 692 1738 duo
715 1708 936 1750 coniungeret
957 1710 1125 1749 membra,
1151 1722 1297 1752 quorum
1322 1709 1417 1752 prius
1440 1709 1641 1740 sententiam
1664 1709 1875 1750 generalem,
1899 1707 2068 1750 posterius

187 1765 367 1810 specialem
390 1762 594 1799 contineret,
620 1760 710 1802 quod
733 1772 809 1790 cum
831 1761 913 1791 alibi
935 1774 1033 1804 saepe
1056 1762 1145 1800 fecit,
1168 1768 1241 1793 turn
1265 1762 1290 1792 I.
1315 1761 1350 1792 in
1374 1762 1446 1792 Cat.
1469 1762 1529 1800 ΙΙΙ,
1550 1761 1583 1792 6.
1627 1762 1732 1793 Muta
1754 1761 1825 1792 iam
1846 1761 1952 1792 istam
1973 1769 2069 1792 men-

190 1827 277 1856 tem3
307 1816 511 1847 oblini-scere
533 1814 647 1845 caedis
670 1819 775 1856 atque
804 1814 1060 1853 ineencliornnz3
1093 1814 1321 1851 mihicrede,
1356 1815 1481 1845 teneris
1512 1814 1684 1857 undique3
1715 1813 1790 1845 luce
1811 1818 1893 1845 sunt
1914 1813 2068 1845 clariora

191 1871 285 1904 nobis
310 1875 369 1899 tua
393 1868 538 1898 consilia
561 1866 688 1897 omnia.
736 1866 781 1897 Ut
804 1866 852 1897 ibi
881 1874 979 1899 muta
1001 1885 1044 1890 —
1068 1873 1214 1899 mentem
1238 1867 1350 1897 uerbis
1373 1867 1574 1907 obliuiscere
1594 1884 1637 1890 —-
1657 1866 1896 1898 incendiorum
1919 1870 1952 1895 et
1972 1870 2068 1897 tene-

193 1924 242 1955 ris
276 1922 428 1963 undique
457 1919 570 1948 uerbis
600 1919 674 1949 lnce
696 1936 737 1941 —
760 1921 877 1951 onznia
907 1921 1140 1962 explicantur,
1177 1920 1223 1949 ita
1246 1918 1301 1949 hic
1324 1920 1416 1962 qnod
1436 1920 1576 1962 agitur,
1607 1917 1643 1948 id
1669 1924 1734 1957 est,
1757 1924 1797 1949 ut
1821 1924 1912 1949 recte
1932 1916 2069 1948 monuit

193 1972 417 2009 Garatonius,
450 1970 539 2011 quod
563 1971 692 2000 adtinet
714 1970 755 2000 ad
778 1971 830 2009 id,
862 1971 903 2002 de
927 1984 993 2013 quo
1022 1972 1150 2013 agitur,
1182 1971 1293 2013 (nobis
1316 1971 1462 2014 morans
1477 1984 1511 2003 es
1534 1973 1609 2003 hier
1631 1970 1818 2012 ankommt)
1849 1970 1954 2012 magis
1977 1969 2071 2000 inlu—

193 2032 319 2059 stratur
338 2023 451 2053 uerbis
475 2023 566 2066 qnod
585 2024 671 2053 satis
695 2029 744 2054 est
768 2024 887 2056 iudici.
930 2023 1140 2055 Elocutionis
1163 2023 1272 2061 illius,
1297 2024 1388 2066 qaod
1409 2023 1543 2065 agitur,
1564 2025 1643 2053 haec
1666 2023 1818 2054 Orellius
1839 2034 1884 2054 ex
1906 2022 2072 2054 Cicerone

193 2077 317 2110 adtulit
340 2076 513 2115 exempla:
538 2086 601 2115 pro
628 2076 710 2106 Rab.
735 2076 765 2106 5.
790 2088 899 2120 neque
921 2089 984 2120 ego
1008 2077 1063 2114 id,
1089 2076 1180 2119 quod
1201 2088 1268 2106 non
1291 2076 1431 2117 agitur,
1453 2074 1647 2117 defendere.
1676 2074 1758 2105 ibid.
1785 2076 1833 2106 15.
1861 2086 1954 2107 nunc
1975 2084 2070 2112 uero,

195 2131 280 2175 quid
301 2128 449 2170 agitur?
473 2126 514 2155 de
537 2126 638 2156 Pron.
663 2139 752 2158 cons.
776 2128 806 2158 4.
832 2131 873 2161 de
889 2129 1096 2172 prouincia,
1119 2128 1211 2171 qnod
1232 2128 1365 2169 agitur,
1388 2127 1426 2157 id
1447 2127 1595 2169 disputo.
1617 2126 1660 2157 de
1682 2127 1763 2158 Diu.
1787 2127 1820 2166 I,
1844 2127 1896 2169 59.
1920 2138 1983 2159 cur
1995 2125 2071 2168 fiat

199 2183 349 2227 qnidqne
373 2178 535 2222 qnaeris?
577 2179 684 2210 Recte
706 2181 861 2220 omnino3
884 2187 935 2213 set
956 2193 1047 2213 nunc
1069 2192 1135 2211 non
1151 2180 1190 2211 id
1211 2180 1355 2221 agitur.-
1371 2177 1446 2220 fiat
1467 2192 1571 2211 necne
1585 2179 1671 2222 fiat,
1694 2180 1733 2211 id
1754 2180 1945 2223 quaeritur.
1965 2176 2070 2210 Addo

197 2246 241 2266 ex
265 2230 452 2263 innumeris
476 2232 642 2271 exemplis
667 2232 731 2262 hoc
754 2245 860 2263 unum
884 2245 927 2263 ex
948 2233 1035 2263 Phil.
1053 2233 1115 2270 XI,
1146 2244 1193 2263 io.
1217 2243 1308 2262 nunc
1331 2231 1422 2274 quod
1442 2232 1566 2274 agitur
1588 2243 1746 2274 agamus.
1788 2232 1924 2274 Agitur
1943 2233 2072 2267 autem,

199 2286 342 2318 liberine
368 2283 548 2320 uiuamus,
583 2296 628 2314 an
651 2291 793 2316 mortem
817 2285 985 2317 obeamus.
1009 2302 1052 2309 -
1097 2285 1258 2315 Ceterum
1282 2283 1341 2314 uix
1372 2294 1456 2324 opus
1479 2289 1529 2314 est
1552 2290 1589 2314 ut
1612 2295 1785 2322 moneam,
1819 2282 1924 2313 uerba
1945 2281 1993 2312 sis
2015 2282 2073 2313 ui-

199 2344 292 2374 ctus,
315 2346 399 2376 quae
422 2334 668 2365 inconsiderate
693 2337 897 2367 Garatonius
920 2348 983 2379 pro
1006 2337 1129 2379 spuriis
1152 2335 1287 2373 habuit,
1310 2335 1411 2377 plane
1434 2346 1476 2366 ex
1500 2335 1742 2366 consuetudine
1764 2334 1922 2365 Tulliana
1944 2332 2074 2363 adiecta

199 2400 270 2420 esse
296 2394 503 2429 optumeque
531 2386 572 2416 ad
595 2387 822 2429 integritatem
851 2389 997 2419 membri
1018 2388 1138 2420 facere.
1183 2388 1238 2419 Sic
1259 2399 1323 2430 pro
1347 2388 1455 2419 Sestio
1478 2387 1545 2425 III,
1576 2388 1605 2418 6.
1649 2387 1792 2420 Ademit
1812 2385 1939 2418 Albino
1965 2385 2075 2417 soceri

201 2452 322 2474 nomen
350 2450 441 2470 mors
460 2438 588 2481 filiae,
625 2446 676 2472 set
706 2442 889 2474 caritatem
917 2442 1016 2474 illius
1047 2441 1310 2474 necessitudinis
1340 2446 1374 2473 et
1398 2440 1668 2473 beneuolentiam
1691 2449 1759 2470 non
1785 2438 1925 2469 ademit.
1970 2435 2073 2478 Quod
