2185 2720
715 126 740 156 c
760 126 788 154 A
808 127 850 156 P.
889 125 999 155 xxn.
1028 123 1056 165 ς.
1084 130 1130 158 54.
1156 140 1195 147 —
1214 125 1341 154 xxm.
1368 125 1395 166 §·
1417 131 1462 158 55.
1972 134 2027 161 151

145 217 172 236 c.
198 216 228 245 7.
255 204 310 236 Tu
332 216 440 247 neque
462 203 504 243 Q.
526 200 767 245 Pedi0,forti
796 202 890 240 nim,
925 213 1120 239 suscenses,
1151 213 1259 244 neque
1286 201 1367 234 hnic
1388 200 1433 234 Α.
1458 200 1594 239 Plotio,
1627 200 1860 232 ornatissumo
1883 203 2026 242 homini,

135 258 319 303 familiari
350 269 441 295 meo,
474 262 507 288 et
528 256 570 288 ab
594 267 649 293 ee,
684 255 744 298 qni
766 254 826 286 hos
852 255 1000 286 dimouit
1015 256 1136 298 potins
1165 267 1268 298 qnam
1290 254 1332 287 ab
1352 255 1415 292 iis,
1449 254 1508 297 qai
1531 254 1566 285 in
1593 259 1625 285 te
1648 254 1762 296 ipsum
1784 253 2027 297 incubuerunt,

147 316 180 343 te
201 310 383 354 depulsum
399 315 520 353 putas.
565 308 662 349 Quae
692 317 822 345 caussa,
859 318 919 337 cur
941 318 1010 337 non
1031 307 1160 346 Plotio,
1196 313 1246 338 set
1276 307 1411 338 Plancio
1441 308 1656 338 suscenseat?
1695 317 1780 348 quae
1808 318 1930 349 porro,
1967 320 2027 341 cur

146 373 215 394 non
239 362 352 401 illum,
376 369 426 394 set
448 363 538 394 hunc
559 359 753 392 Laterensis
775 361 949 392 accusset?
972 366 1029 391 aut
1051 360 1161 399 nulla,
1191 367 1248 391 aut
1270 361 1318 392 ita
1338 359 1442 398 leuis,
1469 365 1508 390 ut
1529 371 1597 390 non
1623 365 1793 401 appareat.
1837 361 1914 392 Hoc
1937 361 2028 394 enim

147 415 328 458 significat,
363 427 465 457 quom
487 414 552 446 ait:
593 426 615 446 a
638 425 703 457 qno
728 425 794 445 non
821 414 869 445 sis
892 419 1057 457 rogatus.-
1093 413 1183 456 quod
1206 425 1276 445 non
1301 413 1390 445 serio
1412 423 1561 455 uereque
1583 411 1726 452 dicitur,
1760 413 1854 455 quasi
1875 424 1894 444 a
1915 413 2027 446 Plotio

149 475 286 512 rogatus
309 467 423 500 fuerit.
436 469 457 485 “

236 533 331 564 Eum
353 536 386 563 te
407 529 612 573 arripuisse)
654 527 830 560 Plancium
866 534 900 560 te
929 528 1000 561 sine
1028 529 1159 561 ratione
1187 529 1326 569 idonea,
1362 527 1553 561 temeritate
1576 528 1720 570 quadam
1749 528 1784 559 in
1807 529 1858 561 ius
1880 542 2027 562 uocasse.

149 586 230 618 Non
261 584 351 615 enim
381 582 568 625 simplicem
591 582 797 614 <zi-cassandi
827 582 1019 623 notionem,
1054 583 1257 614 ut.ui‹]etur
1280 583 1436 615 Manutio
1461 582 1696 624 Graeuioque,
1731 583 1887 626 arripere
1916 585 2027 616 habet.

150 636 318 679 Exempla
342 635 434 666 dabit
458 636 629 666 Gesnerus
653 635 714 666 sub
738 635 771 666 h.
796 646 889 666 uoce.

233 699 271 733 A
292 711 356 743 quo
379 711 446 730 non
468 699 516 731 sis
539 699 698 743 rogatus)
743 699 791 731 Ut
811 709 853 729 ne
875 709 1000 729 nomen
1022 710 1122 731 suum
1144 710 1163 729 a
1186 704 1220 730 te
1243 697 1445 730 deferretur.

234 763 333 796 ,Nam
356 762 447 806 quod
471 769 610 806 questas
633 763 678 804 es)
726 763 778 793 De
806 773 904 792 sensu
933 774 1015 794 nam
1044 762 1228 805 particulae
1259 761 1346 793 mira
1371 759 1625 792 conminiscitur
1650 761 1840 794 XVeiskius.
1885 761 2031 794 Dixerat

150 814 254 847 modo
278 816 415 854 Cicero,
439 816 550 846 uideri
574 817 812 852 Laterensem,
836 820 873 845 ut
891 814 1067 845 Plancium
1088 814 1315 856 potissumum
1337 826 1434 845 reum
1456 814 1596 853 faceret,
1621 825 1697 844 cum
1720 814 1754 845 in
1783 814 1875 847 idem
1903 817 2031 847 crimen

151 868 282 900 uocarit
303 869 348 901 A.
372 869 538 906 Plotium,
564 868 626 899 hac
651 873 846 898 conmotum
870 879 983 898 caussa
1006 879 1092 907 esse,
1127 867 1217 910 quod
1239 879 1258 899 a
1280 868 1437 906 Plancio,
1477 874 1515 898 ut
1538 879 1579 898 ne
1603 879 1727 898 nomen
1750 880 1849 899 suum
1873 867 2032 908 deferret,

151 932 222 952 non
251 921 295 953 sit
324 927 471 963 rogatus.
515 921 598 952 Eius
627 920 811 952 sententiae
842 921 1007 951 rationem
1031 931 1120 950 nunc
1141 921 1268 959 reddit,
1303 921 1350 953 ita
1372 927 1410 952 ut
1431 927 1643 963 argumenta,
1679 920 1799 962 quibus
1821 921 2033 962 Laterensis,

153 980 192 1006 ut
212 973 327 1006 Planci
347 974 572 1016 potissumum
597 986 719 1005 nomen
744 972 908 1013 deferret,
933 973 1070 1004 ductum
1093 985 1128 1005 se
1151 974 1301 1014 dixerat,
1324 974 1412 1005 nihil
1436 974 1551 1004 ualere
1572 980 1719 1005 moneat.

236 1037 361 1070 Pluris
390 1042 423 1069 te
446 1038 541 1069 testis
563 1038 686 1070 habere
715 1038 756 1070 de
784 1037 955 1079 Uoltinia)
1002 1037 1070 1078 Qui
1100 1037 1290 1070 Uoltiniam
1320 1049 1339 1068 a
1367 1037 1503 1068 Plancio
1533 1043 1728 1080 corruptam
1757 1049 1827 1069 esse
1856 1043 2033 1069 testentur.

156 1088 227 1122 Cfr.
261 1090 299 1121 C.
321 1090 440 1123 XVII.
472 1092 501 1133 ἕ.
524 1091 577 1123 45.
617 1091 775 1124 Uoltinia
804 1090 915 1123 tribus
942 1090 984 1123 ab
1013 1091 1075 1123 hoc
1102 1097 1276 1136 corrupta.
1319 1089 1569 1122 Incredibiliter
1599 1089 1636 1121 in
1664 1090 1716 1122 his
1740 1090 1949 1134 explicandis
1981 1101 2036 1121 er-

154 1149 208 1174 rat
233 1143 283 1176 W
286 1143 421 1175 eiskius.

243 1207 405 1247 Indicas,
427 1212 491 1239 ant
512 1219 567 1239 eos
591 1206 688 1238 testis
711 1211 742 1238 te
757 1205 968 1250 producere,
998 1218 1078 1249 qui,
1108 1207 1192 1251 qnia
1213 1219 1368 1239 nummos
1389 1206 1599 1249 acceperint,
1628 1213 1660 1239 te
1676 1210 1945 1252 praeterierznt,
1974 1214 2037 1241 ant

158 1266 192 1293 te
211 1273 252 1293 ne
271 1262 435 1304 gratuita
457 1260 595 1304 quidem
616 1271 733 1291 eornm
755 1258 931 1303 suffragia
954 1259 1087 1302 tulisse)
1131 1261 1242 1303 Negat
1265 1260 1400 1297 Cicero,
1425 1271 1507 1301 quos
1530 1260 1723 1293 Laterensis
1747 1262 1787 1293 de
1812 1261 1965 1295 Uoltinia
1985 1267 2038 1292 te-

155 1313 216 1346 stis
238 1326 273 1346 se
294 1314 420 1346 habere
442 1313 548 1352 dicat,
572 1324 691 1344 eorum
714 1312 825 1343 audiri
847 1311 1079 1343 testimonium
1100 1324 1209 1356 posse.
1254 1314 1343 1345 Nam
1364 1319 1422 1344 aut
1444 1312 1596 1355 corrupti
1619 1321 1717 1353 sunt,
1742 1316 1870 1358 inquit,
1894 1326 1913 1346 a
1934 1315 2038 1346 Plan-

156 1366 227 1407 cio,
249 1373 289 1399 ut
316 1373 350 1398 te
378 1365 623 1409 praeterirent3
661 1377 727 1407 quo
751 1364 838 1396 facto
861 1370 960 1395 testes
985 1376 1054 1397 esse
1077 1377 1145 1397 non
1167 1372 1326 1409 possunt,
1359 1377 1434 1397 cum
1466 1365 1534 1397 siut
1556 1367 1727 1410 corrupti3
1762 1374 1820 1399 aut
1833 1367 1924 1398 ‘tales
1946 1373 2036 1407 sunt,

157 1420 218 1463 qui
245 1431 315 1452 non
346 1418 498 1461 corrupti
525 1430 544 1449 a
566 1418 703 1450 Plancio
734 1425 846 1450 tamen
877 1418 967 1449 hunc
996 1419 1179 1450 maluerint
1203 1430 1305 1461 quam
1330 1425 1364 1450 te
1386 1418 1554 1461 suffragiis
1586 1419 1654 1450 suis
1679 1420 1823 1451 aedilem
1847 1420 2036 1459 declarare3

160 1485 228 1517 quo
249 1472 338 1504 facto
361 1472 622 1514 inprobabilest,
652 1483 708 1503 eos
732 1477 848 1502 contra
872 1471 1047 1503 Plancium
1069 1483 1140 1504 esse
1160 1473 1394 1504 testimonium
1417 1471 1584 1510 dicturos,
1614 1472 1678 1504 nisi
1701 1473 1843 1516 pecunia
1865 1485 1884 1504 a
1906 1479 1940 1504 te
1965 1485 2040 1504 em-

160 1526 213 1570 pti
234 1525 277 1556 ad
300 1524 530 1557 testimonium
553 1524 802 1567 perhibendum
826 1524 891 1555 huc
913 1525 1121 1557 accesserint.
1165 1527 1297 1559 Uerum
1320 1525 1512 1557 Laterensis
1535 1536 1611 1556 cum
1635 1525 1776 1565 diceret,
1798 1526 1907 1569 pluris
1930 1537 1964 1557 se
1986 1532 2040 1558 te-

160 1579 221 1611 stis
244 1579 368 1610 habere
391 1578 432 1608 de
455 1578 624 1617 Uoltinia,
666 1589 766 1620 quam
790 1584 872 1620 quot
894 1577 928 1609 in
952 1589 989 1609 ea
1012 1578 1103 1609 tribu
1125 1585 1250 1622 puncta
1271 1579 1405 1617 tulerit,
1440 1590 1516 1610 mea
1539 1578 1704 1610 sententia
1726 1579 1790 1610 hoc
1813 1580 1950 1611 uidetur
1975 1592 2040 1611 uo-

162 1632 266 1664 luisse
288 1631 514 1674 conprobare,
540 1631 666 1662 tribum
689 1630 783 1661 illam
806 1629 984 1662 manifesto
1007 1642 1069 1674 per
1090 1632 1212 1663 sodalis
1236 1638 1383 1663 coactam
1407 1643 1494 1670 esse,
1526 1638 1565 1663 ut
1586 1632 1761 1663 Plancium
1783 1631 1950 1674 suffragiis
1971 1632 2040 1664 suis

164 1685 311 1718 aedilem
331 1690 476 1724 crearet,
497 1683 601 1726 idque
624 1695 667 1714 ex
690 1695 729 1714 eo
752 1689 884 1726 patere,
912 1683 1000 1725 quod
1025 1684 1126 1716 multi
1149 1685 1257 1716 tribus
1280 1684 1371 1716 illius
1394 1684 1564 1723 homines,
1589 1684 1647 1726 qui
1669 1695 1704 1715 se
1726 1696 1794 1716 non
1816 1684 1959 1716 fecerint
1983 1696 2042 1715 ae-

163 1739 284 1778 dilem,
308 1737 453 1779 ideoque
475 1749 493 1768 a
515 1749 550 1771 se
573 1736 725 1779 corrupti
749 1736 814 1767 ‘lici
836 1742 1021 1779 nequeant,
1044 1749 1062 1768 a
1085 1737 1222 1768 Plancio
1243 1737 1372 1768 tribum
1393 1737 1486 1769 illam
1510 1744 1705 1780 corruptam
1728 1743 1911 1775 testentur3
1945 1748 2042 1779 quos,

163 1792 193 1823 si
215 1803 235 1822 a
255 1790 392 1821 Plancio
414 1802 571 1821 nummos
595 1790 816 1832 accepissent,
856 1790 1008 1821 minume
1031 1797 1149 1822 contra
1170 1802 1248 1822 eum
1270 1791 1502 1823 testimonium
1529 1803 1599 1823 esse
1623 1790 1790 1828 dicturos;
1827 1790 1940 1833 itaque
1964 1801 2042 1821 coa-

164 1850 234 1876 ctos
251 1854 321 1874 esse
336 1841 383 1881 ui,
407 1849 444 1873 ut
456 1842 570 1873 Planci
593 1843 731 1873 nomine
753 1843 890 1874 tabellas
913 1843 1145 1883 inscriberent,
1167 1843 1353 1875 necessario
1368 1844 1583 1876 statuendum
1597 1855 1678 1875 esse.
1722 1844 1838 1885 Atque
1851 1844 1926 1883 hoc,
1951 1842 2042 1885 quod

165 1895 358 1930 Laterensis
380 1895 514 1935 obiecit,
538 1894 677 1936 crimen,
700 1896 761 1928 etsi
784 1896 895 1928 denuo
919 1896 1040 1928 callide
1063 1897 1182 1928 Cicero
1205 1897 1332 1937 reiecit,
1357 1903 1470 1929 tamen
1493 1897 1630 1929 diluisse
1651 1897 1804 1929 minume
1829 1902 1941 1940 potest
1964 1895 2041 1928 dici.

930 1985 960 2019 C
986 1984 1017 2019 A
1042 1985 1090 2019 P.
1134 1985 1276 2019 XXIII.

253 2056 284 2098 §.
308 2056 359 2088 55.
403 2055 528 2099 IVeqne
549 2055 640 2089 enim
663 2057 724 2101 qui
745 2057 802 2090 illi
823 2059 956 2090 nummi
973 2057 1137 2102 fuerint,
1175 2069 1237 2089 nec
1259 2069 1346 2101 quae
1374 2056 1503 2097 tribus,
1527 2070 1588 2091 nec
1610 2059 1671 2102 qui
1693 2058 1845 2096 diuisor,
1879 2055 2043 2099 ostendis)

168 2111 235 2143 Pro
258 2109 428 2147 ostendis,
452 2108 542 2150 quod
566 2116 788 2152 optumorum
810 2111 966 2142 codicum
987 2111 1014 2142 B
1038 2116 1072 2142 et
1092 2110 1121 2142 E
1144 2111 1361 2151 auctoritate,
1393 2111 1513 2153 quibus
1535 2112 1589 2143 Lb
1611 2111 1754 2150 accedit,
1789 2109 1919 2152 primus
1942 2108 2043 2139 resti-

166 2163 235 2203 tui,
278 2163 380 2204 uolgo
404 2162 576 2204 legebatur
601 2164 801 2197 ostenderis.
846 2164 943 2205 Quae
973 2164 1141 2207 scriptura
1169 2162 1231 2195 etsi
1261 2163 1461 2205 quibusdam
1489 2177 1566 2196 cum
1588 2164 1720 2197 Orellio
1754 2162 1884 2194 facilius
1906 2172 1968 2203 per
1988 2171 2044 2191 er-

166 2228 281 2249 rorem
303 2216 338 2246 in
357 2216 508 2247 ostendis
529 2216 654 2247 mutari
677 2217 827 2259 potuisse
848 2217 1015 2257 uideatur,
1040 2229 1140 2260 quam
1163 2222 1290 2256 contra,
1313 2228 1473 2248 maxume
1496 2229 1573 2249 cum
1595 2217 1744 2260 syllabae
1766 2228 1802 2248 er
1824 2214 1888 2246 hoc
1909 2214 2004 2256 signo
2028 2213 2039 2240 ἱ

168 2269 397 2312 superscripto
426 2268 569 2299 indicari
599 2268 666 2300 sint
697 2270 832 2309 solitae,
867 2276 980 2301 tamen
1010 2282 1030 2301 a
1060 2270 1224 2302 Cicerone
1255 2281 1325 2301 non
1353 2275 1465 2312 potest
1491 2269 1642 2312 profecta
1672 2267 1829 2307 iudicari,
1874 2279 1950 2298 cum
1978 2266 2045 2298 loci

170 2321 354 2352 sententiae
376 2319 585 2351 aduersetur.
628 2322 691 2353 Est
721 2322 810 2353 enim
842 2324 1029 2355 ostenderis
1059 2322 1149 2354 idem
1178 2321 1250 2353 fere
1281 2328 1381 2364 atque
1410 2324 1586 2354 ostendere
1611 2323 1753 2366 poteris.
1796 2321 1867 2352 Iam
1892 2331 1968 2351 cum
1991 2319 2043 2351 his

172 2373 286 2404 uerbis
308 2385 415 2417 neque
437 2374 528 2405 enim
551 2379 612 2404 etc.
637 2374 784 2417 explicet
807 2375 942 2414 Cicero,
973 2387 1050 2415 cur,
1077 2375 1168 2417 quod
1190 2375 1292 2406 modo
1317 2374 1421 2414 dixit,
1453 2375 1578 2406 crimen
1604 2375 1682 2406 illut
1704 2373 1893 2413 refrixerit,
1925 2372 1960 2404 id
1983 2377 2043 2411 est,

173 2435 242 2456 non
265 2425 408 2467 amptius
430 2437 494 2469 pro
516 2437 600 2458 uero
624 2427 765 2459 crimine
786 2427 964 2461 habeatur:
987 2434 1170 2469 necessest,
1193 2427 1280 2460 hanc
1301 2426 1431 2459 adferat
1451 2438 1616 2468 caussam,
1641 2426 1732 2470 quod
1753 2425 1962 2465 Laterensis,
1987 2424 2045 2467 qui
