2185 2720
147 158 313 189 LXXXII
815 155 1349 186 PROLEGOMENA.

148 235 191 261 sis
211 238 360 261 uocatur·
350 253 359 265 ‚
381 231 602 260 nnuntialur·
590 250 600 265 ,
622 229 742 265 deinde,
761 236 797 259 ut
815 231 942 266 adsolet,
962 230 1080 270 suff-011
1070 232 1138 265 oia5
1158 236 1223 258 tam
1244 230 1381 258 secunda
1400 230 1508 258 elassis
1528 237 1679 268 uocatum
1707 243 1786 270 quae
1805 234 1910 261 omnia
1930 234 2022 260 citius

148 287 219 310 sunt
232 280 330 318 saeta
349 289 442 316 qnam
463 279 535 306 dixi

224 327 303 363 Qui<
324 325 436 362 igitur,
464 325 517 362 qui
544 324 620 353 duos
640 324 712 353 illos
732 323 817 352 locos
837 325 1031 362 conpararit,
1050 331 1198 364 punctum
1218 324 1368 362 temporis
1395 324 1566 360 dubitabit,
1600 325 1675 363 quin
1693 325 1786 355 aliter
1804 326 1838 355 in
1857 326 2022 355 Planciana

150 375 260 404 Cicero
273 395 280 407 ,
299 373 325 400 si
346 371 480 401 comitiis
501 372 681 400 centuriatis
700 377 839 400 creatum
859 372 1020 401 Plancium
1039 372 1192 401 noluisset
1211 371 1403 409 significare,
1422 371 1510 409 loqui
1531 372 1696 400 debuerit?

224 422 322 449 Porro
342 419 375 447 in
395 419 451 447 hac
471 419 537 457 ipsa
557 419 696 448 oratione
716 419 882 448 Planciana
904 430 939 449 ea
958 421 1035 449 dicit
1056 420 1169 451 Cicero
1190 418 1228 447 de
1252 418 1388 447 comitiis
1418 419 1586 454 aediliciis,
1622 419 1734 457 quibus
1754 420 1898 448 Plancius
1926 421 2023 449 sactus

151 474 232 504 erat,
252 477 328 506 quae
348 467 435 495 nullo
455 466 546 495 modo
566 466 601 494 in
621 466 747 494 comitia
763 466 936 496 centuriata
957 468 1078 497 cadunt.
1117 466 1266 505 Appellat
1292 466 1375 495 enim
1403 467 1522 494 leuiora
1545 466 1579 495 C.
1600 466 1656 494 III.
1676 465 1703 505 §.
1725 477 1767 505 7.,
1787 467 1972 506 uolgumque
1992 468 2026 496 in

150 517 195 544 eis
220 514 399 554 praeualere
426 513 563 543 ostendit
582 513 610 553 §.
630 523 656 551 9.
684 513 805 542 dicens:
838 525 900 543 non
927 521 971 543 est
990 517 1072 543 enim
1090 515 1256 542 eonsilium
1274 515 1308 542 in
1329 515 1436 551 uolgo,
1462 524 1524 541 non
1550 515 1649 549 ratio,
1675 525 1737 542 non
1756 515 1938 549 discrimen,
1965 525 2027 543 mm

150 564 335 602 diligentia5
362 567 391 589 et
411 560 438 600 §.
461 571 503 590 10.
523 563 559 589 iu
580 572 638 599 qno
659 563 801 598 primum
818 562 891 590 illut
910 562 998 591 debes
1012 567 1145 599 putare,
1166 562 1316 594 comitiis,
1332 563 1521 599 praesertim
1540 562 1712 596 aediliciis,
1732 563 1871 591 studium
1891 573 1952 590 esse
1966 572 2029 599 po-

148 612 236 649 puli,
263 620 325 638 non
352 609 512 638 iudicium.
552 607 640 644 Quae
666 618 729 637 non
755 608 893 647 potuisse
920 609 958 637 de
987 608 1122 638 comitiis
1151 609 1333 638 centuriatis
1361 609 1439 645 dici,
1466 619 1506 638 ex
1526 609 1591 638 Cic.
1613 608 1650 636 de
1670 609 1763 647 Legg.
1784 609 1847 645 III,
1871 618 1912 646 ¹9·
1932 613 2027 648 patet,

150 658 206 687 ubi
225 657 390 695 scriptum:
411 656 585 692 descriptus
598 657 739 694 populus
758 667 868 694 eelz-su,
888 657 1064 692 ordinibus,
1085 656 1259 692 aetatibus,
1274 658 1349 694 plus
1369 656 1497 686 adhibet
1517 658 1562 686 acl
1579 655 1766 695 suff-agium
1786 658 1914 691 eon-sili,
1935 666 2028 695 quam

143 705 222 743 fuse
241 707 277 733 in
297 703 395 731 tribus
415 708 610 730 commeatus.

224 751 388 789 Denique,
407 749 491 787 quod
510 756 732 787 maxumumst,
752 757 858 790 aperte
879 752 990 781 Cicero
1010 752 1043 780 in
1064 751 1122 780 hac
1141 750 1282 782 oratione
1301 751 1468 780 Planciana
1487 750 1614 780 comitia
1634 750 1807 780 centuriata
1826 751 1864 779 iis
1883 750 2028 790 opponit,

150 800 184 828 in
205 798 316 837 quibus
335 796 479 825 Plancius
499 796 597 826 {Iactus
618 804 692 835 erat,
712 799 745 828 id
764 805 812 828 est
830 801 957 830 tributis
979 801 1013 829 C.
1032 799 1113 828 XX.
1131 797 1160 838 §.
1179 800 1243 838 49..
1237 810 1244 816 ·

226 863 293 889 Ain
313 859 463 888 tandem?
498 870 563 887 una
590 863 732 890 centuria
752 865 982 900 praerogatiua
1010 868 1135 890 tantum
1158 861 1251 890 hahet
1276 863 1494 894 auctoritatis,
1530 867 1565 889 ut
1585 871 1672 889 nemo
1692 871 1837 898 umquam
1852 864 1942 899 prior
1963 872 2029 890 eam

152 911 274 943 tulerit,
296 910 372 946 quin
391 909 590 936 renuntiatus
610 911 651 937 sit
672 916 729 937 aut
755 912 795 938 iis
823 912 900 947 ipsis
928 911 1061 939 comitiis
1087 910 1196 938 consul
1212 915 1270 937 aut
1291 915 1372 937 certe
1392 911 1428 937 in
1446 911 1535 938 illum
1555 918 1692 937 annum:
1719 909 1849 938 aedilem
1869 916 1904 937 tu
1923 911 2030 938 Plan-

153 959 235 986 cium
253 957 383 995 suetum
403 957 545 992 miraris,
566 957 600 983 in
620 966 677 993 quo
697 966 759 984 non
781 960 894 996 exigua
908 969 989 996 pars
1005 958 1133 996 populi,
1161 963 1205 985 set
1225 959 1392 984 uniuersus
1408 957 1544 994 populu-s
1564 956 1758 984 uoluntatem
1777 967 1867 986 suam
1887 957 2030 986 declara-

153 1007 215 1040 rit,
235 1005 324 1032 cuius
346 1004 381 1030 in
399 1002 513 1031 honore
531 1013 593 1030 non
613 1005 707 1031 unius
727 1004 827 1033 tribus
842 1016 938 1043 pars,
959 1011 1004 1034 set
1023 1006 1149 1034 comitia
1169 1009 1236 1032 tota
1255 1006 1389 1032 comitiis
1408 1003 1538 1041 fuerint
1552 1004 1804 1041 praerogatiua?

229 1065 324 1095 Cuius
343 1065 406 1093 loci
425 1075 547 1094 sensum
567 1065 599 1093 in
621 1068 840 1097 commentario
862 1069 1102 1098 enucleauimus.

227 1114 370 1143 Alterum
392 1118 605 1150 argumentum
625 1113 772 1153 depromo
794 1126 863 1144 cum
882 1116 954 1144 Nic.
977 1116 1116 1146 Gruchio
1137 1125 1178 1143 ex
1199 1114 1264 1143 Cic.
1283 1113 1322 1142 ad
1341 1113 1407 1142 Att.
1428 1111 1486 1148 IV,
1505 1112 1542 1140 3..
1580 1112 1650 1149 „Ibi
1671 1114 1762 1151 enim,
1790 1115 1910 1155 Gruehi
1936 1116 2032 1145 uerba

154 1167 227 1191 sunt
247 1161 283 1189 de
305 1160 390 1188 Com.
411 1159 501 1187 Rom.
522 1159 573 1194 Π,
590 1169 617 1189 2.
636 1172 668 1200 p.
689 1162 769 1199 64o.,
789 1163 826 1191 de
848 1163 981 1191 comitiis
1002 1164 1148 1203 loquens,
1175 1162 1285 1201 quibus
1306 1161 1415 1189 aedilis
1436 1160 1552 1189 curulis
1573 1160 1641 1189 fieri
1661 1162 1765 1191 uoluit
1786 1163 1928 1199 Clodius,
1957 1163 2034 1192 dicit

153 1210 193 1246 Q.
214 1207 375 1238 Metellum
397 1206 552 1245 Nepotem
573 1209 731 1237 consulem
751 1209 931 1240 habiturum
951 1211 1045 1240 fuisse
1067 1210 1193 1239 comitia
1212 1208 1357 1241 aedilium
1377 1209 1409 1236 in
1430 1219 1536 1247 campo
1557 1209 1693 1245 Martio,
1713 1210 1774 1238 nisi
1795 1211 2034 1239 obnuntiatione

154 1255 284 1286 Milonis
304 1253 460 1293 inpeditus
481 1259 570 1282 esset.
611 1255 670 1283 Cui
698 1257 932 1287 obnuntiationi
957 1264 993 1287 ut
1019 1262 1213 1292 occurreret,
1241 1255 1322 1284 dixit
1348 1266 1379 1283 se
1399 1260 1525 1294 postero
1551 1255 1601 1284 die
1630 1256 1664 1284 in
1692 1258 1819 1286 comitio
1845 1255 2032 1287 habiturum.

154 1303 246 1331 Unde
273 1302 411 1340 conligo,
446 1311 510 1329 non
537 1302 632 1331 fuisse
659 1305 830 1335 centuriata
856 1307 1003 1336 aedilium
1030 1306 1164 1335 coniitia.
1190 1304 1283 1344 *Nam
1310 1303 1481 1332 centuriata
1514 1303 1597 1332 intra
1615 1305 1809 1342 pomoerium
1835 1305 1945 1335 haberi
1970 1316 2034 1335 non

155 1350 311 1389 potuisse,
339 1359 432 1387 supra
457 1358 497 1376 ex
518 1348 622 1378 Gellio
643 1351 681 1380 L.
702 1352 778 1381 XV.
806 1363 832 1382 c.
852 1363 898 1389 27.
926 1355 1094 1383 docuimus
1133 1353 1177 1381 At
1203 1352 1258 1380 illa
1282 1351 1430 1379 aedilium
1458 1351 1584 1379 comitia
1602 1350 1781 1380 habiturum
1802 1362 1834 1380 se
1854 1353 1886 1381 111
1907 1354 2034 1382 comitio

157 1397 278 1425 dicebat
297 1396 462 1432 Metellus,
491 1407 531 1425 ne
552 1408 673 1436 semper
694 1399 723 1426 ci
745 1399 984 1429 obnuntiaietul
991 1423 999 1437 ,
1027 1400 1207 1439 priusquam
1228 1399 1261 1426 in
1282 1409 1420 1437 campum
1440 1399 1584 1427 uenisset.
1624 1399 1657 1426 Si
1678 1409 1750 1438 ergo
1770 1400 1885 1430 licebat
1903 1401 2033 1450 bIetello

154 1446 237 1474 intra
256 1444 363 1473 urbem
385 1443 510 1472 comitia
531 1444 672 1474 aedilicia
692 1445 824 1484 habme,
843 1448 1050 1487 relinquitur,
1070 1457 1134 1476 non
1154 1447 1249 1475 fuisse
1271 1447 1469 1475 ccutmiataf

242 1510 305 1538 Tei
310 1510 384 1538 [ium
406 1515 620 1548 argumentum
642 1522 712 1540 cum
733 1513 850 1542 Oiellio
870 1513 929 1542 1100
949 1518 1048 1552 potest
1069 1513 1203 1549 adfcni,
1229 1512 1311 1550 quod
1332 1512 1436 1549 Diony
1438 1512 1498 1540 sius
1517 1512 1589 1541 Hal.
1610 1513 1675 1549 IX,
1698 1513 1750 1542 41.
1770 1513 1888 1542 scribit:
1912 1511 1951 1544 τοῖ
1973 1513 2034 1545 τῶν

155 1558 318 1603 (δημάρχων
346 1562 398 1592 καὶ
426 1559 623 1605 ιῖγορανρμωυ
653 1562 836 1605 ἀρχαιρέσια
864 1563 957 1605 μέχρι
986 1564 1042 1596 τοῦ
1062 1562 1142 1595 καθ’
1165 1563 1246 1603 ἡμᾶς
1267 1561 1379 1604 χρόνου
1402 1565 1471 1605 δίχα
1493 1564 1611 1594 οἰωνῶν
1633 1565 1686 1596 καῖ
1715 1563 1768 1602 τῆς
1795 1562 1889 1603 ἄλλης
1916 1563 2036 1604 ὀττείας

155 1611 277 1651 ἁπάσης
306 1616 339 1645 αἱ
368 1616 527 1654 φυλετικαὶ
557 1617 793 1658 ψηφοφοροῦσιν
823 1616 990 1654 ἐκκλησίαι.
1042 1619 1105 1656 Qui
1133 1619 1280 1656 scriptor,
1317 1617 1453 1646 Orcllius
1484 1616 1582 1653 addit,
1618 1618 1642 1645 si
1670 1622 1809 1656 tempore
1837 1628 1893 1647 suo
1923 1620 2035 1649 aediles

157 1666 280 1695 curules
300 1666 434 1695 comitiis
454 1667 636 1696 centuriatis
657 1668 752 1696 creati
772 1667 920 1705 fuissent,
940 1668 997 1697 uix
1017 1668 1083 1697 eius
1102 1668 1149 1697 rei
1168 1669 1358 1697 mentionem
1378 1667 1438 1695 hoc
1457 1666 1526 1694 loco
1547 1667 1796 1705 praetermittere
1814 1673 1946 1707 poterat.

233 1730 386 1766 Quartum
406 1729 539 1767 denique
558 1735 770 1768 argumentum
788 1730 849 1759 hoc
869 1735 933 1767 est,
958 1731 996 1760 ab
1017 1731 1125 1759 eodem
1145 1731 1268 1760 Orellio
1288 1731 1349 1759 iam
1369 1731 1521 1766 adlatum,
1542 1729 1624 1769 quod
1644 1729 1758 1758 aediles
1779 1731 1901 1759 curules
1921 1741 2034 1761 secun—

158 1777 230 1806 dum
258 1777 405 1805 disertum
424 1777 588 1805 Messallae
614 1778 843 1814 testimonium,
871 1779 953 1817 quod
972 1779 1011 1807 A.
1031 1779 1154 1806 Gellius
1175 1778 1275 1814 XIII,
1302 1779 1344 1808 15.
1372 1778 1502 1813 adtulit,
1528 1777 1760 1814 magistratuum
1787 1777 1954 1816 maiorum,
1981 1781 2034 1819 qui

159 1824 219 1852 soli
239 1823 374 1860 comitiis
395 1824 574 1852 centuriatis
595 1825 792 1862 creabantur,
819 1836 948 1855 numero
970 1827 1158 1855 eximuntur.
1197 1825 1313 1855 Scribit
1340 1825 1421 1854 enim
1443 1825 1564 1853 Gellius
1585 1825 1606 1853 1.
1626 1824 1663 1852 l.:
1696 1825 1840 1854 Censores
1859 1836 1954 1865 aeque
1974 1838 2036 1856 non

159 1871 261 1900 eodem
280 1877 432 1909 rogantur
459 1873 598 1908 auspicio
624 1879 716 1910 alque
743 1874 880 1901 consules
907 1879 936 1902 et
956 1880 1136 1912 praetore-⁹5
1163 1874 1353 1911 reliquorum
1379 1874 1619 1911 magistratuum
1639 1874 1760 1900 minora
1779 1879 1852 1900 sunt
1873 1876 2036 1912 auspicia:

159 1918 227 1946 ideo
247 1918 298 1946 illi
317 1920 463 1951 minores,
489 1917 524 1946 ln·
543 1921 673 1947 maiores
693 1922 900 1957 magistratus
926 1923 1137 1959 appellantur.
1177 1921 1357 1949 flsinorihus
1376 1920 1520 1948 creandis
1538 1920 1775 1957 magistralibus
1794 1920 1921 1949 tribulis
1940 1924 2036 1951 eomi-

160 1967 213 1993 tiis
233 1966 455 2003 magistratus,
474 1970 519 1993 set
539 1966 653 1994 iustius
672 1968 798 1995 curiata
819 1968 914 1996 datur
932 1969 996 2005 lege
1004 1979 1017 2003 ;
1036 1969 1168 1996 maiores
1187 1969 1375 1996 centuriatis
1394 1968 1526 1995 comitiis
1542 1966 1641 2002 fiunt.

235 2029 295 2057 His
316 2028 465 2066 expositis
485 2038 521 2056 eo
541 2028 642 2056 minus
663 2039 740 2067 opus
767 2029 910 2065 uidetur,
941 2039 975 2058 ea
995 2031 1148 2066 refutare,
1176 2040 1252 2069 quae
1273 2029 1435 2058 Sclmlzius
1455 2029 1487 2057 in
1507 2029 1606 2064 libro,
1635 2040 1725 2068 quem
1745 2031 1783 2059 de
1804 2031 1947 2060 Comin'is
1967 2032 2034 2061 Ro-

161 2086 321 2104 manorum
341 2075 507 2104 uernacula
525 2075 631 2113 lingua
652 2076 794 2114 scripsit,
822 2088 852 2116 p.
873 2079 926 2115 317
947 2088 1012 2116 sqq.
1032 2078 1166 2116 protulit
1186 2082 1294 2105 contra
1313 2077 1479 2105 Nicolaum
1500 2076 1673 2105 Gruchium
1695 2077 1870 2116 disputans,
1902 2079 1956 2118 qui
1974 2079 1994 2108 l.
2013 2080 2034 2107 l.

162 2133 192 2160 p.
213 2123 266 2152 638
286 2133 349 2161 sqq.
369 2122 478 2150 aedilis
498 2122 614 2150 curulis
636 2124 770 2152 comitiis
790 2125 916 2153 tributis
936 2130 1056 2153 creatos
1078 2134 1143 2152 esse
1162 2124 1231 2152 iure
1249 2123 1427 2153 contendit:
1448 2135 1508 2163 quo
1529 2124 1622 2163 magis
1641 2124 1716 2152 haec
1738 2135 1806 2154 cum
1826 2126 1865 2154 iis
1884 2131 2032 2165 pugnant,

162 2180 240 2208 qnae
258 2169 340 2198 idem
360 2169 411 2197 uir
430 2169 633 2198 doctissumus
653 2181 683 2209 p.
703 2172 755 2200 341
772 2187 811 2192 --
825 2172 889 2201 348.
910 2176 941 2199 et
959 2181 989 2210 p.
1005 2172 1069 2201 363.
1089 2175 1174 2200 recte
1194 2172 1324 2200 monuit.
1362 2173 1509 2201 Maxume
1529 2179 1629 2201 autem
1651 2182 1690 2200 cx
1709 2172 1759 2208 iis,
1780 2183 1856 2211 quae
1875 2184 1904 2212 p.
1920 2174 1974 2202 345
1989 2183 2033 2211 sq.

162 2217 278 2255 scripta
303 2217 506 2255 omnibusque
532 2221 606 2245 nota
625 2223 710 2254 sunt,
743 2223 887 2257 apparet,
919 2218 1003 2247 nihil
1027 2219 1061 2247 111
1089 2229 1125 2253 eo
1146 2228 1212 2247 esse
1232 2218 1428 2255 offensionis,
1457 2220 1538 2258 quod
1567 2220 1708 2248 aedilitas
1729 2220 1844 2248 curulis
1866 2229 1928 2247 non
1949 2229 2035 2248 secus

163 2269 254 2302 atque
275 2271 451 2303 quaestura,
477 2275 657 2304 quamquam
682 2265 822 2303 patriciis
849 2266 941 2295 etiam
968 2265 1183 2302 mandabatur,
1215 2270 1317 2294 tamen
1345 2267 1479 2295 comitiis
1500 2267 1627 2296 tributis
1648 2267 1850 2295 deferebatur.
1889 2266 2035 2295 Ceterum

163 2311 291 2349 insignis
311 2323 399 2341 error
425 2313 497 2349 ille,
529 2313 562 2342 in
590 2322 680 2350 quem
709 2322 778 2341 cum
803 2313 872 2342 aliis
894 2313 1082 2342 Schubertus
1111 2313 1149 2341 de
1167 2312 1245 2341 Aed.
1265 2312 1355 2341 Rom.
1383 2324 1412 2351 p.
1433 2314 1497 2343 268.
1523 2319 1589 2343 not.
1609 2314 1736 2349 incidit,
1761 2313 1814 2351 qui
1838 2313 1998 2342 Plancium
2018 2325 2034 2342 a

165 2358 317 2387 Ciceione
346 2360 408 2387 dici
435 2360 569 2388 comitiis
597 2359 808 2388 co11sula1ibus
837 2361 952 2389 sactum
980 2371 1046 2389 esse
1073 2360 1204 2388 aedilem
1231 2360 1290 2396 ait,
1327 2361 1400 2389 inde
1426 2367 1511 2390 ortus
1538 2367 1600 2397 cst,
1634 2360 1715 2399 quod
1742 2364 1812 2388 ante
1833 2360 2034 2389 Garatonium

165 2406 200 2433 C.
220 2406 298 2435 XX.
319 2406 346 2445 §.
366 2408 411 2444 49.
439 2408 551 2444 umba,
586 2418 651 2435 una
673 2409 814 2436 caum-ia
829 2418 959 2445 praerbo
949 2409 1057 2436 'ratiua
1076 2423 1115 2429 --
1132 2407 1260 2446 suerint
1281 2419 1414 2447 praet-go
1402 2411 1510 2437 vatiua
1535 2409 1645 2436 mirum
1671 2412 1817 2446 quantum
1838 2414 1983 2447 corrupta
2001 2408 2034 2436 in

166 2453 355 2482 editionibus
377 2454 516 2483 omnibus
537 2454 652 2494 scripta
672 2455 825 2484 extabant.
864 2455 910 2484 Ea
929 2465 984 2484 nos
1004 2465 1087 2484 nunc
1108 2462 1306 2495 optumortun
1326 2457 1467 2485 codicum
1486 2455 1669 2485 auctoritato
1688 2455 1927 2493 pei-sananimuS.
