2185 2720
844 158 883 187 L.
904 158 962 188 111.
1002 158 1036 188 c.
1062 158 1103 188 v.
1141 158 1170 199 g.
1190 158 1217 188 5.
1238 158 1264 187 6.
1285 159 1394 188 QVI.
1966 167 2061 198 xcv

1069 232 1097 273 ς.
1125 237 1152 265 e.

241 303 300 333 Illa
326 313 402 334 uero
431 314 503 333 sane
530 305 652 343 leuior,
685 316 762 346 quae
789 316 806 336 a
825 293 980 336 Mausolei
1007 304 1174 334 uicinitate
1202 305 1344 342 ducitur,
1372 314 1441 334 cum
1470 306 1621 339 indicium
1649 309 1815 341 habeamus
1842 310 1905 341 loci
1924 314 2060 353 porticu,

165 362 337 401 statuisque
357 363 393 392 ad
414 364 496 393 uiam
516 364 702 393 Flaminiam
723 363 843 400 ornati,
870 363 957 403 isque
977 363 1065 392 locus
1086 363 1119 392 in
1139 364 1295 393 Mausolei
1316 368 1487 404 conspectu
1506 365 1620 404 fuerit,
1648 379 1717 399 eum
1737 370 1840 400 uideri
1860 373 1898 402 ab
1917 373 2059 412 Augusto

164 420 320 450 delectum
339 422 492 450 Mausolei
512 422 560 450 sui
589 432 694 450 caussa
719 422 832 459 fuisse,
860 433 938 462 quo,
966 432 1005 450 ex
1026 421 1185 460 Capitolio
1213 432 1287 461 quas
1314 422 1459 460 tolleret,
1493 429 1609 454 statuas
1629 434 1838 467 comportaret.
1879 431 1968 470 Opus
1987 431 2061 461 illut

163 477 302 516 insigne,
323 479 405 517 quod
425 480 534 508 Strabo
556 480 604 516 V,
631 482 657 509 8.
685 486 849 520 tantopere
875 479 1101 517 admirabatur,
1129 480 1288 518 Augustus
1308 483 1393 510 inter
1413 483 1614 512 Flaminiam
1633 487 1720 513 uiam
1739 489 1903 526 ripamque
1927 489 2060 526 Tiberis,

163 543 200 566 ut
224 537 319 566 tradit
339 537 505 565 Suetonius
525 547 591 575 cap.
613 537 664 573 C.‚
690 544 774 566 sexto
801 548 856 566 suo
884 538 1050 566 consulatu
1072 544 1260 567 extruxerat.
1298 538 1409 567 Annus
1429 540 1491 570 fuit
1510 541 1544 571 in
1570 542 1672 571 Fastis
1691 543 1902 575 DCCXXV..
1941 547 1988 576 Ita
2009 548 2060 576 in-

163 599 212 624 tra
237 605 352 634 paucos
379 605 475 623 annos
504 593 642 633 Capitoli
669 594 801 623 refectio
830 595 974 623 conclusa
994 595 1250 634 inscriptionem,
1277 606 1336 634 qua
1356 596 1393 624 de
1413 597 1546 636 aginmS‚
1573 606 1644 629 ante
1664 601 1769 630 sorum
1789 602 1950 632 conditum
1970 604 2060 642 posi-

163 657 226 682 tam
268 654 301 683 in
343 663 449 691 campo
482 653 598 681 Martio
639 652 765 682 doceret
806 652 954 691 apertius.
1008 653 1154 693 Denique
1189 654 1224 682 in
1263 654 1337 683 aede
1369 655 1511 685 Honoris
1557 662 1589 686 et
1622 657 1761 687 Uirtutis
1795 659 1887 689 aliam
1918 661 1956 689 ab
1990 662 2059 700 ipso

164 711 199 739 C.
241 710 342 739 Mario
383 709 622 748 inscriptionem
666 711 856 740 conlocatam
903 710 1060 749 oportuit,
1113 711 1291 741 breuiorem
1337 713 1439 750 illam,
1481 714 1612 754 opinor,
1651 721 1688 745 ut
1729 717 1935 747 dedicationis
1977 719 2060 748 ratio

163 772 197 798 et
226 768 313 797 locus
351 768 386 796 in
420 767 531 806 templi
571 769 676 797 fronte
716 768 901 808 postulabat.
956 768 1020 804 Qui
1060 779 1136 798 uero
1171 770 1318 809 ellogium
1351 771 1486 810 Augusti
1521 772 1607 802 iussu
1642 774 1844 813 conscripsit,
1878 775 1954 804 hacc
1986 776 2061 805 inde

164 825 311 865 sumpsit:
343 826 414 854 DE.
448 825 698 855 MANUBIEIS.
734 825 894 866 (manihiis
927 825 1086 864 Augustus
1122 826 1190 865 ipse
1224 828 1413 869 scripsisset)
1441 830 1699 861 CIMBRICEIS.
1733 833 1803 862 ΕΤ.
1838 833 2059 862 TEUTONI-

164 884 268 913 CEIS.
287 883 453 914 AEDEM.
473 885 661 914 IIONORI.
681 885 750 913 ΕΤ.
770 883 969 912 UIRTUTI.
990 883 1169 913 UICTOR.
1194 886 1335 916 FECIT.
1380 887 1432 916 Sic
1453 886 1486 916 in
1506 888 1610 927 lapide
1630 888 1680 918 his
1699 891 1807 928 paucis
1828 891 1917 920 annis
1938 892 2057 920 Romae

165 941 288 970 detecto
309 942 347 970 L.
367 942 552 977 Mummius,
573 943 626 980 qui
647 942 835 972 Corinthum
856 941 989 977 deleuit,
1009 947 1080 980 post
1100 943 1196 971 multa
1215 943 1397 982 interiecta,
1417 945 1689 976 IMPERATOR.
1709 948 1919 979 DEDICAT.
1956 949 2058 979 Arre-

165 999 266 1028 tinum
286 1000 461 1038 exemplum
482 1000 660 1029 emendauit
679 1006 766 1030 recte.
788 999 904 1029 Gorius
926 999 964 1028 Τ.
984 999 1024 1028 II.
1045 999 1191 1039 Inscript.
1211 1001 1320 1032 Etrur.
1339 1014 1370 1042 p.
1391 1005 1474 1040 252,
1507 1014 1609 1044 neque
1628 1005 1732 1034 minus
1751 1011 1836 1035 recte
1856 1007 2057 1038 Uitruuianis

166 1057 243 1087 locis
264 1063 310 1086 est
329 1068 410 1086 usus.
457 1057 534 1086 Erat
555 1059 638 1087 enim
659 1059 716 1087 illo
736 1060 769 1088 in
790 1058 934 1097 exemplo
955 1057 1022 1086 ET.
1043 1057 1222 1088 UICTOR.
1244 1060 1346 1098 quasi,
1375 1067 1403 1089 et
1429 1064 1596 1093 Uictoriae.
1635 1063 1686 1092 Ex
1705 1063 1754 1092 his
1774 1064 1898 1094 tandem
1919 1071 2057 1104 apparet,

167 1114 389 1154 inscriptiones
416 1115 573 1144 LIarianas
599 1116 718 1144 Romae
744 1116 779 1144 in
807 1117 955 1156 operibus
982 1115 1118 1155 publicis
1137 1116 1232 1145 fuisse
1252 1117 1322 1146 has:
1350 1119 1481 1158 primam
1502 1121 1534 1149 in
1555 1121 1629 1149 aede
1649 1121 1685 1149 ab
1706 1121 1774 1159 ipso
1794 1122 1915 1159 Mario,
1943 1134 2056 1153 secun-

168 1172 237 1201 dam
256 1172 383 1211 publice
403 1171 437 1200 in
458 1173 633 1212 Capitolio,
666 1183 706 1201 ex
727 1183 786 1212 qua
804 1174 937 1203 sortasse
965 1178 1141 1202 extremum
1167 1175 1241 1204 illut
1267 1181 1329 1213 est,
1364 1177 1517 1207 UESTE.
1546 1179 1837 1208 TRIUMPHALI.
1865 1180 2055 1210 CALCEIS.

165 1229 423 1258 PATRICIEIS.
444 1230 507 1258 nisi
526 1231 633 1269 potius
652 1230 691 1259 ad
710 1231 821 1270 templi
841 1231 1067 1260 dedicationem
1087 1233 1242 1270 pertinet,
1262 1238 1355 1273 atque
1375 1235 1412 1263 ab
1433 1236 1502 1276 ipso
1522 1236 1624 1266 Mario
1646 1235 1724 1272 fuit3
1743 1235 1867 1265 tertiam
1887 1237 1924 1265 ab
1945 1237 2055 1275 Augu-

164 1290 212 1316 sto
232 1287 266 1315 in
289 1297 395 1326 campo
414 1288 532 1317 Martio
552 1294 623 1319 ante
642 1288 854 1328 Mausoleum,
874 1300 951 1330 quae
970 1289 1005 1318 in
1025 1289 1111 1319 illius
1132 1291 1203 1321 foro
1224 1292 1333 1322 eodem
1353 1294 1497 1333 exemplo
1517 1294 1632 1332 suerit3
1653 1293 1743 1323 aliam
1764 1293 1898 1334 denique
1918 1294 2053 1324 similem

166 1344 202 1374 iu
220 1345 291 1375 foro
313 1344 452 1374 Traiani.

994 1537 1114 1574 CAP.
1166 1540 1231 1577 VI.

548 1643 937 1678 ARGUMENTUM
969 1647 1275 1678 ORATIONIS
1310 1647 1671 1681 PLANCIANAE.

242 1768 322 1799 Cum
335 1778 416 1798 anno
431 1778 462 1798 u.
482 1777 506 1797 c.
521 1767 585 1808 699.
601 1769 658 1799 Cn.
672 1769 823 1811 Pompeio
837 1776 869 1801 et
882 1773 926 1802 M.
936 1772 1063 1802 Licinio
1080 1773 1190 1802 Crasso
1206 1773 1375 1803 secundum
1390 1774 1569 1804 consulibus
1583 1773 1606 1815 ¹)
1627 1775 1684 1805 Cn.
1699 1775 1853 1813 Plancius,
1867 1776 1906 1806 A.
1924 1777 2055 1815 Plotius,

167 1828 207 1865 Q.
222 1827 346 1864 Pedius,
366 1831 398 1856 et
412 1827 456 1856 M.
473 1826 636 1857 quentius
652 1827 831 1858 Laterensis
844 1827 869 1868 ⁵)
889 1830 1077 1861 aedilitatem
1095 1832 1233 1861 curulem
1255 1831 1289 1860 in
1304 1842 1420 1861 annum
1439 1838 1619 1871 sequentem
1638 1834 1799 1873 petissent,
1817 1845 1856 1863 ex
1875 1835 1975 1874 iisque
1997 1836 2055 1865 Cn.

166 1884 312 1914 Plancius
330 1889 362 1913 et
379 1884 418 1914 A.
439 1884 562 1914 Plotius
577 1885 616 1914 L.
632 1885 776 1915 Domitio
797 1892 829 1916 et
843 1887 950 1927 Appio
972 1890 1102 1919 Claudio
1125 1901 1202 1919 coss.
1223 1899 1303 1917 anno
1325 1899 1389 1925 700.
1402 1888 1443 1928 ⁵),
1464 1890 1537 1928 quia
1555 1891 1677 1930 prolata
1697 1897 1786 1921 erant
1806 1893 1947 1930 comitia,
1968 1893 2055 1922 aedi-

167 1942 213 1972 les
233 1943 355 1972 curules
375 1948 477 1972 essent
497 1943 665 1982 designati,
693 1945 738 1974 M.
758 1944 939 1975 Laterensis
961 1947 1017 1977 Cn.
1038 1949 1199 1977 Plancium
1217 1947 1286 1985 lege
1305 1946 1431 1976 Licinia
1450 1946 1489 1976 de
1508 1948 1666 1979 sodaliciis
1681 1949 1704 1990 4)
1722 1949 1911 1990 postulauit,
1933 1955 1965 1978 et
1985 1960 2055 1978 cum

166 1999 207 2028 L.
229 1999 333 2028 Cassio
354 2000 566 2041 subscriptore
586 2001 623 2030 ad
644 2001 678 2031 C.
698 2001 830 2032 Flauum
848 2003 967 2033 Alfium
979 2003 1004 2043 ⁵)
1024 2011 1217 2045 praetorem,
1250 2015 1341 2044 quem
1360 2005 1429 2045 ipse
1458 2016 1516 2045 pro
1543 2007 1706 2044 facultate,
1741 2018 1831 2047 quam
1856 2008 1909 2037 lex
1929 2007 2055 2036 Licinia

167 2056 274 2094 dabat,
301 2058 505 2097 quaesitorem
524 2058 630 2098 *iudici
650 2058 820 2097 delegerat,
839 2060 1019 2101 iudicesque
1040 2063 1183 2092 editicios
1197 2062 1238 2102 G),
1273 2073 1350 2102 quos
1370 2063 1475 2092 eadem
1495 2064 1548 2093 lex
1569 2066 1773 2103 concedebat,
1794 2066 1972 2096 accussauit.
1995 2066 2053 2095 Cn.

167 2115 277 2145 Planci
301 2126 437 2146 caussam
461 2118 506 2147 M.
535 2117 661 2148 Tullius
688 2118 802 2149 Cicero
830 2120 984 2160 suscepit,
1011 2123 1064 2162 qui
1086 2133 1155 2153 cum
1181 2121 1256 2152 exul
1284 2126 1351 2151 erat
1375 2131 1392 2151 a
1420 2122 1476 2152 Cn.
1503 2123 1630 2153 Plancio
1661 2129 1825 2164 quaestore
1850 2122 2054 2153 Macedoniae

250 2328 271 2363 ⁸)
288 2328 357 2355 Uide
376 2330 482 2365 Proleg.
501 2330 535 2356 L.
546 2329 594 2356 111.
614 2338 638 2358 e.
658 2337 682 2358 Ι.
699 2330 723 2364 5.
737 2338 773 2357 2..
790 2345 826 2352 —
853 2331 875 2365 ⁸)
892 2332 951 2359 Hos
969 2340 1094 2367 quattuor
1112 2344 1163 2362 una
1182 2335 1349 2362 aedilitatem
1368 2336 1485 2363 curulem
1502 2337 1607 2372 petisse,
1626 2346 1659 2363 ex
1677 2344 1716 2364 or.
1732 2336 1824 2364 Plane.
1841 2335 1873 2362 C.
1889 2334 1949 2363 VII.
1968 2336 1991 2370 §.
2012 2344 2052 2370 17.

172 2375 201 2397 et
219 2372 250 2400 C.
268 2373 360 2401 XXII.
379 2376 403 2408 ᾗ.
422 2376 478 2408 54.‚
505 2380 532 2401 et
550 2385 583 2402 ex
600 2375 674 2403 Prol.
692 2375 726 2401 L.
744 2376 789 2401 111.
809 2385 831 2402 c.
848 2377 874 2403 4.
892 2378 916 2410 ὖ.
936 2387 961 2404 2.
979 2385 1101 2413 apparet.
1126 2394 1161 2400 —
1190 2380 1210 2414 ³)
1229 2381 1298 2406 Uide
1316 2380 1423 2415 Proleg.
1441 2381 1474 2409 L.
1492 2382 1539 2407 111.
1558 2391 1581 2407 c.
1602 2390 1625 2407 1.
1643 2382 1667 2414 ᾗ.
1685 2389 1720 2408 2..
1738 2394 1772 2400 —
1800 2380 1823 2415 ⁴)
1841 2380 1883 2405 De
1900 2380 1958 2414 lege
1976 2380 2052 2405 Lici-

169 2415 212 2441 nia
231 2416 303 2444 l‘rol.
321 2418 355 2444 L.
370 2420 417 2447 111.
437 2429 459 2445 c.
477 2420 503 2446 3.
521 2420 629 2454 egimus.
646 2433 681 2441 —
709 2419 730 2452 ⁵)
749 2419 792 2445 De
812 2419 844 2446 C.
862 2421 947 2447 Flauo
964 2423 1051 2457 Alfio,
1070 2425 1221 2458 quaesitore
1238 2424 1321 2451 iudici
1339 2424 1492 2459 Planciaui,
1522 2426 1585 2452 uide
1605 2425 1678 2452 Prol.
1697 2424 1731 2451 L.
1750 2425 1798 2454 ΠΙ.
1816 2434 1839 2452 c·
1855 2433 1892 2452 a..
1907 2439 1942 2446 —
1970 2425 1990 2459 ⁶)
2009 2425 2051 2451 De

171 2458 303 2487 iudicibus
325 2463 440 2491 edificiis
459 2464 533 2494 Prol.
549 2465 583 2491 L.
599 2465 646 2492 111.
665 2473 688 2495 c.
706 2465 732 2492 3.
750 2465 774 2500 §·
790 2465 817 2492 5.
835 2464 942 2499 egimus·
