2185 2720
861 130 886 160 c
905 131 934 159 A
953 130 996 160 P.
1036 129 1200 159 XXXIV.
1235 127 1263 169 ς.
1290 133 1336 162 ss.
1982 134 2035 161 205

170 212 272 244 etiam
293 210 351 242 lex
372 208 557 253 Calpurnia
580 207 759 253 puniebat3
782 205 903 238 deinde
923 205 1034 238 morbi
1055 206 1289 238 excussationi
1296 216 1411 249 poena
1433 203 1556 236 addita
1577 208 1638 242 est,
1664 202 1753 245 quod
1775 208 1822 234 est
1844 202 1941 234 etiam
1963 209 2038 245 post

165 264 301 298 Ernesti
329 264 589 295 declarationem
619 262 807 293 obscurum.
851 259 934 291 Illut
964 258 1121 302 inprimis
1149 258 1238 290 mihi
1270 256 1514 295 adnotandum,
1552 256 1640 298 quod
1667 256 1707 287 ad
1736 255 1821 287 hanc
1850 255 2039 286 orationem

165 328 327 349 maxume
349 317 508 360 pertinet.
551 316 649 348 Idem
671 313 828 346 editicios
853 313 984 344 iudices
1007 324 1078 344 esse
1099 311 1265 349 uoluisti,
1298 314 1339 342 ut
1361 309 1442 341 odia
1471 309 1606 340 occulta
1628 310 1778 348 ciuium,
1810 320 1897 352 quae
1921 308 2038 339 tac-itis

166 383 258 403 nunc
280 371 463 403 discordiis
488 369 728 405 continentur,
750 366 786 397 in
800 365 971 410 fortunas
994 364 1128 408 optumi
1150 364 1317 406 cuiusque
1340 367 1568 406 erumperent.
1611 362 1688 393 Hoc
1709 365 1909 392 numeratur
1929 359 1965 390 in
1987 359 2039 397 iis,

166 435 255 467 quae
277 436 373 462 mea,
410 421 535 463 inquit,
566 432 701 453 summa
722 419 903 451 uoluntate
924 423 1065 450 senatus
1091 416 1305 461 repudiauit.
1347 415 1501 447 Huccine
1526 414 1631 456 igitur
1652 414 1729 445 illut
1749 412 1911 455 pertinet,
1949 411 2038 452 quod

168 487 274 518 supra
303 475 450 507 uidimus
481 486 509 505 c.
536 485 584 516 17·
615 484 726 516 nuper
754 471 953 504 clarissumi
978 471 1071 503 ciues
1099 482 1220 502 nomen
1248 469 1370 501 editici
1396 468 1524 500 iudicis
1549 479 1615 499 non
1640 466 1796 498 tulerunt
1819 466 1904 497 etc.‘.’
1939 464 1980 495 de
2002 475 2040 495 re

167 535 259 559 certe
280 528 326 559 ibi
349 528 476 570 agitur,
511 537 596 569 quae
618 531 694 557 ante
715 523 884 556 Liciniam
906 524 1015 566 legem
1039 522 1206 554 acciderit.
1253 521 1310 552 Set
1334 520 1472 552 turbant
1492 519 1682 563 sequentia,
1717 519 1900 562 omniaque
1922 517 2040 561 potius

163 581 442 624 permiscuerunt
449 587 477 620 ,ἢ
499 591 604 624 quam
633 579 666 611 ei
694 578 767 621 legi
795 577 1054 620 condicionique
1085 580 1261 619 parerent.
1305 574 1421 616 Itaque
1447 573 1572 605 iudices
1601 571 1750 604 editicios
1778 571 1827 602 bis
1850 570 2040 613 repudiatos

169 633 373 665 existumare
395 633 491 672 licet,
531 631 636 664 semel
668 631 740 662 Ser.
763 629 914 672 Sulpicio
937 640 993 660 eos
1019 629 1230 672 postulante,
1265 627 1392 659 iterum
1414 627 1528 669 ignoto
1551 625 1617 657 alio
1641 632 1813 667 tempore,
1856 629 1906 654 set
1927 628 2041 665 poste-

165 685 270 725 riore,
295 691 476 727 antequam
498 691 611 716 tamen
633 683 768 715 Crassus
791 682 982 725 inponeret.
1007 682 1268 713 GARATONIL‘S.
1315 680 1475 711 Ceterum
1498 679 1658 717 exilium,
1684 688 1751 719 quo
1774 675 1918 707 ambitus
1945 675 2041 705 dam-

165 738 260 782 pnati
282 739 356 781 lege
380 738 497 769 Tullia
518 737 764 776 multabantur,
795 741 866 767 erat
886 733 1076 766 decennale.
1125 732 1196 765 Cfr.
1220 733 1289 765 Dio
1314 734 1404 765 Cass.
1429 732 1507 764 Lib.
1530 731 1722 763 XXXVII.
1747 741 1774 761 e.
1799 740 1868 771 29..

253 793 338 825 Mea
360 792 436 835 lege
459 791 562 823 exilio
585 790 753 822 ambitum
775 787 942 830 sanxisse)
988 787 1037 819 Ita
1061 786 1219 829 sagaciter
1246 784 1452 817 Garatonius
1481 790 1558 816 ante
1581 789 1754 827 repertum
1779 782 1927 813 codicem
1950 780 2041 813 Am-

168 843 364 876 brosianum
384 855 445 886 pro
469 849 629 886 corrupta
650 842 858 884 reliquorum
889 840 1039 872 codicum
1067 839 1250 882 scriptura,
1284 850 1360 870 mea
1386 839 1462 881 lege
1483 850 1523 870 ex
1546 838 1608 869 illo
1630 837 1763 869 ambitu
1787 836 1952 873 traxisse,
1988 834 2041 865 le-

168 896 314 939 gendum
337 896 433 928 uidit.
479 895 699 927 Confirmauit
721 893 947 926 coniecturam
971 893 1041 923 eius
1067 904 1136 924 non
1159 892 1271 923 solum
1298 890 1368 921 cod.
1392 891 1526 929 Ambr.‚
1550 896 1600 922 set
1623 890 1724 921 etiam
1745 889 1935 922 Arusianus
1948 887 2042 919 Mes-

167 950 248 989 sius,
274 961 317 981 ex
339 949 433 981 cuius
456 947 686 979 elocutionum
709 946 874 989 exemplis
895 945 1098 977 Garatonius
1123 945 1159 976 in
1180 943 1291 976 Praef.
1315 943 1354 975 ad
1377 944 1456 977 Uol.
1482 944 1561 976 VII.
1585 943 1635 974 ed.
1658 944 1766 984 Neap.
1788 953 1823 984 p.
1845 941 1904 980 X„
1928 939 2042 971 codice

168 1003 394 1045 Neapolitano
423 1013 521 1041 usus,
561 1001 643 1033 haec
670 999 831 1043 protulit:
867 1000 999 1039 „Nunc
1027 1004 1108 1041 aput
1135 998 1345 1030 Arusianum
1374 997 1456 1028 haec
1485 996 1643 1027 inuenio:
1680 995 1797 1027 Sentio
1827 994 1868 1025 de
1891 999 1923 1025 te
1945 992 2042 1024 bona.

170 1054 239 1087 Cic.
262 1056 298 1086 in
320 1055 423 1087 Catil.
435 1054 508 1087 III.
551 1054 622 1094 Qui
646 1053 761 1085 omnia
782 1064 829 1084 ec.
872 1052 971 1084 Sensi
994 1052 1121 1084 crimen
1145 1063 1186 1083 ex
1209 1051 1280 1082 illo.
1328 1050 1443 1083 Cicero
1460 1061 1528 1093 pro
1549 1049 1621 1092 Syl.
1663 1048 1815 1081 Addidit
1837 1059 1890 1078 me
1913 1046 2041 1078 idcirco

169 1119 247 1139 mea
277 1108 353 1150 lege
375 1120 416 1139 ex
445 1108 508 1139 illo
529 1106 697 1139 ambitum
724 1105 879 1138 sensisse.
925 1105 1050 1136 Sancio
1078 1109 1259 1148 peccatum
1287 1103 1470 1147 supplicio,
1513 1102 1581 1134 Cic.
1604 1113 1672 1145 pro
1694 1101 1766 1144 Syl.
1808 1099 1898 1133 Noli
1929 1098 2043 1130 obser-

170 1161 332 1192 uantiam
360 1161 494 1193 sancire
520 1171 641 1204 poena.
685 1158 814 1191 Sitiens
852 1158 950 1190 illius
988 1158 1050 1189 rei.
1095 1156 1211 1188 Cicero
1238 1169 1301 1200 pro
1332 1156 1441 1199 Sylla.
1486 1156 1666 1187 Sitientem
1693 1166 1745 1186 me
1773 1153 1921 1185 uirtutis
1952 1158 2042 1184 tuae.

169 1213 220 1244 Hi
239 1219 308 1244 tres
330 1212 396 1244 loci
417 1224 481 1255 pro
503 1211 639 1243 Plancio
662 1217 756 1251 sunt,
784 1223 855 1243 non
876 1223 939 1255 pro
961 1210 1073 1250 Sulla3
1107 1216 1294 1253 postremus
1318 1220 1345 1239 c.
1369 1210 1399 1240 5.
1426 1208 1555 1239 medius
1578 1218 1605 1240 c,
1632 1219 1680 1250 19.
1703 1206 1813 1249 priori
1836 1205 1974 1244 similis,
2002 1204 2042 1235 de

171 1275 239 1307 quo
263 1265 402 1307 agimus.
452 1265 621 1306 Quartum
643 1264 850 1308 superiorem
872 1263 1022 1303 adiunxi,
1046 1269 1083 1294 ut
1103 1268 1246 1306 pateret,
1270 1261 1349 1304 quid
1372 1272 1502 1293 caussae
1525 1259 1650 1299 fuisset,
1675 1271 1733 1291 cur
1750 1259 1842 1291 sensi
1863 1270 1926 1301 pro
1941 1258 2043 1290 sanxi

171 1323 206 1349 et
227 1319 372 1351 sensisse
394 1330 457 1361 pro
481 1318 637 1350 sanxisse
656 1317 692 1348 in
714 1318 884 1350 Arusiano
907 1316 1121 1349 describendo
1145 1315 1287 1359 inperiti
1309 1321 1493 1358 ponerent3
1518 1325 1601 1356 quos
1623 1313 1780 1356 abripere
1802 1311 2042 1351 antecedentia,

169 1371 275 1402 latere
296 1378 407 1402 autem
430 1371 599 1410 solebant,
637 1382 720 1413 quae
743 1371 975 1413 sequebantur.
986 1371 1006 1388 “
1052 1369 1208 1401 Ceterum
1235 1368 1453 1399 librariorum
1479 1378 1591 1406 error,
1628 1378 1692 1410 pro
1715 1367 1870 1399 sanxisse
1892 1364 2042 1396 scriben-

168 1423 256 1455 tium
278 1425 442 1464 sensisse,
465 1435 504 1456 eo
527 1423 660 1455 facilior
681 1424 764 1464 fuit,
798 1435 864 1466 quo
891 1422 1022 1466 saepius
1043 1421 1190 1464 antiquis
1213 1421 1422 1465 temporibus
1445 1421 1594 1453 sansisse
1615 1431 1678 1462 pro
1702 1420 1856 1452 sanxisse
1879 1418 2041 1461 scriptum

170 1483 228 1509 est.
274 1477 329 1509 Sic
350 1477 471 1510 Ambr.
494 1477 730 1519 palimpsestus
752 1488 814 1520 pro
834 1477 926 1509 Sulla
948 1488 982 1520 p.
1009 1475 1079 1506 150.
1103 1474 1153 1506 ed.
1176 1476 1259 1507 Mai.
1283 1486 1346 1507 see.
1369 1478 1553 1507 sanserant
1576 1471 1703 1503 scribit.

256 1529 427 1573 Epilogos
446 1542 583 1574 possem
605 1529 731 1573 dicere)
773 1530 864 1562 Male
888 1528 1089 1561 Garatonius
1113 1540 1177 1571 pro
1202 1530 1334 1568 dicere,
1358 1539 1442 1570 quae
1466 1532 1514 1558 est
1537 1525 1745 1557 consentiens
1770 1523 1922 1556 omnium
1945 1522 2041 1555 codi-

171 1592 249 1613 cum
274 1581 454 1624 scriptura‚
481 1594 525 1614 eX
547 1581 616 1613 edd.
639 1589 721 1614 uett.
746 1583 866 1615 elicere
888 1581 1135 1613 restituendum
1158 1582 1303 1625 putauit.

258 1634 342 1668 Non
365 1635 461 1667 uobis
483 1636 604 1668 uideor
627 1648 704 1668 cum
728 1636 845 1679 aliquo
870 1636 1118 1675 declamatore,
1140 1648 1207 1667 non
1231 1648 1308 1667 cum
1331 1635 1458 1667 laboris
1481 1640 1514 1668 et
1525 1633 1606 1678 fori
1628 1631 1798 1676 discipulo
1821 1628 2041 1674 disputareP)

170 1688 430 1727 Declamatori,
452 1699 521 1719 non
544 1688 591 1727 ei,
618 1688 676 1730 qui
698 1688 878 1731 aliquando
901 1688 1105 1728 declamitat,
1130 1695 1180 1720 set
1204 1689 1262 1731 qui
1285 1700 1358 1720 eam
1381 1700 1454 1720 rem
1476 1687 1673 1731 profitetur,
1698 1690 1786 1716 certe
1810 1683 1868 1726 qui
1890 1682 2042 1713 nondum

171 1740 288 1783 adtigit
310 1739 440 1780 forum,
477 1741 692 1773 sententiolas
722 1741 867 1784 captanti
894 1748 926 1773 et
954 1741 1068 1773 inania
1100 1741 1294 1773 ecfundenti
1324 1741 1507 1784 opponitur
1531 1740 1658 1772 laboris
1688 1743 1721 1770 et
1733 1736 1814 1781 fori
1837 1735 2042 1778 discipulus,

174 1793 233 1837 qui
255 1793 343 1825 ueris
365 1793 402 1824 in
425 1793 545 1824 caussis
566 1795 675 1826 multo
701 1806 777 1826 cum
799 1795 915 1826 labore
937 1801 1104 1834 uersatus,
1129 1794 1242 1826 forum
1264 1794 1448 1838 premendo
1472 1799 1503 1825 et
1524 1792 1670 1835 agendo,
1693 1788 1838 1832 argutias
1864 1799 2044 1831 pompam-

174 1859 240 1890 que
261 1847 397 1877 inanem
419 1846 562 1886 abicere,
587 1847 747 1880 solidiora
768 1848 927 1891 persequi
948 1859 1021 1887 usu,
1046 1848 1328 1879 commentatione
1352 1846 1584 1889 (scriptionem
1606 1843 1704 1875 addas
1726 1841 1816 1884 licet)
1841 1841 1952 1872 debuit
1973 1851 2042 1872 esse

172 1899 366 1944 perfectior.
411 1900 533 1941 Neque
554 1910 636 1931 uero
659 1900 820 1943 inparatis
844 1908 875 1933 et
896 1900 1035 1932 indoctis
1056 1900 1163 1932 adfert
1186 1900 1299 1932 omnia
1319 1898 1462 1931 forensis
1484 1899 1591 1930 labor.
1636 1898 1752 1940 Ipsum
1775 1895 1817 1926 de
1838 1906 1872 1925 se
1886 1894 2042 1925 Tullium

175 1952 252 1985 audi
281 1953 317 1984 in
340 1952 447 1983 Bruto
470 1963 542 1993 9o.:
569 1953 659 1985 Tam
678 1954 832 1997 primum
853 1967 914 1987 nos
935 1955 982 1987 ad
1003 1965 1142 1985 caussas
1165 1959 1199 1985 et
1214 1954 1382 1997 priuatas
1401 1958 1434 1985 et
1450 1951 1611 1996 publicas
1633 1948 1944 1991 adire.coepimus,
1974 1959 2041 1978 non

174 2012 215 2040 ut
237 2004 372 2049 infore
396 2006 618 2045 disceremus,
643 2008 733 2050 quod
748 2008 907 2052 plerique
920 2006 1103 2050 fecerunt,
1124 2012 1176 2038 set
1198 2013 1255 2045 ut,
1277 2012 1446 2050 quantum
1467 2017 1528 2037 nos
1551 2005 1682 2049 efficere
1698 2002 1948 2046 potuissemus,
1979 2000 2040 2031 do-

175 2060 224 2093 cti
247 2059 284 2091 in
298 2057 424 2102 forum
444 2059 650 2092 ueniremus.
697 2061 753 2092 Set
774 2061 846 2092 aliis
869 2061 960 2092 domi
984 2058 1121 2091 educata
1142 2059 1362 2091 nutrimentis
1386 2056 1578 2099 eloquentia
1599 2055 1672 2096 ipsa
1697 2066 1731 2086 se
1753 2054 1790 2085 in
1811 2053 1888 2085 foro
1911 2053 2040 2084 colorat

174 2118 207 2144 et
227 2111 383 2150 roborat,
405 2111 434 2143 si
455 2112 522 2143 huc
543 2112 723 2146 transferre
744 2113 824 2145 licet
845 2112 1016 2155 egregium
1036 2112 1132 2143 Tulli
1155 2111 1284 2144 dictum
1306 2112 1343 2143 in
1365 2112 1462 2143 Orat.
1487 2109 1553 2140 15..
1597 2107 1753 2140 Dubitari
1775 2118 1845 2138 non
1866 2117 1963 2148 posse
1983 2117 2041 2137 ar-

174 2165 302 2201 bitror,
333 2164 415 2206 quiu
435 2164 543 2196 multa
564 2164 679 2197 doceat
697 2166 782 2197 acies
804 2172 837 2197 et
860 2165 1029 2197 dimicatio
1052 2164 1208 2197 forensis.
1252 2164 1350 2197 Adde
1373 2169 1562 2201 oratorum,
1598 2160 1656 2203 qui
1677 2170 1837 2191 maxume
1861 2159 1896 2190 in
1920 2159 2039 2190 caussis

175 2218 363 2257 excellunt,
386 2216 628 2257 imitationem,
657 2218 697 2249 de
719 2230 783 2261 qua
805 2225 855 2250 est
875 2219 967 2250 locus
987 2219 1032 2252 II.
1056 2218 1097 2250 de
1124 2219 1219 2250 Orat.
1244 2228 1312 2249 21..
1356 2216 1407 2248 Ea
1428 2215 1464 2247 in
1486 2214 1559 2247 foro
1580 2214 1628 2245 ita
1648 2219 1792 2245 tentatur
1812 2218 1914 2254 atque
1934 2211 2039 2255 perfi-

177 2270 282 2311 citur,
304 2276 343 2302 ut
367 2281 452 2312 quae
473 2270 646 2302 umbratili
668 2271 910 2303 exercitatione
930 2270 1119 2314 paraueris,
1147 2270 1332 2302 maturiora
1362 2268 1444 2300 fiant
1470 2273 1503 2298 et
1525 2266 1761 2299 emendatiora.
1806 2266 1864 2297 Set
1891 2265 1947 2296 hic
1969 2275 2040 2296 non

177 2322 220 2354 de
240 2329 311 2355 tota
331 2321 548 2367 perfectaque
569 2323 679 2366 agitur
704 2324 910 2366 eloquentia,
949 2335 1034 2367 quae
1057 2323 1158 2354 domo
1189 2322 1296 2365 magis
1324 2322 1362 2354 in
1383 2320 1514 2360 forum,
1551 2331 1653 2362 quam
1675 2331 1693 2350 e
1714 2318 1790 2350 foro
1814 2317 1955 2349 domum
1976 2317 2039 2349 ad-

177 2374 294 2408 fertur.
336 2376 477 2408 Dictum
497 2376 577 2408 illut
597 2377 807 2417 Laterensis,
845 2375 936 2419 quod
956 2377 1059 2409 modo
1083 2376 1322 2419 exposuimus,
1356 2372 1617 2416 reprehenditur
1638 2377 1811 2414 tamquam
1833 2370 2038 2403 declamato-

176 2427 267 2462 rium
298 2434 331 2460 et
349 2429 519 2471 putidum.
563 2429 637 2470 Tu,
669 2429 800 2472 inquit,
834 2440 912 2461 cum
937 2430 982 2461 sis
1006 2429 1134 2462 laboris
1159 2434 1193 2461 et
1206 2427 1288 2472 fori
1309 2427 1522 2471 discipulus,
1554 2436 1624 2457 non
1644 2424 1719 2456 ludi
1739 2430 1840 2467 atque
1860 2424 2036 2468 palestrae,
