2185 2720
107 132 216 164 XCIV
777 129 1311 161 PROLEGOMENA.

111 204 299 236 Torrentius
318 209 350 235 et
368 205 496 245 Lipsius
516 202 758 241 intellexerunt,
785 205 894 233 statuis
916 205 1063 234 diffractis
1093 210 1124 234 et
1150 205 1338 234 conminutis
1363 205 1466 235 inanis
1486 217 1556 236 cum
1575 209 1674 239 titulis
1694 211 1775 240 basis
1794 211 1894 241 furori
1915 211 1994 241 stul-

109 256 239 284 tissumo
259 254 458 293 superfuisse.
497 252 602 280 Locus
629 256 676 280 est
703 252 741 281 de
767 257 936 281 statuarum
961 253 1098 288 honore,
1128 262 1191 281 non
1211 252 1249 281 de
1270 253 1354 281 omni
1375 254 1530 283 clarorum
1550 256 1690 286 uirorum
1708 261 1872 297 memoria3
1893 269 1993 299 neque

110 304 262 332 Liuianos
289 302 386 330 libros
413 300 538 328 abolere
566 309 635 328 cum
662 299 830 337 cogitaret,
858 300 984 329 illorum
1011 301 1155 329 laudibus
1183 301 1392 336 obtrectabat,
1419 312 1497 340 quae
1524 303 1744 340 praedicantur
1768 317 1785 335 a
1810 308 1922 343 Liuio,
1949 313 1995 336 set

110 350 297 380 historicum
317 353 377 376 tam
398 347 588 386 praeclarum
609 347 804 386 loquacitatis
824 347 917 375 homo
939 348 1040 377 fatuus
1062 349 1236 377 accussabat
1263 353 1294 377 et
1319 349 1540 387 neglegentiae.
1579 350 1623 379 At
1651 362 1722 388 cur,
1749 353 1775 381 si
1801 357 1866 383 suis
1893 357 1996 385 titulis

113 398 280 427 Suetonius
301 394 433 430 dixerit,
465 395 578 423 clarius
599 395 658 424 hoc
679 400 791 434 putent
810 395 894 430 fore,
919 405 984 424 non
1005 396 1108 425 uideo.
1149 396 1257 424 Saluos
1278 395 1381 425 dicere
1401 402 1562 435 optumum
1582 398 1659 435 fuit,
1685 399 1751 428 siue
1771 404 1895 431 restitui
1915 405 1994 431 titu-

112 447 168 481 lis,
197 444 250 482 qui
271 444 354 471 salui
374 448 478 478 erant,
507 443 685 481 intellegas,
714 444 781 471 siue
802 453 871 470 cum
899 444 984 473 salui
1003 449 1104 473 essent
1131 444 1165 472 in
1193 443 1317 472 basibus
1345 445 1441 473 tituli.
1481 445 1574 474 Nunc
1595 455 1634 474 ex
1654 456 1690 474 eo
1711 457 1838 476 numero
1860 449 1996 486 titulum,

114 492 167 530 qui
189 491 222 519 C.
244 489 465 521 Mari'statuae
485 490 678 529 subscriptus
699 490 778 526 fuit,
805 491 922 519 saluom
943 491 1166 528 cognoscimus.
1203 490 1280 519 Illut
1299 491 1438 529 ignotum
1459 497 1520 527 est,
1546 493 1696 521 titulosne
1717 494 1910 533 Capitolinos
1930 496 1998 525 ser‘-

113 538 196 567 uarit
215 538 389 575 Augustus,
409 547 447 565 an
469 537 506 565 de
525 537 594 566 soro
615 547 670 566 suo
691 537 863 577 descriptos
883 538 1062 567 subiecerit.
1103 538 1249 567 Seruauit
1268 539 1398 568 fortasse
1418 538 1556 578 aliqum,
1579 539 1649 577 hic,
1674 546 1709 570 ut
1728 552 1760 570 se
1779 553 1828 572 res
1849 543 1996 573 hactenus

113 585 224 622 habet,
244 585 388 615 uideatur
409 595 448 614 ex
467 586 546 614 foro.

1012 696 1039 738 §.
1071 704 1097 730 5.

191 806 290 846 Atqui
310 815 358 834 res
380 805 422 834 ita
443 805 585 833 conuerti
612 809 732 843 potest,
766 810 802 834 ut
820 815 919 834 nouus
942 806 975 835 in
996 816 1104 845 campo
1124 805 1238 842 fuerit,
1273 806 1385 835 deinde
1410 807 1444 836 in
1470 808 1534 837 fori
1552 807 1726 846 porticsbus
1746 817 1843 836 nouae
1864 808 1898 837 C.
1918 808 1999 837 Mari

117 860 234 885 statuae
260 854 342 882 idem
369 852 572 891 subscriptus.
610 852 690 880 Nam
718 852 778 881 hoc
806 853 916 881 ordine
945 854 1102 892 Augustus
1130 854 1198 892 ipse
1225 854 1258 882 iu
1284 860 1484 884 monumento
1512 856 1681 893 Ancyrano
1709 866 1738 893 p.
1762 857 1824 891 ¹74-
1851 856 1999 884 editionis

119 901 352 932 Chishullianae
371 910 444 928 usus
465 905 518 927 est.
560 899 835 929 CAPITOLIL'M
855 915 892 923 —
912 901 1115 930 IMPENSA.
1146 901 1328 930 GRANDI.
1355 902 1523 931 REFECI.
1550 902 1658 931 SINE.
1685 902 1815 930 ULLA.
1837 902 2000 931 INSCRI-

118 949 295 978 PTIONE.
314 947 510 976 NOMINIS.
531 946 619 975 MEI.
651 947 728 982 Quis
750 959 813 976 non
832 949 928 984 uidet,
950 949 982 976 in
1004 958 1038 976 ea
1057 949 1231 976 refectione
1251 954 1363 977 statuas
1383 949 1417 977 iu
1436 949 1627 978 latissumum
1656 951 1755 988 campi
1775 949 1871 978 Marti
1898 949 2002 979 locum

120 1007 159 1025 ex
180 995 402 1033 augustissumo
425 994 585 1022 translatas
606 995 723 1022 fuisse?
743 995 867 1023 Deinde
887 1001 957 1034 post
978 1006 1091 1034 pauca:
1112 996 1278 1025 FORUM.
1307 996 1475 1025 IULIUM.
1501 996 1569 1025 ΕΤ.
1589 999 1822 1027 BASILICAM
1841 1013 1879 1018 —
1899 996 2003 1025 COE-

119 1044 215 1072 PTA.
236 1041 623 1077 PROFLIGATAQL‘E.
647 1042 801 1070 OPERA.
822 1043 861 1071 A.
882 1043 1037 1071 PATRE.
1057 1042 1163 1071 MEO.
1184 1044 1379 1073 PERFECI.
1408 1044 1479 1071 Hoc
1500 1049 1582 1072 certe
1602 1045 1677 1074 haut
1697 1045 1788 1084 paulo
1811 1049 1890 1079 ante,
1911 1054 2002 1082 quam

118 1092 221 1120 forum
241 1100 329 1118 suum
350 1089 512 1124 conderet,
532 1089 646 1117 factum
667 1090 817 1127 oportuit.
857 1090 1025 1119 Suetonius
1047 1101 1111 1128 cap.
1133 1090 1280 1119 XXIX.:
1300 1093 1375 1120 Fori
1394 1092 1558 1119 extruendi
1577 1103 1688 1120 caussa
1700 1092 1771 1130 fide
1792 1093 1952 1120 hominum
1972 1097 2001 1120 et

120 1139 306 1167 iudiciorum
333 1137 518 1170 multitudo,
554 1147 632 1174 quae
658 1137 825 1165 uidebatur
852 1148 914 1165 non
942 1138 1170 1175 sufficientibus
1204 1138 1320 1166 duobus
1346 1141 1442 1168 eliam
1468 1141 1558 1166 tertio
1589 1140 1740 1176 indigere.
1786 1139 1941 1175 Quocirca
1969 1138 2003 1166 in

120 1189 320 1214 monumento
341 1184 498 1221 sequitur:
517 1183 693 1211 MARTIS.
714 1184 917 1212 ULTORIS.
940 1184 1168 1213 TEMPLUM.
1189 1185 1448 1222 FORUMQUE.
1469 1185 1726 1215 AUGUSTUM.
1746 1185 1854 1214 FECI.
1881 1185 2003 1223 Nempe

121 1237 193 1271 post
222 1231 413 1259 consulatum
441 1241 529 1258 suum
552 1236 726 1268 septumum
748 1231 820 1259 anni
841 1231 1075 1269 DCCXXVI„
1106 1232 1193 1260 cuius
1220 1231 1311 1260 initio
1340 1233 1474 1271 Augusti
1495 1243 1607 1261 nomen
1634 1233 1664 1261 ei
1692 1233 1826 1261 delatum
1853 1233 1923 1261 fnit.
1961 1231 2005 1260 Et

121 1279 219 1308 multo
250 1279 373 1317 quidem
393 1283 508 1315 postca.
547 1277 626 1305 Nam
647 1278 794 1316 templum
824 1278 896 1307 illut
917 1289 995 1307 anno
1016 1279 1270 1308 DCCXXXIV.
1290 1279 1400 1317 signis,
1432 1291 1508 1318 quae
1528 1280 1639 1309 Parthi
1662 1286 1825 1320 ceperant,
1851 1279 2005 1309 restitutis

122 1327 300 1357 faciundum
321 1326 469 1353 decreuit.
509 1325 544 1353 Id
564 1325 623 1352 iam
645 1325 766 1353 notauit
786 1335 826 1353 ex
845 1325 951 1353 Dione
971 1326 1118 1354 Norisius
1139 1326 1179 1354 II.
1201 1327 1371 1366 Cenotaph.
1392 1327 1491 1356 Pisan.
1512 1329 1549 1357 8..
1587 1329 1757 1357 Dedicauit
1776 1327 1908 1366 denique
1928 1337 2006 1355 con-

123 1375 225 1404 sulatu
245 1385 300 1402 suo
321 1373 413 1401 XIII.
440 1383 519 1401 anno
540 1373 701 1408 DCCLI.,
727 1373 810 1411 qnod
830 1372 973 1401 Uelleius
995 1373 1042 1407 II,
1073 1383 1134 1401 100.
1163 1375 1329 1403 memoriae
1356 1374 1504 1414 prodidit.
1544 1375 1736 1414 Quamquam
1763 1375 1877 1404 etenim
1902 1375 2005 1403 forum

124 1427 228 1450 narrat
256 1421 301 1449 ibi
322 1421 491 1448 Suetonius
509 1419 739 1457 festinantius,
767 1421 897 1448 necdum
920 1420 1066 1457 perfecta
1092 1422 1211 1448 Martis
1239 1422 1314 1449 aede
1327 1422 1527 1459 publicatum
1546 1422 1670 1459 fuisse,
1697 1423 1884 1451 existumare
1902 1427 2006 1451 tamen

126 1473 268 1508 oportet,
302 1478 366 1496 non
392 1468 523 1496 multum
551 1468 700 1506 temporis
728 1468 810 1495 inter
837 1477 885 1495 eas
916 1467 1126 1495 dedicationes
1158 1468 1379 1497 intercessisse.
1419 1469 1526 1507 Itaque
1553 1480 1570 1497 a
1589 1469 1695 1498 Dione
1722 1470 1797 1499 libri
1816 1471 1888 1499 LV.
1917 1475 2006 1509 parte

127 1519 285 1557 deperdita
314 1528 466 1556 proxume
495 1518 767 1555 coniungebantur.
812 1519 971 1555 Superstes
1002 1522 1131 1546 testatur
1156 1518 1266 1555 index,
1302 1518 1335 1546 in
1357 1529 1418 1557 quo
1439 1529 1502 1546 non
1524 1515 1608 1559 ἱεραὶ,
1641 1519 1724 1557 quod
1744 1520 1847 1558 inepte
1868 1520 2007 1550 refertur

128 1571 167 1600 ad
190 1571 328 1606 domum,
351 1576 397 1599 set
418 1568 517 1611 ἐγεῖραὶ
531 1571 639 1609 sorum
662 1581 731 1598 cum
755 1569 914 1598 Chishullo
936 1569 1001 1597 sine
1025 1568 1215 1598 dubitatione
1238 1571 1400 1608 legendum
1425 1576 1480 1600 est.
1525 1571 1615 1600 Illam
1637 1582 1713 1600 uero
1736 1572 1774 1600 de
1794 1572 1864 1601 foro
1886 1576 2006 1610 partem

129 1631 192 1650 non
211 1621 341 1648 resarcit
361 1621 459 1649 codex
480 1621 641 1659 egregiuS,
667 1630 706 1648 ex
727 1631 786 1659 quo
807 1629 907 1657 nuper
928 1629 1062 1647 summus
1084 1619 1135 1647 uir
1154 1620 1292 1658 mihique
1313 1621 1448 1649 amicitia
1468 1625 1574 1648 uetere
1594 1622 1891 1657 coniunctissumus,
1917 1621 2006 1649 Iaco-

129 1668 186 1697 bus
202 1668 367 1696 Morellius
388 1678 427 1697 ex
447 1668 542 1697 altera
561 1673 659 1707 parte,
679 1678 756 1706 quae
776 1667 813 1696 ad
832 1666 942 1705 templi
963 1666 1189 1695 dedicationem
1209 1668 1356 1706 pertinet,
1376 1668 1526 1706 conplura
1545 1668 1677 1705 protulit
1694 1668 1890 1696 Suetonianis
1909 1668 2008 1696 multo

131 1716 290 1754 ampliora.
329 1716 391 1744 Iam
411 1716 566 1744 neminem
586 1716 725 1745 futurum
745 1721 841 1754 puto,
870 1715 922 1753 qui
949 1718 1087 1742 ueterem
1115 1713 1199 1743 illam
1227 1715 1264 1743 de
1291 1716 1411 1744 duobus
1430 1715 1554 1753 templis
1574 1715 1670 1743 Marti
1690 1715 1787 1744 ultori
1807 1716 1843 1744 ab
1865 1715 2007 1753 Augusto

130 1765 220 1794 sactis
240 1763 319 1792 mihi
340 1763 456 1792 obiciat
475 1764 624 1799 fabulam,
651 1769 812 1802 postquam
831 1763 867 1790 ab
889 1760 1115 1790 eruditissumis
1142 1762 1237 1798 uiris,
1267 1764 1410 1792 Massoue
1437 1763 1471 1791 in
1492 1762 1590 1791 Ouidi
1616 1762 1681 1790 uita
1701 1762 1739 1791 T.
1757 1762 1814 1791 IV.
1836 1762 1883 1790 ed.
1902 1763 2007 1791 Burm.

132 1823 163 1851 p.
183 1811 247 1847 68.,
266 1811 428 1847 Fabricio,
454 1816 486 1840 et
504 1812 650 1839 Reimaro
671 1811 708 1840 ad
727 1812 864 1839 Dionem
884 1809 980 1844 LIV,
1001 1810 1026 1838 8.
1055 1808 1224 1847 eodemque
1244 1810 1392 1838 Morellio
1412 1821 1443 1849 p.
1464 1811 1490 1839 5.
1511 1809 1557 1837 ed.
1577 1810 1673 1838 Paris.
1703 1810 1746 1838 ita
1773 1809 1945 1848 explosast,
1970 1813 2008 1838 ut

133 1859 275 1888 reuocari
294 1861 358 1887 nen
377 1858 486 1896 possit.
523 1858 695 1887 Eckhelius
715 1864 816 1887 antem
838 1859 876 1887 T.
896 1856 954 1886 VI.
976 1855 1134 1884 doctrinae
1154 1866 1351 1886 nummorum
1370 1863 1511 1886 ueterum
1531 1868 1561 1895 p.
1582 1858 1644 1894 95„
1661 1857 1845 1895 intellegens
1864 1857 2008 1895 profecto

134 1907 185 1935 uir
205 1912 295 1944 atque
317 1906 465 1944 diligens,
495 1916 550 1935 cur
570 1906 755 1935 sententiam
774 1907 857 1935 ferre
877 1904 1013 1944 apertius
1034 1903 1188 1940 noluerit,
1216 1914 1279 1933 non
1300 1905 1441 1944 dispicio.
1479 1904 1705 1942 Argumentum
1731 1904 1823 1933 etiam
1851 1903 1889 1932 de
1917 1913 2009 1932 num-

134 1954 203 1990 mis,
223 1964 282 1992 qno
303 1954 450 1992 deceptus
471 1958 516 1982 est
532 1951 713 1983 Chi‘shullus
732 1965 765 1993 p.
783 1956 847 1983 203.
868 1959 899 1982 et
917 1954 984 1991 ipse
1003 1951 1035 1979 in
1055 1951 1228 1980 refellendo
1246 1954 1382 1989 Masson,
1402 1962 1457 1981 cur
1472 1961 1535 1979 non
1555 1951 1688 1989 adtigit?
1706 1962 1776 1980 nam
1797 1951 1878 1990 quod
1897 1960 2009 1980 mune—

134 2002 179 2031 ris
200 2006 265 2029 erat
284 2001 348 2036 sui,
383 2000 475 2029 facile
503 2001 703 2031 dissoluisset.
749 2002 860 2031 Martis
894 1999 1006 2029 ultoris
1031 1999 1182 2038 templum
1209 2000 1327 2029 nummi
1354 1999 1522 2029 rotundum
1551 1999 1700 2028 exhibent
1726 2004 1818 2037 atque
1844 2003 2010 2037 monopte-

136 2060 214 2079 rum.
269 2047 363 2085 Quod
395 2058 450 2076 sex
493 2048 653 2077 columnae
688 2049 722 2078 in
754 2049 822 2078 aliis
857 2046 1108 2086 conspiciuntur,
1152 2047 1186 2076 in
1227 2048 1295 2076 aliis
1329 2052 1489 2086 quattuor,
1528 2046 1588 2074 duo
1624 2047 1719 2075 fuisse
1756 2046 1869 2085 templa
1896 2044 2008 2074 'credi-

136 2103 202 2127 tum
229 2101 284 2124 est.
328 2095 480 2124 Massonis
506 2095 639 2125 ridicula
667 2097 852 2133 defensiost,
881 2096 975 2125 facies
1003 2098 1034 2122 et
1061 2094 1156 2122 latera
1183 2096 1217 2124 in
1243 2106 1278 2124 ea
1304 2095 1400 2133 figura
1426 2095 1526 2123 inesse
1556 2100 1646 2132 atque
1675 2095 1804 2123 differre.
1845 2093 1924 2130 Quis
1944 2101 2007 2120 non

137 2145 239 2179 uidet,
265 2143 367 2172 medio
393 2143 539 2182 ampliato
568 2143 809 2173 intercolumnio
835 2143 969 2182 spatium
993 2141 1106 2170 artifici
1127 2142 1283 2171 defuisse?
1309 2143 1378 2180 quis
1404 2152 1443 2171 ex
1468 2142 1532 2170 illis
1551 2152 1746 2171 nummorum
1767 2140 1914 2179 angustiis
1933 2148 2008 2168 uera

139 2191 279 2220 aedificia
297 2190 468 2218 metiatur?
493 2190 661 2228 specimina
686 2196 774 2227 sunt,
800 2191 838 2219 ad
864 2189 1008 2219 amussim
1034 2189 1124 2218 nihil.
1163 2190 1252 2218 Duae
1277 2190 1372 2228 igitur
1398 2189 1552 2217 detractae
1579 2189 1704 2217 omniuo
1731 2189 1891 2218 columnae
1917 2190 2006 2223 sunt;

140 2248 268 2276 quarum
288 2237 313 2266 si
332 2243 418 2266 recta
436 2237 593 2266 institutio
613 2238 682 2273 fuit,
703 2248 757 2266 sex
777 2248 925 2276 apparere
945 2238 1086 2276 oportuit
1106 2238 1138 2266 in
1159 2237 1343 2276 hemicyclo,
1364 2237 1554 2274 totidemque
1570 2237 1603 2264 iu
1618 2247 1724 2266 auerso
1746 2236 1853 2270 fuisse,
1871 2239 1907 2262 ut
1927 2233 2006 2261 duo—

140 2285 241 2313 decim
259 2285 293 2312 iu
313 2285 447 2314 circuitu
466 2290 712 2314 numerarentur.
740 2284 897 2322 Suspicari
914 2285 1006 2313 etiam
1021 2286 1104 2321 licet,
1125 2286 1202 2314 cella
1218 2285 1376 2323 templum,
1397 2285 1455 2312 etsi
1473 2294 1535 2312 nou
1556 2291 1692 2324 apparet,
1711 2284 1845 2312 minume
1863 2280 2006 2309 carnisse.

141 2331 227 2369 Quid
245 2332 357 2370 plura?
376 2343 473 2361 unum
492 2333 587 2362 fuisse
606 2331 678 2359 satis
698 2331 815 2359 indicat
833 2334 991 2369 Augustus
1018 2333 1086 2371 ipse
1106 2333 1137 2361 in
1158 2333 1233 2361 actis
1253 2332 1316 2360 illis
1345 2333 1406 2360 suis
1426 2343 1455 2371 p.
1481 2333 1537 2361 175.
1562 2333 1630 2361 1—6..
1658 2333 1719 2360 Iam
1739 2331 1765 2358 si
1791 2329 1872 2357 hunc
1892 2328 2008 2357 Maria-

141 2389 215 2407 num
234 2378 268 2406 in
289 2389 393 2418 campo
413 2380 539 2408 titulum
560 2379 596 2408 ab
614 2380 753 2416 Augusto
772 2379 947 2418 profectum
963 2380 1108 2417 dicamus,
1127 2386 1287 2420 antequam
1303 2380 1404 2409 fortun
1420 2379 1595 2408 aedificaret
1615 2379 1764 2416 nouisque
1785 2376 1891 2404 statuis
1914 2385 2007 2405 exor-

142 2431 246 2462 naret,
264 2426 364 2455 inanis
383 2427 561 2456 coniectura
579 2437 643 2455 non
663 2427 732 2456 erit.
