2185 2720
726 124 750 153 c
771 124 800 152 A
821 124 862 154 P.
900 123 1047 152 XXXII.
1066 121 1094 162 ς.
1115 126 1161 155 78.
1181 138 1218 145 -
1232 124 1395 154 xxxm.
1414 123 1441 164 ς.
1462 131 1508 158 79.
2002 134 2055 162 199

175 202 286 241 uenis,
309 206 349 234 ab
366 202 439 245 ipse
461 201 651 245 intellegis,
676 200 714 232 in
731 211 976 232 maxumarum
996 199 1099 242 quasi
1121 211 1324 232 concursum
1343 201 1616 243 occupationum.
1641 202 1903 234 GARAToNlrs.
1947 203 2056 246 Egre-

173 256 227 298 gie
252 255 344 287 hunc
365 255 478 286 locum
503 253 708 286 Garatonius
732 253 942 292 emendauit,
968 252 1027 296 qui
1049 252 1114 284 hoc
1136 263 1243 284 unum
1266 253 1386 284 addere
1406 253 1533 296 potuit,
1557 254 1662 286 uerba
1685 262 1896 287 concurrunt
1917 257 2056 300 aliquo-

173 320 253 341 rum
272 326 315 333 -
337 308 569 340 contentiones
592 306 629 338 in
651 307 743 338 hunc
763 318 899 337 sensum
922 317 992 337 esse
1015 306 1117 338 dicta:
1139 306 1285 337 ueniunt.
1306 305 1409 338 simul
1431 306 1554 350 aliqui,
1587 308 1645 351 qui
1668 308 1756 340 iuter
1778 319 1814 340 se
1836 309 2055 351 contendunt,

173 361 213 393 ad
239 372 295 393 me
321 367 355 392 et
379 360 444 392 sibi
466 366 504 392 ut
526 371 666 403 operam
692 359 770 391 dem
791 370 848 390 me
869 364 1000 401 rogant.

260 415 291 457 ξ.
315 425 366 457 79.
410 413 471 445 Set
492 423 555 456 ego
579 413 642 446 lzoc
663 412 762 455 meis)
806 412 889 444 Bau.
913 413 972 444 Set
997 423 1061 455 ego
1083 413 1178 451 llaec,
1200 424 1279 443 sane
1301 412 1435 444 melius.
1480 413 1538 445 Set
1560 426 1648 446 unus
1672 415 1880 447 Oxoniensis
1904 422 2057 459 optume,

172 473 224 500 set
244 479 308 511 ego
329 467 414 499 meis
436 471 516 505 etc„
547 466 642 498 cuius
664 465 792 497 uellem
812 465 922 498 maior
943 470 1031 497 esset
1053 464 1246 497 auctoritas.
1281 467 1543 499 GARATONIUS.
1588 468 1661 510 Ego
1683 480 1875 512 pronomen
1898 469 1975 502 illut
1998 481 2058 502 cur

173 520 362 560 omiserim,
386 520 513 551 dictum
538 519 575 552 in
595 519 729 562 Proleg.
754 519 797 551 L.
820 519 864 551 ΙΙ.
889 519 927 551 C.
951 520 978 551 I.
1004 519 1035 561 §.
1063 519 1112 551 16.
1140 530 1172 562 p.
1195 519 1290 551 LIII.
1312 525 1374 552 est.

922 608 952 641 C
977 606 1011 642 A
1036 607 1077 641 P.
1135 607 1314 642 XXXIII.

258 681 396 725 Agitur
417 681 576 713 stadium
597 687 716 720 tuum,
738 680 939 720 ueletiam,
964 679 996 712 si
1019 680 1093 719 uis,
1116 681 1359 721 existumatio,
1384 681 1464 715 laus
1484 681 1693 726 aedilitatis)
1737 683 1804 716 Pro
1827 685 1979 728 genitiuo
2003 699 2061 720 ae-

172 734 345 774 dilitatis,
369 745 471 777 quem
495 746 572 766 cum
596 734 745 778 optumis
768 733 865 765 libris
888 734 915 765 B
938 739 970 765 et
991 733 1021 765 E
1044 733 1102 764 alii
1125 745 1196 765 non
1217 734 1316 776 pauci
1339 740 1495 775 tuentur,
1516 735 1619 778 uolgo
1642 737 1869 771 nominatIuos
1891 741 2062 772 scribeba-

173 793 242 819 tur.
285 788 481 830 „Sperabat
503 787 715 827 Laterensis,
750 786 887 819 Plancio
910 787 1093 830 dampnato
1115 786 1258 818 aedilem
1281 798 1317 818 se
1338 786 1428 826 forez
1463 787 1533 820 cius
1556 800 1635 831 ergo
1660 791 1913 833 quodammodo
1938 794 2062 837 ageba-

171 847 226 873 tur
248 841 414 882 aedilitas,
440 853 542 885 quam
563 846 778 885 praereptam
796 839 860 871 sibi
883 839 1012 871 restitui
1039 839 1104 870 hoc
1130 851 1220 871 anno
1244 840 1419 883 cupiebat,
1440 847 1557 884 postea
1579 854 1648 874 non
1670 845 1854 887 petiturus,
1884 858 1961 879 cum
1983 855 2061 892 post

172 895 346 938 repulsam
368 895 429 928 uix
453 895 631 937 quisquam
656 893 692 925 in
716 893 823 924 alium
845 905 974 925 annum
995 892 1167 936 petiuerit.
1212 894 1445 926 Necessarium
1472 895 1564 926 enim
1595 907 1664 927 non
1686 896 1790 929 fuisse
1813 906 1959 941 constat,
1989 903 2061 933 La·-

173 948 299 980 terensi
325 948 548 992 praesertim,
588 947 647 990 qui
676 947 889 979 uoluntatem
917 947 1061 989 petendo
1094 958 1188 978 suam
1222 946 1419 980 ostenderat.
1463 948 1618 980 Habebat
1643 955 1755 982 tamen
1780 952 1997 995 splendorem
2023 966 2061 986 ac

173 1001 307 1033 laudem
331 1008 362 1033 ct
384 1000 659 1044 suffragationem
682 1000 831 1042 aliquam
854 1000 897 1031 ad
920 1000 1131 1043 magistratus
1152 1000 1303 1042 reliquos
1326 1001 1588 1043 consequendos.
1635 1002 1769 1044 Quibus
1793 1016 1836 1036 ex
1858 1006 1976 1047 rebus,
1999 1007 2062 1039 ad-

173 1055 239 1087 dita
262 1054 440 1087 obtinendi
462 1054 649 1094 celeritate,
679 1053 740 1085 illa
762 1053 894 1093 existit,
928 1064 1014 1096 quae
1037 1054 1286 1085 conmemorari
1308 1061 1446 1097 optume
1471 1054 1600 1097 potuit,
1631 1056 1709 1089 laus
1732 1059 1939 1094 aedilitatis.
1983 1061 2062 1094 Huc

174 1114 285 1140 autem
311 1108 388 1140 illut
411 1108 508 1148 facit,
533 1106 625 1150 quod
647 1108 674 1139 Ι.
697 1106 737 1138 ad
759 1106 842 1139 Diu.
868 1118 897 1149 7.
921 1106 987 1137 alia
1007 1106 1044 1138 in
1067 1118 1104 1138 re
1127 1106 1267 1147 dicitur,
1291 1108 1441 1140 multum
1465 1108 1618 1149 interest,
1641 1115 1761 1143 atrum
1783 1111 1862 1145 laza·
1885 1114 2063 1149 inminua-

173 1168 250 1201 tur,
275 1175 321 1195 an
345 1162 441 1194 salas
464 1162 682 1194 cleseratur.“
706 1160 969 1192 GARATONIUS.
1012 1159 1172 1192 Probauit
1195 1160 1357 1192 Garatoni
1381 1160 1545 1192 iudicium
1569 1161 1736 1204 Orellius,
1769 1165 1911 1206 addens,
1944 1167 2064 1200 lectio-

171 1226 249 1247 nem
276 1216 355 1247 lans
377 1215 573 1248 aedilitatis
597 1227 636 1247 eo
662 1225 798 1257 quoque
819 1213 960 1245 nomine
980 1219 1174 1256 praestare,
1215 1214 1303 1257 quod
1326 1214 1431 1257 magis
1455 1215 1620 1247 concinne
1640 1222 1738 1248 terna
1755 1218 1908 1251 membra
1930 1221 2063 1253 utrobi-

174 1280 241 1311 que
263 1268 327 1299 sibi
355 1273 587 1310 opponantur,
626 1280 689 1300 nec
711 1267 788 1299 satis
810 1273 888 1310 apte
910 1266 1095 1309 iungantur
1124 1268 1365 1308 existumatio,
1400 1268 1496 1308 laus,
1534 1270 1709 1303 aedilitas.
1752 1271 1798 1303 Et
1819 1279 1911 1304 recte
1933 1274 1998 1306 hoc
2020 1275 2061 1306 ab

174 1321 308 1354 Orellio
330 1321 499 1352 monitum
521 1327 617 1364 puto.
665 1320 769 1363 Quod
791 1327 906 1352 autem
929 1320 1135 1353 Garatonius
1159 1321 1253 1360 dicit,
1276 1322 1496 1353 Laterensem
1519 1333 1685 1365 sperasse,
1708 1323 1798 1364 fore,
1822 1331 1861 1357 ut
1884 1326 2062 1370 dampnato

172 1375 311 1407 Plancio
333 1374 537 1406 aedilitatem
562 1381 844 1418 consequeretur,
871 1374 1014 1416 ideoque
1036 1381 1128 1406 recte
1152 1374 1397 1417 quodammodo
1421 1375 1474 1418 agi
1496 1375 1699 1408 aedilitatem
1723 1377 1793 1408 eius
1819 1378 1882 1410 dici
1904 1381 2061 1423 potuisse,

174 1429 239 1461 hoc
264 1428 359 1460 nullo
382 1427 486 1460 modo
508 1433 591 1471 puto
614 1428 751 1471 probari
775 1439 884 1471 posse.
930 1428 1085 1460 Primum
1108 1428 1198 1460 enim
1221 1428 1317 1468 illut,
1353 1428 1441 1470 quod
1463 1429 1561 1460 multi
1584 1429 1740 1462 homines
1764 1430 1853 1463 docti
1877 1433 2075 1475 opinantur·

174 1481 250 1525 (cfr.
269 1481 395 1514 Adami
417 1480 605 1524 Antiquitt.
629 1482 731 1514 Rom.
759 1482 801 1513 T.
828 1482 855 1513 Ι.
877 1493 912 1524 p.
938 1482 1011 1513 214.
1044 1488 1075 1513 et
1097 1481 1304 1514 Middletoni
1326 1481 1456 1513 Histor.
1481 1482 1583 1513 Rom.
1608 1482 1650 1513 T.
1673 1482 1699 1513 I.
1723 1494 1758 1526 p.
1786 1485 1886 1527 165.)‚
1917 1487 2062 1519 manda..

175 1541 228 1567 tos
252 1546 321 1566 esse
347 1535 609 1567 accussatoribus
632 1547 688 1567 eos
713 1534 941 1578 magistratus,
980 1547 1064 1577 quos
1094 1536 1323 1579 conpetitores
1352 1547 1430 1567 suos
1452 1547 1515 1578 per
1538 1535 1702 1567 ambitum
1727 1536 1864 1580 adeptos
1894 1551 1964 1572 esse
1986 1541 2062 1573 eui-

176 1595 305 1628 cerant,
342 1599 454 1630 neque
482 1599 545 1631 per
574 1600 610 1620 se
641 1594 690 1620 est
720 1588 915 1632 probabile,
955 1600 1068 1632 neque
1098 1589 1169 1621 ullo
1198 1595 1354 1620 ueterum
1379 1589 1583 1632 scriptorum
1613 1589 1807 1622 testimonio
1832 1592 2060 1626 confirmatur.

175 1643 230 1675 Ne
254 1641 328 1683 quis
350 1652 434 1673 uero
461 1652 505 1672 ex
525 1641 590 1673 hoc
613 1641 687 1685 ipso
711 1641 784 1674 loco
808 1642 933 1685 conligi
955 1649 1053 1685 putet
1072 1654 1188 1686 posse,
1223 1642 1288 1674 hoc
1312 1642 1438 1679 obstat,
1473 1642 1582 1685 quod,
1616 1642 1643 1673 si
1668 1649 1798 1674 certum
1820 1642 1959 1684 fnisset,
1991 1647 2062 1678 La-

174 1702 341 1727 terensem
363 1693 497 1727 adssicto
518 1694 655 1726 Plancio
679 1694 824 1727 aedilem
848 1695 932 1737 fieri,
956 1697 1052 1728 nullo
1074 1703 1170 1740 pacto
1195 1695 1313 1728 Cicero
1337 1696 1426 1726 inter
1447 1697 1551 1727 uerba
1573 1697 1730 1729 studium
1753 1703 1852 1730 tuam
1875 1704 1908 1729 et
1930 1700 2064 1731 exista-

176 1749 302 1787 matio,
326 1748 416 1787 laus,
442 1748 608 1780 aedilitas
631 1748 713 1779 haec
733 1748 953 1792 interponere
976 1751 1034 1783 uel
1059 1752 1176 1790 etiam,
1201 1750 1306 1782 sinis
1327 1749 1507 1792 potuissetg.
1532 1749 1653 1791 quibus
1677 1750 1792 1781 uerbis
1814 1750 2064 1783 manifestumst

174 1799 372 1844 significari,
399 1801 579 1832 Laterensi
600 1801 712 1833 uideri
734 1801 876 1834 sortasse
901 1803 1000 1835 etiam
1022 1815 1138 1847 posse,
1167 1803 1470 1835 existumationem
1491 1815 1598 1844 suam,
1630 1803 1782 1843 laudem,
1807 1810 1839 1835 et
1859 1803 2064 1836 aedilitatem

177 1854 242 1897 agi.
286 1852 384 1895 Quod
406 1853 473 1885 dici
494 1866 563 1886 non
587 1855 715 1898 potuit,
740 1855 767 1886 si
790 1867 829 1887 ea
852 1856 1054 1889 obtinuisset
1076 1857 1297 1897 consuetudo,
1320 1863 1358 1889 ut
1380 1868 1440 1888 reo
1463 1855 1642 1899 dampnato
1666 1863 1856 1889 accussator
1877 1868 2064 1900 conseque-

177 1913 270 1939 retur
299 1906 552 1948 magistratum,
592 1920 692 1950 quem
722 1921 798 1941 cum
828 1921 884 1950 eo,
923 1910 981 1953 qui
1003 1910 1149 1942 ambitus
1174 1916 1360 1942 accussatus
1393 1916 1483 1949 erat,
1520 1910 1697 1953 petiuerat.
1742 1911 1851 1942 Isdem
1875 1910 1917 1942 de
1941 1912 2062 1943 caussis

176 1970 288 2002 neque
313 1959 339 1990 si
362 1960 441 1992 laus
463 1962 660 1995 aedilitatis
692 1963 848 1995 scribitur
878 1964 924 1995 ita
946 1964 1011 1996 hoc
1039 1963 1203 2006 explicari
1225 1969 1356 2006 potest,
1388 1969 1427 1995 ut
1449 1965 1572 2008 agitur
1595 1965 1674 1996 laus
1696 1965 1891 1997 aedilitatis
1914 1965 1971 1996 sit:
2005 1972 2064 1997 aut

177 2013 391 2055 consequeris
424 2014 579 2055 laudem,
624 2027 724 2058 quam
753 2017 843 2060 parit
873 2017 1041 2056 aedilitas,
1078 2016 1257 2059 dampnato
1283 2016 1440 2057 Plancio,
1478 2023 1536 2048 aut
1566 2028 1636 2048 non
1665 2018 1878 2059 consequeris
1909 2018 2062 2051 absoluto

177 2066 326 2099 Plancio.
370 2066 605 2100 Nihilominus
634 2070 828 2102 istiusmodi
864 2069 1129 2114 explicationem
1158 2069 1311 2111 flagitare
1346 2070 1491 2102 uerbum
1526 2071 1650 2114 agitur
1687 2076 1824 2113 totaque
1856 2070 1957 2103 huius
1996 2072 2063 2103 loci

177 2119 343 2151 sententia
371 2119 522 2152 uidetur.
567 2123 734 2155 BIiserum
764 2135 799 2155 se
823 2123 941 2156 Cicero
972 2124 1030 2156 uel
1059 2129 1149 2155 certe
1180 2122 1370 2154 exercitum
1401 2134 1471 2154 esse
1495 2122 1577 2154 dicit
1607 2124 1766 2165 (exeunte
1791 2124 1820 2165 §.
1847 2123 1935 2165 78),
1971 2125 2062 2167 qnod

176 2184 275 2216 saepe
298 2172 416 2213 amici,
452 2174 511 2217 qui
532 2175 621 2207 inter
642 2187 678 2207 se
700 2176 923 2217 contendant,
952 2177 992 2207 ad
1014 2188 1049 2208 se
1072 2176 1210 2207 ueniant
1224 2181 1401 2218 rogantes,
1427 2183 1467 2208 ut
1489 2176 1552 2208 sibi
1575 2176 1685 2208 faueat
1709 2182 1739 2208 et
1759 2176 1795 2207 in
1820 2177 2062 2219 controuersia,

178 2239 278 2269 quam
308 2226 466 2267 habeant,
509 2228 654 2260 adiuuet.
702 2229 835 2271 Quibus
863 2230 977 2262 uerbis
1005 2229 1185 2262 manifesto
1218 2229 1320 2260 simul
1344 2229 1519 2261 Plancium
1542 2235 1576 2261 et
1595 2231 1813 2262 Laterensem
1843 2230 2061 2273 significabat,

179 2292 322 2322 quorum
346 2286 507 2322 uterque,
543 2281 584 2312 de
607 2282 770 2313 Cicerone
793 2283 880 2314 bene
901 2284 1029 2324 meriti,
1068 2284 1111 2315 ob
1135 2295 1209 2314 eam
1232 2283 1341 2326 ipsam
1365 2295 1513 2315 caussam
1534 2283 1768 2325 postulabant,
1802 2289 1838 2314 ut
1863 2283 1899 2314 in
1922 2290 2063 2316 conten-

181 2333 271 2364 tione
293 2345 352 2365 sua
375 2333 415 2364 ab
440 2344 479 2365 eo
500 2333 750 2366 adiuuaremur.
796 2336 941 2378 Utrique
964 2348 1041 2368 cun]
1063 2336 1182 2368 debeat
1206 2347 1317 2378 neque
1340 2342 1452 2367 tamen
1478 2335 1640 2379 opitulari
1662 2335 1764 2367 simul
1786 2336 1909 2378 possit,
1940 2336 1987 2368 sic
2009 2336 2062 2368 sa-

179 2392 313 2418 cturum
336 2399 369 2419 se
393 2398 464 2419 esse
487 2387 588 2428 dicit,
611 2394 650 2419 ut
672 2387 857 2430 ponderet,
885 2389 995 2420 utrius
1018 2401 1180 2421 maxume
1202 2389 1281 2420 inte1
1292 2389 1351 2428 sit,
1374 2401 1393 2420 a
1415 2401 1450 2421 se
1473 2388 1645 2428 adiuuari,
1669 2389 1865 2431 uideatque,
1890 2396 1964 2421 uter
1986 2401 2061 2422 lna-

178 2451 283 2471 xume
304 2441 493 2483 patrocinio
516 2453 577 2473 suo
603 2441 764 2483 indigeat.
807 2442 877 2472 Iam
905 2442 942 2472 C.
965 2442 1139 2474 XXXIII.
1163 2442 1302 2474 ineunte
1327 2454 1427 2474 nemo
1450 2454 1519 2474 non
1542 2441 1726 2484 intellegit,
1751 2453 1789 2473 ea
1811 2442 2059 2474 conmemorari
