2185 2720
139 180 191 207 100
792 162 1366 196 COMMENTARIUS.

142 249 267 287 fectus,
303 252 341 278 ut
369 245 409 277 ad
436 255 505 286 arg.
536 252 600 284 pro
632 239 752 272 eodem
781 239 948 281 diximus3
987 246 1021 272 et
1050 251 1141 271 nunc
1171 249 1210 269 ea
1231 237 1400 279 legatione
1424 235 1622 280 perfunctus
1645 237 1776 269 Romae
1801 238 2024 270 conmoraba-

144 308 211 333 tur.
256 300 517 331 GARATONIUS.

228 348 468 391 Adsiduilate)
504 344 749 379 Aduocalionis
780 344 986 383 constantiag
1025 355 1101 375 cum
1127 355 1261 386 semper
1283 342 1422 381 adsunt,
1459 352 1535 372 cum
1558 352 1672 372 caussa
1693 341 1814 383 agitur.
1852 354 1886 374 u.
1910 343 2024 375 Clau..

144 405 272 437 Eadem
296 401 494 439 adsiduitas,
524 404 573 431 set
596 397 669 428 aliis
693 397 805 428 uerbis
830 396 870 427 de
893 397 1010 439 legatis
1033 396 1259 429 Macedonicis
1282 400 1451 426 narratur.
1495 394 1721 425 ERNESTIUS.

231 458 261 498 ᾗ.
287 455 337 487 28.
385 454 436 487 Ob
459 454 568 485 aliam
594 450 764 490 caussam)
810 449 896 479 Cum
919 449 1115 490 prouinciae
1136 448 1313 479 mandatis.
1358 446 1573 478 MANUTIUS.

232 507 462 551 Legationem
494 516 591 536 suam
616 509 648 534 et
670 501 849 542 mandata)
890 501 980 534 Uide
1006 512 1090 543 quae
1113 499 1186 531 dixi
1209 499 1342 540 Proleg.
1365 499 1407 530 L.
1431 497 1475 528 II.
1500 497 1537 528 C.
1561 497 1588 528 I.
1612 497 1735 538 §.150

230 562 275 593 L.
299 571 381 591 uero
402 557 588 601 Apuleius)
635 555 739 586 Cuius
763 554 800 584 111
822 553 1021 585 Blacedonia
1044 559 1201 594 quaestor
1222 551 1378 583 Plancius
1402 548 1477 580 fuit·
1521 549 1659 580 Monuit
1681 549 1749 580 iam
1770 549 1955 582 Manutius.

233 614 304 654 Qui
328 609 539 655 praescribit
569 609 605 640 in
630 612 819 651 parentum
855 607 927 637 loco
957 605 1194 649 quaestoribus
1223 604 1295 635 suis
1318 607 1499 646 praetores
1528 614 1598 634 esse
1635 603 1801 645 oportere)
1846 601 1917 633 Cfr.
1947 601 2030 633 Diu·

150 668 256 703 XIX,
283 666 334 696 61.
358 663 416 694 Sic
439 661 529 693 enim
550 673 571 691 a
595 658 784 690 maioribus
808 659 935 690 nostris
958 657 1166 700 accepimus,
1184 662 1383 700 praetorem
1406 655 1581 698 quaestori
1603 666 1664 685 suo
1683 655 1841 697 parentis
1865 654 1937 685 loco
1960 665 2031 686 esse

152 724 326 763 oportet-33
373 714 508 745 nnllam
541 723 647 755 neque
682 710 862 742 iustiorem
894 722 1001 753 neque
1027 709 1229 752 grauiorem
1257 719 1415 739 caussam
1443 707 1706 739 necessitudinis
1737 719 1840 750 posse
1873 706 2033 749 reperiri,

153 783 254 816 quam
280 766 551 800 coniunctionem
575 762 691 800 sortis,
715 773 819 804 quam
834 761 1050 804 prouinciae,
1077 773 1181 804 quam
1203 760 1305 804 offici,
1330 771 1433 802 quam
1449 759 1629 802 publicam
1650 759 1803 790 muneris
1826 759 2033 791 societatem.
2076 760 2078 763 ’

241 820 418 854 Tribunus
434 817 546 861 plebis
561 813 642 858 fuit
662 830 706 837 —
732 818 818 844 esset
841 812 1014 853 tribunus)
1057 812 1186 845 Nihil
1216 817 1367 854 egerat
1396 811 1438 842 in
1468 810 1702 841 tribunatu
1731 821 1804 840 suo
1834 811 2033 843 Plancius

153 876 304 916 aliqua
327 868 569 913 praestanti
592 865 716 898 laude
739 864 1056 906 dignissimum.
1104 864 1219 905 Quin
1249 864 1373 895 immo
1406 862 1536 893 etiam
1556 861 1791 893 uidebatur
1813 862 1886 893 hac
1907 868 2036 905 pote-

155 932 267 961 state
293 922 469 964 segnius
499 920 685 952 functus.
733 916 947 958 Quoniam
969 915 1111 946 nullas
1136 926 1234 957 ergo
1257 915 1450 946 uirtutes
1481 913 1850 945 eminentissimas
1872 914 2035 955 habuit,

157 989 259 1021 quas
284 975 334 1006 de
356 973 435 1005 illo
460 971 758 1015 praedicaret,
791 967 959 998 idcirco
989 966 1156 1008 aliquid
1179 967 1215 998 ei
1236 967 1393 998 uolens
1416 965 1648 1007 adquirere
1671 965 1719 996 ad
1742 966 2037 1009 suspicionem

156 1029 356 1074 ignauiae
378 1022 694 1068 repellendam,
726 1031 809 1051 non
833 1025 915 1050 tam
945 1020 1187 1059 uehemens,
1219 1019 1376 1061 inquit,
1400 1017 1607 1049 tribunus
1630 1017 1717 1049 fuit
1738 1030 1857 1060 quam
1883 1020 2036 1051 ceteri.

156 1085 211 1116 Et
234 1078 452 1113 uiuaciter
476 1074 714 1107 conclusit:
751 1072 902 1114 quales
933 1071 967 1102 si
990 1083 1140 1103 omnes
1169 1082 1344 1113 semper
1369 1069 1575 1109 fuissent,
1613 1082 1839 1113 numquam
1865 1072 2039 1103 deside-

158 1142 278 1169 ratus
308 1130 543 1163 uehemens
572 1132 681 1158 esset
709 1125 935 1163 tribunus;
961 1122 1004 1154 id
1030 1123 1183 1154 uolens
1210 1122 1436 1164 intellegi,
1463 1133 1539 1165 per
1561 1122 1799 1154 seditiosos
1824 1129 1863 1155 et
1883 1125 2040 1156 turbu-

159 1191 228 1221 len
239 1183 428 1218 tissimos
447 1182 547 1220 ¹)....
572 1179 734 1209 SCHOLIA
756 1177 1016 1209 AMBROSIANA.
1063 1175 1150 1206 Cum
1179 1174 1355 1206 Plancium
1377 1175 1511 1216 segnius
1534 1175 1709 1206 tribunatu
1730 1187 1790 1206 suo
1815 1187 1915 1217 quam
1939 1187 2041 1217 quos-

160 1243 237 1273 dam
261 1237 477 1277 conlegarum
502 1230 656 1261 functum
681 1230 799 1262 Cicero
822 1238 944 1269 negare
970 1238 1040 1257 non
1064 1232 1193 1269 posset,
1225 1226 1361 1257 laudem
1393 1226 1423 1256 ei
1445 1226 1625 1268 adquirere
1648 1239 1692 1258 ex
1717 1239 1756 1258 eo
1783 1227 1912 1268 studet,
1950 1229 2041 1270 quod

160 1292 249 1326 nihil
270 1290 306 1321 in
326 1286 500 1319 tribunatu
526 1281 692 1313 eiusmodi
714 1281 853 1312 molitus
876 1279 938 1318 sit,
975 1284 1015 1310 ut
1044 1279 1104 1321 qui
1127 1278 1329 1310 obsisterent
1360 1278 1505 1310 tribunis
1527 1278 1785 1310 uehementibus
1809 1291 1893 1322 opus
1915 1279 2041 1321 fuerit3

161 1351 319 1385 recteque
341 1349 419 1372 sane
441 1346 628 1377 numquam
650 1332 804 1364 futurum
828 1331 930 1363 fuisse
952 1338 1085 1370 monet,
1108 1338 1147 1362 ut
1171 1331 1301 1363 tribuni
1324 1331 1540 1362 uehementes
1564 1331 1852 1371 desiderarentur,
1874 1332 1903 1364 si
1926 1345 2042 1366 omnes

163 1405 201 1430 ut
223 1393 378 1428 Plancius
410 1402 428 1421 a
450 1389 550 1420 rebus
573 1386 670 1418 nouis
699 1383 879 1417 moliendis
902 1395 973 1415 sese
996 1383 1242 1415 abstinuissent.
1286 1383 1337 1414 Ita
1359 1382 1421 1413 etsi
1446 1382 1527 1414 scite
1551 1389 1584 1414 et
1607 1382 1726 1413 callide
1748 1383 1864 1414 Planci
1887 1384 2044 1417 tribuna—

162 1458 237 1483 tum
260 1445 391 1482 laudat,
418 1452 539 1474 reuera
563 1446 676 1471 tamen
693 1438 847 1469 minume
870 1448 931 1468 nec
953 1434 1066 1479 potuit
1087 1435 1249 1478 probare,
1275 1446 1352 1466 cum
1374 1434 1465 1466 illius
1489 1434 1568 1465 anni
1591 1441 1746 1477 tempora
1768 1434 1975 1477 flagitarent,
2005 1444 2044 1470 ut

163 1496 375 1533 uehementis
407 1506 442 1526 se
464 1491 593 1525 tribuni
615 1496 841 1534 praestarent,
862 1489 923 1531 qui
945 1494 1036 1520 recte
1058 1488 1260 1529 gubernasse
1279 1498 1352 1518 rem
1374 1486 1546 1528 publicam
1567 1486 1680 1518 uideri
1701 1487 1849 1529 uellent,
1878 1499 1940 1519 nec
1961 1500 2046 1532 pro-

164 1553 259 1586 bauit
280 1559 459 1591 umquam,
489 1544 549 1576 ubi
572 1555 615 1575 ex
637 1542 742 1574 animi
764 1541 929 1573 sententia
952 1540 993 1571 de
1015 1540 1160 1572 tribunis
1183 1540 1274 1571 illius
1297 1538 1377 1570 anni
1398 1538 1562 1569 iudicium
1584 1537 1674 1570 fecit.

252 1604 366 1643 Quam
389 1599 463 1638 isti,
488 1609 570 1641 quco
594 1601 631 1627 tu
655 1596 731 1626 iure
753 1592 890 1636 lmulas)
935 1592 1088 1623 Primum
1112 1603 1225 1623 errare
1246 1590 1488 1622 monendumst
1512 1590 1733 1633 interpretes,
1762 1591 1822 1633 qui
1841 1583 2047 1635 pronomine

170 1657 230 1690 isti
253 1654 336 1686 alios
358 1661 458 1693 quam
481 1649 633 1689 conlegas
656 1645 772 1676 Planci
794 1644 1037 1687 intellegendos
1057 1649 1189 1686 putant,
1211 1649 1251 1674 ut
1272 1642 1443 1674 Ferrarius
1466 1643 1556 1684 Epp.
1578 1643 1657 1674 Lib.
1682 1643 1726 1673 H.
1753 1654 1806 1686 ep.
1833 1656 1881 1676 10.
1904 1657 1938 1688 p.
1965 1657 2048 1687 112„

168 1714 259 1741 recte
283 1711 433 1737 ceterum
467 1701 509 1732 de
538 1700 603 1731 hoc
633 1699 707 1730 loco
736 1708 922 1739 exponens.
967 1695 1183 1728 Laudauerat
1209 1694 1402 1727 Laterensis
1432 1693 1589 1736 inprimis
1617 1695 1660 1726 L.
1691 1694 1879 1736 Racilium,
1917 1697 1958 1728 de
1980 1709 2048 1740 quo

169 1760 249 1792 uide
272 1768 356 1800 quae
378 1756 450 1798 ipse
475 1753 593 1785 Cicero
617 1749 793 1782 Laterensi
818 1749 848 1789 §.
873 1760 922 1790 77.
945 1748 1145 1792 respondet,
1186 1747 1364 1788 aliosque„
1388 1745 1448 1788 qui
1469 1757 1488 1777 a
1510 1752 1606 1788 parte
1627 1746 1855 1789 optumatium
1875 1752 2048 1782 steterant.

169 1810 302 1844 Deinde
324 1807 563 1851 pei-mirumst,
604 1800 774 1844 quomodo
799 1811 875 1831 cum
897 1801 970 1832 aliis
995 1800 1078 1832 uiris
1102 1799 1226 1838 doctis,
1251 1805 1325 1830 tum
1347 1797 1504 1841 inprimis
1533 1798 1691 1830 Ernestio
1718 1799 1864 1830 uerbum
1891 1800 1969 1833 iure
1990 1813 2050 1833 su..

170 1868 323 1906 spectum
344 1857 495 1902 potuerit
517 1866 598 1886 esse.
643 1852 842 1894 Aptissume
866 1853 956 1884 6111111
982 1853 1047 1884 hoc
1071 1851 1275 1891 additumst,
1308 1863 1374 1894 quo
1399 1850 1518 1883 Cicero
1543 1855 1575 1880 et
1598 1850 1678 1881 istos
1701 1851 1876 1892 tribunos,
1906 1863 1924 1883 a
1945 1854 2052 1885 Late-

171 1925 269 1947 rense
292 1910 464 1948 laudatos,
494 1914 527 1938 et
550 1904 724 1938 Plancium
747 1903 910 1945 significat
932 1903 1118 1935 laudandos
1141 1913 1228 1942 esse,
1252 1903 1346 1943 illos,
1375 1901 1465 1944 quod
1488 1901 1687 1943 perniciosis
1709 1903 1856 1935 aliorum
1875 1905 2051 1938 conatibus

172 1966 308 2000 fortiter
330 1960 537 1998 restiterint,
560 1958 666 1997 hunc,
691 1956 783 1999 quod
803 1956 876 1998 ipse
898 1956 985 1987 nihil
1012 1961 1130 1986 contra
1151 1954 1203 1985 rei
1223 1954 1378 1997 publicae
1400 1953 1543 1985 salutem
1561 1953 1700 1985 molitus
1723 1954 1777 1987 sit.

964 2043 993 2076 C
1019 2041 1052 2077 A
1075 2043 1125 2077 P.
1185 2040 1269 2074 XII.

261 2124 291 2165 ς.
315 2132 366 2163 29.
411 2119 510 2159 Quae
531 2116 561 2148 si
584 2115 698 2147 minus
724 2114 760 2145 in
784 2125 907 2146 scaena
930 2112 1025 2156 sunt)
1069 2113 1157 2144 Esse
1187 2112 1224 2143 in
1245 2122 1370 2142 scaena
1393 2109 1533 2150 dicitur,
1565 2111 1657 2153 quod
1679 2112 1795 2145 oculos
1816 2113 1995 2145 hominum
2016 2113 2054 2144 jn

175 2189 210 2209 se
233 2172 419 2210 conuertit,
460 2175 499 2200 ut
520 2167 689 2211 plurumis
712 2171 831 2197 notum
857 2165 901 2196 sit
923 2171 957 2196 et
978 2164 1163 2196 laudatum.
1209 2162 1313 2194 Ouid.
1336 2163 1362 2193 Ι.
1387 2163 1492 2194 Trist.
1523 2163 1577 2194 El.
1601 2174 1631 2206 9.
1669 2164 1802 2197 Scaena
1823 2171 1938 2197 manet
1959 2165 2054 2197 dotes

176 2227 322 2271 grandis
349 2224 457 2256 amice
481 2227 570 2253 tuas,
615 2219 684 2250 Cic.
708 2217 788 2249 XH-
818 2216 859 2247 ad
880 2217 974 2248 Fam.
999 2217 1050 2249 65.
1087 2217 1262 2259 Magnum
1285 2215 1458 2247 theatrum
1479 2215 1579 2247 habet
1601 2216 1670 2248 ista
1687 2217 1885 2260 prouincia.
1929 2216 2054 2247 Omni-

181 2283 239 2311 bus
275 2283 386 2321 patet,
432 2271 592 2317 quicquid
619 2271 653 2302 in
685 2270 744 2301 illa
772 2268 949 2312 prouincia
982 2267 1123 2311 geritur.
1166 2268 1372 2299 GRAEUL'S.
1432 2267 1580 2299 Addidit
1616 2258 1819 2301 Garatonius
1853 2268 1974 2301 Horat,
2010 2269 2053 2300 Π,

257 2432 286 2470 1)
324 2429 527 2458 Desideratur
546 2426 657 2456 folium
675 2426 710 2454 iu
730 2424 856 2455 codice.·
