2185 2720
914 136 939 166 c
958 136 987 166 A
1007 137 1046 167 Ρ,
1083 135 1172 166 vm.
1197 132 1224 175 ς.
1244 140 1289 168 20.
2005 147 2044 177 3,

153 217 269 243 tonem
295 209 482 243 necessario
509 209 768 242 conmemorari.
790 228 834 236 —
878 212 1007 244 Contra
1028 218 1118 244 recte
1141 210 1338 254 inprobauit
1359 212 1501 253 Bakius,
1533 226 1618 257 quae
1640 214 1732 248 idem
1754 216 1952 250 Perizonius
1974 218 2044 251 ibi-

153 263 230 294 dem
253 264 366 295 statim
390 269 467 306 post
490 274 545 302 ea,
570 274 655 304 quae
677 263 872 304 adtulimus,
896 265 1034 297 adiecit:
1059 264 1190 303 „Adde
1215 264 1305 306 quod
1330 265 1365 296 in
1389 267 1542 298 oratione
1564 279 1628 310 pro
1653 269 1747 300 Sulla
1770 281 1796 300 c.
1821 281 1850 311 7.
1879 271 2043 311 quosdam

153 326 197 346 ex
221 317 416 358 municipiis
439 322 548 353 ortos,
582 314 795 348 clarissumos
820 317 928 355 uiros,
957 316 1136 348 nominans
1161 317 1283 348 Catoni
1307 318 1500 350 Tusculano
1525 321 1739 352 continenter
1761 322 1842 353 item
1869 324 2044 366 subiungit

148 366 240 398 hunc
263 369 318 399 Ti.
344 367 610 404 Coruncanium,
634 372 806 409 tamquam
831 369 980 401 eiusdem
1003 369 1169 412 municipi
1192 370 1377 401 hominem.
1422 373 1494 403 Nec
1517 372 1672 414 cuiquam
1696 375 1824 406 mirum
1847 375 1958 407 uideri
1981 377 2044 408 de-

150 418 228 459 bet,
264 420 398 451 uariare
420 426 573 450 auctores
596 419 632 449 in
656 422 876 452 memoranda
900 422 1031 464 origine
1053 422 1201 453 hominis
1225 423 1479 465 antiquissumi,
1515 435 1591 455 cum
1624 432 1657 456 et
1679 427 1743 458 alia
1766 428 1945 459 innumera
1975 429 2044 460 sint

150 471 189 503 in
211 473 321 503 ueteri
345 472 504 509 historia,
532 471 573 501 de
598 472 719 513 quibus
742 473 794 504 illi
818 473 907 504 inter
928 486 963 504 se
990 474 1219 517 discrepent-‘⁸'
1260 476 1350 506 Nam
1373 476 1473 506 ualde
1497 488 1621 516 errare,
1646 480 1703 519 qui
1728 491 1771 511 ex
1795 492 1844 511 or.
1868 492 1932 522 pro
1948 481 2044 513 Sulla

152 535 182 556 c.
205 537 235 565 7.
265 523 516 556 Coruncanium
540 523 643 555 fuisse
667 525 899 556 Tusculanum
923 526 1078 568 conligat,
1105 526 1210 557 uerba
1233 527 1305 570 ipsa
1328 528 1461 559 abunde
1487 528 1625 561 docent:
1649 531 1708 562 Set
1733 533 1820 564 scire
1844 545 1884 564 ex
1908 540 1940 565 te
1958 547 2045 578 per-

151 578 276 615 uelim,
300 575 517 619 quamobrem
541 577 601 619 qui
624 589 664 608 ex
687 579 888 621 municipiis
911 580 1075 617 ueniant,
1096 580 1281 623 peregrini
1305 581 1368 612 tibi
1391 593 1462 612 esse
1484 582 1692 615 uideantur.-
1715 597 1811 616 nemo
1839 587 1929 617 enim
1953 588 2044 620 istuc

149 630 203 662 M.
226 629 282 660 illi
304 628 427 659 Catoni
450 629 541 666 seni,
567 642 644 660 cum
661 630 784 672 plures
807 631 945 663 haberet
969 632 1139 669 inimic-os,
1164 644 1262 664 nemo
1290 634 1344 665 Ti.
1360 633 1585 674 Coruncanio,
1608 648 1704 667 nemo
1727 638 1790 669 ssl'.
1805 638 1921 677 Curio,
1944 652 2043 671 nemo

151 682 232 714 huic
255 682 324 724 ipsi
346 687 462 711 nostro
486 680 521 713 C.
543 683 680 720 Mario,
715 696 793 715 cum
815 684 847 714 ei
869 683 973 714 multi
996 684 1213 723 inuiderent,
1250 685 1371 717 obiecit
1394 699 1568 729 umquam.
1610 687 1728 727 Itaque
1751 699 1956 731 quamquam
1980 704 2044 723 ne-

151 735 294 765 cessario
319 732 533 764 concedimus
548 734 663 772 Bakio,
688 747 731 766 ex
754 735 828 766 loco
853 735 912 765 illo
937 735 1099 767 orationis
1127 737 1287 768 Sullanae
1310 738 1397 768 nihil
1420 739 1504 769 ellici
1528 739 1592 769 nisi
1615 740 1825 783 municipem
1850 741 1953 774 fuisse
1974 746 2044 776 Co-

147 786 372 824 runcanium,
415 791 528 815 tamen
551 786 606 816 hic
628 787 827 818 Plancianae
850 786 942 818 locus
966 788 1099 818 nullum
1123 789 1223 830 plane
1250 789 1427 821 dubitandi
1455 791 1568 821 locum
1591 791 1772 832 relinquit,
1818 794 1899 834 quin
1922 796 2042 828 Cicero

150 837 405 869 Coruncanium
427 837 635 879 municipem
662 840 893 871 Tusculanum
918 839 1020 871 fuisse
1043 842 1227 882 putauerit.
1272 843 1343 873 Iam
1367 854 1450 873 uero
1475 843 1603 885 duplex
1628 843 1738 874 oritur
1763 846 1931 886 quaestio,
1967 849 2044 890 pri-

151 901 225 930 ma,
251 891 422 932 quomodo
447 892 565 921 Cicero
590 891 797 933 municipem
822 893 1055 924 Tusculanum
1079 893 1191 925 dicere
1216 895 1388 936 potuerit,
1414 906 1515 935 quem
1539 895 1675 926 Tacitus
1699 896 1791 927 Ann.
1818 898 1888 936 XI,
1914 901 1964 933 24.
1988 901 2044 933 di..

152 949 242 975 serte
266 955 309 974 ex
333 944 489 975 Camerio
514 949 626 973 ortum
650 942 794 982 reserat3
826 945 947 981 altera,
980 956 1040 976 cur
1063 947 1166 977 uerba
1189 947 1363 989 municipe
1386 959 1446 978 suo
1470 953 1548 989 post
1573 948 1627 980 Ti.
1650 947 1906 982 Coruncanium
1928 953 2044 985 addita

153 996 243 1035 sint,
274 1008 358 1038 qnae
380 1008 450 1027 non
475 995 607 1027 addidit
629 1007 740 1037 neque
762 1003 840 1038 post
862 999 913 1030 M.
937 998 1117 1038 Catonem,
1149 998 1206 1040 qui
1229 1000 1342 1041 primo
1366 1000 1440 1031 loco
1465 1007 1690 1039 memoratur,
1724 1013 1833 1043 neque
1854 1010 1931 1045 post
1952 1006 2044 1037 Fal-

154 1050 251 1088 uios,
288 1060 433 1090 quorum
458 1055 613 1080 extremo
648 1049 723 1080 loco
745 1048 955 1080 mentionem
977 1048 1067 1080 facit.
1110 1051 1164 1082 Ac
1186 1059 1277 1083 recte
1299 1053 1438 1083 omnino
1461 1053 1584 1084 Bakius
1609 1053 1759 1095 ineptam
1781 1054 1907 1086 iudicat
1931 1056 2044 1089 Orelli

152 1101 490 1144 interpretationem,
519 1101 573 1131 cui
598 1101 734 1140 Cicero,
769 1100 827 1143 qui
850 1101 976 1142 ubique
998 1102 1187 1134 absolutam
1210 1116 1326 1136 rerum
1346 1106 1580 1136 Romanarum
1602 1105 1776 1137 scientiam
1798 1107 1957 1148 adfectet,
1988 1111 2042 1142 his

152 1154 291 1186 adiectis
315 1160 401 1185 tecte
425 1154 564 1185 uidetur
586 1153 774 1196 significare
797 1153 964 1192 uoluisse,
997 1165 1032 1185 se
1054 1148 1135 1186 baut
1158 1156 1314 1198 ignorare
1339 1158 1492 1200 quidem,
1522 1158 1772 1189 Coruncanium
1796 1170 1815 1189 a
1840 1161 2044 1201 quibusdam

154 1206 312 1239 Camerio
336 1213 450 1238 ortum
470 1206 663 1248 perhiberi,
696 1212 746 1238 set
766 1206 909 1248 propius
932 1206 1034 1237 fidem
1057 1207 1203 1239 aliorum
1228 1210 1461 1242 testimonium
1485 1221 1566 1249 esse,
1587 1217 1789 1252 conpertum
1811 1223 1882 1243 sese
1905 1214 2042 1246 habere.

150 1262 243 1295 Nam
267 1260 296 1292 si
318 1259 406 1291 nihil
428 1259 512 1290 aliut
534 1259 586 1291 his
609 1260 722 1291 uerbis
746 1258 935 1300 significare
949 1259 1067 1290 Cicero
1093 1261 1216 1301 uoluit,
1243 1262 1310 1294 nisi
1326 1263 1557 1294 Tusculanum
1579 1274 1614 1293 se
1631 1263 1884 1295 Coruncanium
1907 1265 2043 1308 habere,

149 1314 253 1358 plane
274 1313 396 1344 inutile
419 1318 453 1343 et
474 1312 623 1342 alienum
646 1312 724 1342 illut
746 1312 1067 1351 additamentumst,
1098 1324 1175 1345 cum
1199 1326 1256 1353 eo,
1291 1315 1381 1356 quod
1405 1315 1494 1345 inter
1518 1314 1654 1346 Porcios
1678 1315 1887 1358 Fuluiusque
1909 1330 2044 1351 memo-

149 1373 258 1405 ratur,
281 1366 360 1398 satis
383 1376 553 1407 superque
577 1364 741 1404 ostendat,
766 1365 998 1396 Tusculanum
1021 1377 1056 1395 se
1080 1377 1159 1397 eum
1181 1373 1314 1408 putare.
1359 1366 1462 1408 Quod
1486 1378 1562 1397 cum
1584 1367 1810 1400 intellexisset
1825 1371 2043 1413 Garatonius,

150 1420 192 1451 ab
215 1420 404 1461 interprete
427 1417 494 1448 duo
517 1417 581 1448 ista
608 1418 713 1449 uerba
734 1417 849 1448 addita
874 1417 1060 1459 suspicatus
1084 1425 1143 1450 est.
1191 1419 1256 1450 Cui
1278 1419 1464 1450 sententiae
1496 1419 1553 1460 qui
1576 1419 1753 1461 suffragari
1776 1421 1922 1453 duorum
1947 1424 2044 1455 codi-

149 1483 226 1504 cum
250 1471 502 1509 auctoritatem,
526 1469 738 1501 Monacensis
761 1469 900 1501 secundi
923 1476 956 1500 et
980 1470 1187 1502 Oxoniensis
1214 1485 1249 1509 ς,
1275 1471 1334 1512 (1111
1357 1471 1520 1502 omittunt
1541 1473 1716 1516 munic-ipe
1740 1486 1818 1513 suo,
1840 1475 1989 1516 putabit,
2012 1476 2043 1508 is

150 1525 374 1556 uehementer
397 1522 535 1553 errabit.
578 1524 669 1554 Nam
691 1529 730 1554 ut
752 1534 821 1554 non
844 1522 1110 1570 u1·gean1‚.quod
1132 1524 1240 1554 multa
1263 1524 1315 1554 illi
1338 1524 1468 1555 codices
1494 1530 1621 1554 temere
1644 1526 1817 1565 omittunt,
1842 1532 1953 1559 tamen
1977 1528 2044 1559 hoc

152 1576 196 1609 ad
220 1587 339 1607 eorum
362 1574 627 1606 labefactandam
657 1575 892 1607 auctoritatem
915 1574 1055 1613 sufficit,
1096 1575 1187 1617 quod
1211 1587 1255 1607 ex
1279 1588 1317 1607 eo
1342 1587 1492 1607 manasse
1521 1576 1616 1607 sonte
1646 1589 1702 1609 eos
1731 1578 1872 1618 scimus,
1913 1580 1949 1610 in
1975 1591 2042 1621 quo

152 1630 260 1661 uerba
284 1629 344 1660 illa
366 1627 491 1670 scripta
514 1634 621 1659 erant.
668 1628 756 1661 Uide
780 1627 913 1669 Proleg.
942 1628 1021 1659 Lib.
1045 1629 1088 1659 II.
1121 1629 1159 1659 C.
1184 1629 1209 1660 I.
1241 1629 1270 1669 ς.
1299 1629 1346 1659 16.
1379 1629 1434 1659 cll.
1464 1630 1503 1660 L.
1529 1629 1557 1661 Ι.
1584 1630 1622 1660 C.
1646 1631 1707 1661 III.
1735 1632 1764 1671 ς.
1789 1631 1840 1662 8..
1885 1631 2044 1674 Apparet

154 1682 273 1720 etiam,
316 1679 435 1712 librari
458 1681 596 1711 oculum
618 1692 637 1711 a
659 1681 773 1712 littera
796 1687 950 1711 extrema
975 1681 1123 1712 nominis
1147 1681 1362 1713 Coruncanio
1388 1680 1561 1712 facillume
1583 1681 1623 1712 ad
1650 1688 1839 1714 extremam
1862 1685 2044 1726 pronomi-

150 1734 205 1767 nis
228 1745 289 1766 suo
311 1733 462 1764 litteram
486 1733 645 1764 aberrare
667 1732 827 1775 potuisse.
872 1733 1024 1764 Omnino
1048 1740 1161 1764 autem
1185 1734 1347 1764 abhorret
1371 1734 1411 1764 ab
1428 1734 1521 1764 omni
1542 1734 1789 1776 probabilitatis
1812 1737 1934 1777 specie,
1960 1738 2043 1769 haec

153 1787 261 1819 uerba
282 1786 323 1817 ab
344 1785 532 1828 interprete
555 1785 669 1816 addita
693 1797 773 1816 esse.
821 1785 914 1827 Quid
939 1785 1028 1816 enim
1052 1797 1185 1817 caussae
1212 1791 1397 1817 statuemus
1420 1785 1541 1824 fuisse,
1579 1797 1638 1817 cur
1661 1787 1828 1829 interpres
1851 1788 1893 1818 ad
1916 1801 2043 1822 nomen

157 1839 355 1872 Coruncani
376 1837 583 1879 adposuerit,
610 1849 694 1879 quae
717 1837 883 1869 debebant
906 1838 973 1869 iam
997 1837 1038 1868 de
1062 1838 1190 1868 Catone
1212 1838 1346 1869 moneri
1368 1839 1563 1881 pariterque
1587 1839 1628 1870 de
1641 1840 1796 1872 Fuluiis?
1842 1841 1959 1882 Itaque
1983 1842 2044 1884 qui

157 1891 270 1934 qualia
291 1890 358 1921 sint
381 1889 608 1932 interpretum
631 1890 859 1922 additamenta
881 1890 1115 1933 perspexerit,
1150 1891 1231 1921 baec
1252 1891 1357 1922 uerba
1379 1903 1448 1922 non
1471 1892 1511 1921 ab
1534 1892 1600 1922 alio
1625 1904 1725 1933 quam
1746 1904 1765 1923 a
1789 1892 1952 1924 Cicerone
1976 1906 2044 1937 po·-

154 1943 259 1976 tuisse
281 1941 449 1985 proficisci
471 1942 655 1984 intelleget.
699 1945 773 1975 Nec
793 1949 877 1986 puto
902 1954 1106 1984 quemquam
1128 1942 1163 1973 in
1186 1950 1362 1986 posterum
1385 1944 1426 1974 de
1446 1944 1497 1974 his
1521 1944 1633 1975 uerbis
1657 1944 1903 1976 dubitationem
1925 1956 2047 1981 motu-

154 2007 233 2028 rum
256 2006 345 2033 esse,
370 1994 429 2036 qui
450 2006 561 2025 meam
584 2006 703 2026 eorum
722 1995 969 2038 interpretandi
992 1995 1158 2026 rationem
1183 1996 1364 2037 diligenter
1385 1996 1624 2039 pensitauerit,
1649 2008 1733 2038 quae
1758 1998 1833 2028 talis
1857 2003 1925 2037 est,
1952 2008 1991 2033 ut
2013 2009 2048 2035 et

155 2048 339 2092 aptissume
361 2047 489 2078 adiecta
511 2053 624 2090 pateat
646 2054 680 2079 et
702 2048 821 2079 Cicero
844 2060 921 2079 cum
947 2048 1082 2086 Tacito,
1119 2048 1178 2090 qui
1202 2049 1358 2080 Camerio
1382 2055 1495 2080 ortum
1520 2050 1772 2080 Coruncanium
1796 2050 1922 2092 tradit,
1948 2066 2047 2098 egre-

157 2102 210 2145 gie
235 2099 425 2132 consentire
453 2100 680 2142 intellegatur.
726 2102 814 2133 Sunt
848 2101 939 2131 enim
962 2101 1066 2131 uerba
1090 2102 1265 2144 munic-ipe
1289 2114 1350 2133 suo
1382 2101 1560 2132 manifesto
1586 2103 1651 2133 hoc
1673 2114 1772 2133 sensu
1795 2103 1902 2137 dicia:
1941 2110 2003 2152 qui
2022 2122 2046 2143 a

161 2153 372 2189 Tusculanis
402 2152 546 2184 ciuitate
575 2154 723 2185 donatus
750 2160 810 2187 est.
855 2155 973 2195 Itaque
995 2153 1202 2195 municipem
1227 2154 1365 2195 quidem
1388 2155 1618 2185 Tusculanum
1645 2166 1726 2185 eum
1745 2154 1865 2196 fuisse,
1901 2167 1952 2192 set
1974 2173 2044 2193 non

154 2214 195 2240 ut
217 2207 354 2238 Porcios
373 2205 581 2246 Fuluiusque
601 2205 780 2236 eTusculo
803 2212 917 2237 ortum
940 2206 1135 2237 rectissume
1159 2206 1210 2237 his
1233 2207 1344 2238 uerbis
1368 2206 1585 2248 significatur.
1630 2208 1784 2238 Minume
1806 2220 1891 2241 uero
1916 2213 2045 2246 mirum

153 2259 268 2291 uideri
292 2258 409 2296 debet,
435 2256 492 2299 qui
516 2256 641 2287 factum
666 2257 724 2296 sit,
750 2263 789 2289 ut
811 2259 1042 2290 Coruncanius
1065 2270 1084 2289 a
1106 2258 1308 2289 Tusculanis
1329 2257 1465 2289 ciuitate
1489 2259 1682 2297 donaretur,
1707 2271 1809 2301 quem
1832 2262 1978 2298 sciamus
2000 2278 2044 2299 ex

149 2311 334 2349 comnibus,
371 2310 430 2352 qui
452 2309 536 2341 iuris
558 2309 672 2350 adepti
701 2310 875 2341 scientiam
901 2317 1018 2349 erant,
1047 2310 1203 2352 profiteri
1225 2311 1377 2353 primum
1401 2311 1566 2352 coepisse,
1599 2312 1826 2356 omnibusque
1851 2318 1969 2348 consili
1991 2319 2043 2350 sui

158 2363 290 2405 copiam
314 2362 443 2395 fecisse.
489 2361 560 2394 Cfr.
584 2363 684 2394 Bach.
709 2363 798 2394 Hist.
822 2362 1011 2405 Iurisprud.
1036 2363 1137 2394 Rom.
1165 2362 1216 2393 ed.
1241 2369 1326 2394 sext.
1350 2375 1403 2393 an.
1422 2364 1512 2405 1807.
1536 2375 1570 2406 p.
1597 2364 1691 2405 253„
1738 2367 1862 2399 Kraus.
1885 2369 1927 2400 ad
1951 2371 2042 2403 Uell-

158 2416 231 2447 Pat.
254 2416 304 2456 ΙΙ,
331 2417 400 2449 128.
423 2427 458 2460 p.
483 2415 543 2448 545
568 2427 616 2457 sq.
648 2421 681 2447 et
706 2415 859 2448 wetzel.
888 2415 930 2446 ad
954 2416 1026 2447 Cat.
1049 2415 1132 2448 Mai.
1157 2416 1195 2447 C.
1219 2417 1282 2449 VI.
1310 2428 1345 2459 p.
1369 2416 1442 2448 56..
1485 2416 1630 2450 Factum
1658 2425 1772 2452 autem
1794 2421 1858 2451 hoc
1881 2433 1970 2462 esse,
2004 2429 2043 2455 ut
