<?xml version="1.0" encoding="UTF-8"?>
<!DOCTYPE html PUBLIC "-//W3C//DTD XHTML 1.0 Transitional//EN"
    "http://www.w3.org/TR/xhtml1/DTD/xhtml1-transitional.dtd">
<html xmlns="http://www.w3.org/1999/xhtml" xml:lang="en" lang="en">
 <head>
  <title>
</title>
<meta http-equiv="Content-Type" content="text/html;charset=utf-8" />
  <meta name='ocr-system' content='tesseract 3.04.00' />
  <meta name='ocr-capabilities' content='ocr_page ocr_carea ocr_par ocr_line ocrx_word'/>
</head>
<body>
  <div class='ocr_page' id='page_1' title='image "./oratioprocnplanc00ciceuoft/oratioprocnplanc00ciceuoft_0010.png"; bbox 0 0 2185 2720; ppageno 0'>
   <div class='ocr_carea' id='block_1_1' title="bbox 188 193 1330 221">
    <p class='ocr_par' dir='ltr' id='par_1_1' title="bbox 188 193 1330 221">
     <span class='ocr_line' id='line_1_1' title="bbox 188 193 1330 221; baseline 0.001 -2"><span class='ocrx_word' id='word_1_1' title='bbox 188 196 233 220; x_wconf 70' lang='lat' dir='ltr'>VI</span> <span class='ocrx_word' id='word_1_2' title='bbox 885 193 1330 221; x_wconf 78' lang='lat' dir='ltr'>PRAEFATIO.</span> 
     </span>
    </p>
   </div>
   <div class='ocr_carea' id='block_1_2' title="bbox 179 276 2036 2378">
    <p class='ocr_par' dir='ltr' id='par_1_2' title="bbox 179 276 2036 2378">
     <span class='ocr_line' id='line_1_2' title="bbox 188 276 2035 325; baseline 0.002 -14"><span class='ocrx_word' id='word_1_3' title='bbox 188 278 407 321; x_wconf 87' lang='lat' dir='ltr'>Graeuium,</span> <span class='ocrx_word' id='word_1_4' title='bbox 434 276 726 320; x_wconf 88' lang='lat' dir='ltr'>Lallemandum,</span> <span class='ocrx_word' id='word_1_5' title='bbox 754 282 789 310; x_wconf 91' lang='lat' dir='ltr'>et</span> <span class='ocrx_word' id='word_1_6' title='bbox 815 276 1072 320; x_wconf 79' lang='lat' dir='ltr'>Garatonium‚</span> <span class='ocrx_word' id='word_1_7' title='bbox 1100 289 1229 323; x_wconf 89' lang='lat' dir='ltr'>magna</span> <span class='ocrx_word' id='word_1_8' title='bbox 1254 290 1336 311; x_wconf 90' lang='lat' dir='ltr'>cum</span> <span class='ocrx_word' id='word_1_9' title='bbox 1362 277 1547 323; x_wconf 86' lang='lat' dir='ltr'>diligentia</span> <span class='ocrx_word' id='word_1_10' title='bbox 1573 278 1822 324; x_wconf 88' lang='lat' dir='ltr'>conligendam</span> <span class='ocrx_word' id='word_1_11' title='bbox 1845 280 1971 325; x_wconf 78' lang='lat' dir='ltr'>putaui</span> <span class='ocrx_word' id='word_1_12' title='bbox 1999 286 2035 314; x_wconf 90' lang='lat' dir='ltr'>et</span> 
     </span>
     <span class='ocr_line' id='line_1_3' title="bbox 188 349 2031 397; baseline 0.002 -12"><span class='ocrx_word' id='word_1_13' title='bbox 188 351 478 393; x_wconf 80' lang='lat' dir='ltr'>examinandam,</span> <span class='ocrx_word' id='word_1_14' title='bbox 519 355 559 383; x_wconf 91' lang='lat' dir='ltr'>ut</span> <span class='ocrx_word' id='word_1_15' title='bbox 583 350 808 395; x_wconf 86' lang='lat' dir='ltr'>singulorum</span> <span class='ocrx_word' id='word_1_16' title='bbox 842 349 1007 383; x_wconf 87' lang='lat' dir='ltr'>codicum</span> <span class='ocrx_word' id='word_1_17' title='bbox 1041 362 1132 396; x_wconf 85' lang='lat' dir='ltr'>quae</span> <span class='ocrx_word' id='word_1_18' title='bbox 1162 352 1354 385; x_wconf 87' lang='lat' dir='ltr'>auctoritas</span> <span class='ocrx_word' id='word_1_19' title='bbox 1383 357 1477 384; x_wconf 89' lang='lat' dir='ltr'>esset</span> <span class='ocrx_word' id='word_1_20' title='bbox 1500 351 1646 396; x_wconf 91' lang='lat' dir='ltr'>penitus</span> <span class='ocrx_word' id='word_1_21' title='bbox 1675 364 1938 397; x_wconf 85' lang='lat' dir='ltr'><strong>cognoscerem.</strong></span> <span class='ocrx_word' id='word_1_22' title='bbox 1988 353 2031 387; x_wconf 89' lang='lat' dir='ltr'>In</span> 
     </span>
     <span class='ocr_line' id='line_1_4' title="bbox 189 423 2034 471; baseline 0.001 -13"><span class='ocrx_word' id='word_1_23' title='bbox 189 437 257 471; x_wconf 90' lang='lat' dir='ltr'>qua</span> <span class='ocrx_word' id='word_1_24' title='bbox 282 437 323 458; x_wconf 91' lang='lat' dir='ltr'>re</span> <span class='ocrx_word' id='word_1_25' title='bbox 350 436 392 457; x_wconf 93' lang='lat' dir='ltr'>eo</span> <span class='ocrx_word' id='word_1_26' title='bbox 418 424 498 469; x_wconf 92' lang='lat' dir='ltr'>plus</span> <span class='ocrx_word' id='word_1_27' title='bbox 529 423 785 457; x_wconf 83' lang='lat' dir='ltr'>exantlandum</span> <span class='ocrx_word' id='word_1_28' title='bbox 810 423 943 456; x_wconf 87' lang='lat' dir='ltr'>laboris</span> <span class='ocrx_word' id='word_1_29' title='bbox 969 428 1046 456; x_wconf 90' lang='lat' dir='ltr'>erat</span> <span class='ocrx_word' id='word_1_30' title='bbox 1072 429 1107 457; x_wconf 88' lang='lat' dir='ltr'>et</span> <span class='ocrx_word' id='word_1_31' title='bbox 1131 424 1244 467; x_wconf 89' lang='lat' dir='ltr'>taedi,</span> <span class='ocrx_word' id='word_1_32' title='bbox 1286 437 1357 469; x_wconf 92' lang='lat' dir='ltr'>quo</span> <span class='ocrx_word' id='word_1_33' title='bbox 1383 424 1495 469; x_wconf 87' lang='lat' dir='ltr'>magis</span> <span class='ocrx_word' id='word_1_34' title='bbox 1521 426 1642 458; x_wconf 89' lang='lat' dir='ltr'>uariae</span> <span class='ocrx_word' id='word_1_35' title='bbox 1663 425 1743 459; x_wconf 87' lang='lat' dir='ltr'>illae</span> <span class='ocrx_word' id='word_1_36' title='bbox 1768 425 1941 460; x_wconf 87' lang='lat' dir='ltr'>lectiones</span> <span class='ocrx_word' id='word_1_37' title='bbox 1966 427 2034 460; x_wconf 84' lang='lat' dir='ltr'>ad-</span> 
     </span>
     <span class='ocr_line' id='line_1_5' title="bbox 189 496 2035 543; baseline 0.001 -11"><span class='ocrx_word' id='word_1_38' title='bbox 189 497 434 532; x_wconf 83' lang='lat' dir='ltr'>notationibus</span> <span class='ocrx_word' id='word_1_39' title='bbox 461 509 553 543; x_wconf 87' lang='lat' dir='ltr'>quae</span> <span class='ocrx_word' id='word_1_40' title='bbox 578 497 749 530; x_wconf 88' lang='lat' dir='ltr'>dicuntur</span> <span class='ocrx_word' id='word_1_41' title='bbox 776 496 966 540; x_wconf 79' lang='lat' dir='ltr'>exegeticis</span> <span class='ocrx_word' id='word_1_42' title='bbox 992 497 1071 530; x_wconf 90' lang='lat' dir='ltr'>sine</span> <span class='ocrx_word' id='word_1_43' title='bbox 1096 497 1170 530; x_wconf 87' lang='lat' dir='ltr'>ullo</span> <span class='ocrx_word' id='word_1_44' title='bbox 1185 498 1312 530; x_wconf 87' lang='lat' dir='ltr'>ordine</span> <span class='ocrx_word' id='word_1_45' title='bbox 1338 498 1510 531; x_wconf 82' lang='lat' dir='ltr'>inmixtae</span> <span class='ocrx_word' id='word_1_46' title='bbox 1536 504 1646 532; x_wconf 86' lang='lat' dir='ltr'>erant.</span> <span class='ocrx_word' id='word_1_47' title='bbox 1697 499 1942 533; x_wconf 82' lang='lat' dir='ltr'>Uehementer</span> <span class='ocrx_word' id='word_1_48' title='bbox 1967 512 2035 533; x_wconf 88' lang='lat' dir='ltr'>au-</span> 
     </span>
     <span class='ocr_line' id='line_1_6' title="bbox 186 569 2036 616; baseline 0.001 -11"><span class='ocrx_word' id='word_1_49' title='bbox 186 578 261 606; x_wconf 89' lang='lat' dir='ltr'>tem</span> <span class='ocrx_word' id='word_1_50' title='bbox 286 571 366 604; x_wconf 90' lang='lat' dir='ltr'>illos</span> <span class='ocrx_word' id='word_1_51' title='bbox 393 571 560 616; x_wconf 84' lang='lat' dir='ltr'>equidem</span> <span class='ocrx_word' id='word_1_52' title='bbox 585 569 907 615; x_wconf 82' lang='lat' dir='ltr'>reprehendendos</span> <span class='ocrx_word' id='word_1_53' title='bbox 934 569 1091 603; x_wconf 81' lang='lat' dir='ltr'>editores</span> <span class='ocrx_word' id='word_1_54' title='bbox 1117 570 1249 614; x_wconf 87' lang='lat' dir='ltr'>iudico,</span> <span class='ocrx_word' id='word_1_55' title='bbox 1277 571 1338 615; x_wconf 88' lang='lat' dir='ltr'>qui</span> <span class='ocrx_word' id='word_1_56' title='bbox 1363 581 1439 603; x_wconf 90' lang='lat' dir='ltr'>non</span> <span class='ocrx_word' id='word_1_57' title='bbox 1463 572 1615 605; x_wconf 87' lang='lat' dir='ltr'>seorsim</span> <span class='ocrx_word' id='word_1_58' title='bbox 1639 573 1823 606; x_wconf 85' lang='lat' dir='ltr'>uariarum</span> <span class='ocrx_word' id='word_1_59' title='bbox 1839 572 2036 607; x_wconf 86' lang='lat' dir='ltr'>lectionum</span> 
     </span>
     <span class='ocr_line' id='line_1_7' title="bbox 186 643 2035 689; baseline 0.002 -12"><span class='ocrx_word' id='word_1_60' title='bbox 186 645 402 689; x_wconf 83' lang='lat' dir='ltr'>farraginem</span> <span class='ocrx_word' id='word_1_61' title='bbox 435 649 597 689; x_wconf 89' lang='lat' dir='ltr'>ponunt,</span> <span class='ocrx_word' id='word_1_62' title='bbox 637 649 692 677; x_wconf 89' lang='lat' dir='ltr'>set</span> <span class='ocrx_word' id='word_1_63' title='bbox 725 649 762 677; x_wconf 89' lang='lat' dir='ltr'>et</span> <span class='ocrx_word' id='word_1_64' title='bbox 797 654 855 676; x_wconf 87' lang='lat' dir='ltr'>eas</span> <span class='ocrx_word' id='word_1_65' title='bbox 889 648 925 676; x_wconf 83' lang='lat' dir='ltr'>et</span> <span class='ocrx_word' id='word_1_66' title='bbox 957 643 1209 677; x_wconf 85' lang='lat' dir='ltr'>adnotationes</span> <span class='ocrx_word' id='word_1_67' title='bbox 1242 643 1399 688; x_wconf 87' lang='lat' dir='ltr'>reliquas</span> <span class='ocrx_word' id='word_1_68' title='bbox 1431 655 1547 678; x_wconf 88' lang='lat' dir='ltr'>unum</span> <span class='ocrx_word' id='word_1_69' title='bbox 1579 645 1618 678; x_wconf 90' lang='lat' dir='ltr'>in</span> <span class='ocrx_word' id='word_1_70' title='bbox 1648 645 1768 679; x_wconf 87' lang='lat' dir='ltr'>locum</span> <span class='ocrx_word' id='word_1_71' title='bbox 1799 646 2035 681; x_wconf 86' lang='lat' dir='ltr'>confundunt.</span> 
     </span>
     <span class='ocr_line' id='line_1_8' title="bbox 187 716 2033 765; baseline 0.002 -15"><span class='ocrx_word' id='word_1_72' title='bbox 187 718 270 761; x_wconf 89' lang='lat' dir='ltr'>Quo</span> <span class='ocrx_word' id='word_1_73' title='bbox 298 717 356 760; x_wconf 84' lang='lat' dir='ltr'>fit,</span> <span class='ocrx_word' id='word_1_74' title='bbox 384 722 425 750; x_wconf 86' lang='lat' dir='ltr'>ut</span> <span class='ocrx_word' id='word_1_75' title='bbox 451 717 512 762; x_wconf 92' lang='lat' dir='ltr'>qui</span> <span class='ocrx_word' id='word_1_76' title='bbox 538 716 597 750; x_wconf 90' lang='lat' dir='ltr'>uel</span> <span class='ocrx_word' id='word_1_77' title='bbox 622 728 696 750; x_wconf 92' lang='lat' dir='ltr'>uno</span> <span class='ocrx_word' id='word_1_78' title='bbox 722 716 761 749; x_wconf 87' lang='lat' dir='ltr'>in</span> <span class='ocrx_word' id='word_1_79' title='bbox 786 716 866 749; x_wconf 91' lang='lat' dir='ltr'>loco</span> <span class='ocrx_word' id='word_1_80' title='bbox 894 728 985 761; x_wconf 86' lang='lat' dir='ltr'>quae</span> <span class='ocrx_word' id='word_1_81' title='bbox 1011 716 1176 750; x_wconf 87' lang='lat' dir='ltr'>codicum</span> <span class='ocrx_word' id='word_1_82' title='bbox 1202 716 1383 762; x_wconf 87' lang='lat' dir='ltr'>scriptura</span> <span class='ocrx_word' id='word_1_83' title='bbox 1407 717 1454 750; x_wconf 89' lang='lat' dir='ltr'>sit</span> <span class='ocrx_word' id='word_1_84' title='bbox 1479 729 1696 763; x_wconf 85' lang='lat' dir='ltr'>cognoscere</span> <span class='ocrx_word' id='word_1_85' title='bbox 1720 719 1823 763; x_wconf 90' lang='lat' dir='ltr'>uelit,</span> <span class='ocrx_word' id='word_1_86' title='bbox 1848 719 2033 765; x_wconf 89' lang='lat' dir='ltr'>longissu-</span> 
     </span>
     <span class='ocr_line' id='line_1_9' title="bbox 185 789 2034 837; baseline 0.001 -13"><span class='ocrx_word' id='word_1_87' title='bbox 185 803 280 825; x_wconf 88' lang='lat' dir='ltr'>marn</span> <span class='ocrx_word' id='word_1_88' title='bbox 306 802 412 835; x_wconf 86' lang='lat' dir='ltr'>saepe</span> <span class='ocrx_word' id='word_1_89' title='bbox 438 790 707 823; x_wconf 82' lang='lat' dir='ltr'>adnotationem</span> <span class='ocrx_word' id='word_1_90' title='bbox 733 791 810 823; x_wconf 88' lang='lat' dir='ltr'>sine</span> <span class='ocrx_word' id='word_1_91' title='bbox 836 789 909 823; x_wconf 88' lang='lat' dir='ltr'>ullo</span> <span class='ocrx_word' id='word_1_92' title='bbox 935 790 1058 823; x_wconf 73' lang='lat' dir='ltr'>fructu</span> <span class='ocrx_word' id='word_1_93' title='bbox 1082 801 1286 835; x_wconf 83' lang='lat' dir='ltr'>magnoque</span> <span class='ocrx_word' id='word_1_94' title='bbox 1312 802 1394 824; x_wconf 89' lang='lat' dir='ltr'>cum</span> <span class='ocrx_word' id='word_1_95' title='bbox 1411 791 1584 836; x_wconf 86' lang='lat' dir='ltr'>temporis</span> <span class='ocrx_word' id='word_1_96' title='bbox 1610 792 1798 837; x_wconf 80' lang='lat' dir='ltr'>dispendio</span> <span class='ocrx_word' id='word_1_97' title='bbox 1824 792 1943 837; x_wconf 86' lang='lat' dir='ltr'>legere</span> <span class='ocrx_word' id='word_1_98' title='bbox 1968 805 2034 826; x_wconf 90' lang='lat' dir='ltr'>co-</span> 
     </span>
     <span class='ocr_line' id='line_1_10' title="bbox 184 863 2033 910; baseline 0.001 -13"><span class='ocrx_word' id='word_1_99' title='bbox 184 870 298 910; x_wconf 85' lang='lat' dir='ltr'>gatur.</span> <span class='ocrx_word' id='word_1_100' title='bbox 349 863 455 897; x_wconf 87' lang='lat' dir='ltr'>Hanc</span> <span class='ocrx_word' id='word_1_101' title='bbox 479 863 588 908; x_wconf 87' lang='lat' dir='ltr'>igitur</span> <span class='ocrx_word' id='word_1_102' title='bbox 614 863 811 897; x_wconf 88' lang='lat' dir='ltr'>lectionum</span> <span class='ocrx_word' id='word_1_103' title='bbox 836 863 1049 897; x_wconf 84' lang='lat' dir='ltr'>uarietatem</span> <span class='ocrx_word' id='word_1_104' title='bbox 1073 868 1265 909; x_wconf 88' lang='lat' dir='ltr'>postquam</span> <span class='ocrx_word' id='word_1_105' title='bbox 1292 875 1337 897; x_wconf 82' lang='lat' dir='ltr'>ex</span> <span class='ocrx_word' id='word_1_106' title='bbox 1360 865 1628 897; x_wconf 88' lang='lat' dir='ltr'>commentariis</span> <span class='ocrx_word' id='word_1_107' title='bbox 1654 865 1724 898; x_wconf 86' lang='lat' dir='ltr'>illis</span> <span class='ocrx_word' id='word_1_108' title='bbox 1750 865 2033 910; x_wconf 85' lang='lat' dir='ltr'>diligentissume</span> 
     </span>
     <span class='ocr_line' id='line_1_11' title="bbox 185 936 2032 982; baseline 0.001 -11"><span class='ocrx_word' id='word_1_109' title='bbox 185 938 430 982; x_wconf 85' lang='lat' dir='ltr'>conlegeram,</span> <span class='ocrx_word' id='word_1_110' title='bbox 470 943 511 971; x_wconf 86' lang='lat' dir='ltr'>ut</span> <span class='ocrx_word' id='word_1_111' title='bbox 536 937 643 970; x_wconf 89' lang='lat' dir='ltr'>nullis</span> <span class='ocrx_word' id='word_1_112' title='bbox 669 937 838 970; x_wconf 76' lang='lat' dir='ltr'>admixtis</span> <span class='ocrx_word' id='word_1_113' title='bbox 863 936 1155 970; x_wconf 87' lang='lat' dir='ltr'>adnotationibus</span> <span class='ocrx_word' id='word_1_114' title='bbox 1180 937 1219 970; x_wconf 91' lang='lat' dir='ltr'>in</span> <span class='ocrx_word' id='word_1_115' title='bbox 1244 949 1324 970; x_wconf 91' lang='lat' dir='ltr'>mea</span> <span class='ocrx_word' id='word_1_116' title='bbox 1349 937 1509 971; x_wconf 74' lang='lat' dir='ltr'>editione</span> <span class='ocrx_word' id='word_1_117' title='bbox 1533 938 1727 971; x_wconf 88' lang='lat' dir='ltr'>lectoribus</span> <span class='ocrx_word' id='word_1_118' title='bbox 1760 937 1940 972; x_wconf 83' lang='lat' dir='ltr'>facillume</span> <span class='ocrx_word' id='word_1_119' title='bbox 1966 951 2032 972; x_wconf 92' lang='lat' dir='ltr'>co-</span> 
     </span>
     <span class='ocr_line' id='line_1_12' title="bbox 184 1010 2031 1056; baseline 0.001 -13"><span class='ocrx_word' id='word_1_120' title='bbox 184 1011 309 1056; x_wconf 89' lang='lat' dir='ltr'>gnosci</span> <span class='ocrx_word' id='word_1_121' title='bbox 334 1015 492 1055; x_wconf 83' lang='lat' dir='ltr'>possent,</span> <span class='ocrx_word' id='word_1_122' title='bbox 519 1010 556 1043; x_wconf 89' lang='lat' dir='ltr'>id</span> <span class='ocrx_word' id='word_1_123' title='bbox 582 1011 649 1055; x_wconf 89' lang='lat' dir='ltr'>egi,</span> <span class='ocrx_word' id='word_1_124' title='bbox 676 1015 717 1044; x_wconf 89' lang='lat' dir='ltr'>ut</span> <span class='ocrx_word' id='word_1_125' title='bbox 741 1010 803 1054; x_wconf 92' lang='lat' dir='ltr'>qui</span> <span class='ocrx_word' id='word_1_126' title='bbox 828 1015 1017 1054; x_wconf 85' lang='lat' dir='ltr'>praeterea</span> <span class='ocrx_word' id='word_1_127' title='bbox 1042 1010 1081 1042; x_wconf 90' lang='lat' dir='ltr'>in</span> <span class='ocrx_word' id='word_1_128' title='bbox 1106 1010 1277 1055; x_wconf 88' lang='lat' dir='ltr'>Europae</span> <span class='ocrx_word' id='word_1_129' title='bbox 1302 1011 1529 1044; x_wconf 85' lang='lat' dir='ltr'>bibliothecis</span> <span class='ocrx_word' id='word_1_130' title='bbox 1555 1016 1735 1045; x_wconf 86' lang='lat' dir='ltr'>restarent</span> <span class='ocrx_word' id='word_1_131' title='bbox 1757 1011 1909 1054; x_wconf 79' lang='lat' dir='ltr'>codices,</span> <span class='ocrx_word' id='word_1_132' title='bbox 1936 1023 2031 1056; x_wconf 90' lang='lat' dir='ltr'>quo-</span> 
     </span>
     <span class='ocr_line' id='line_1_13' title="bbox 182 1082 2030 1129; baseline 0 -11"><span class='ocrx_word' id='word_1_133' title='bbox 182 1096 266 1118; x_wconf 91' lang='lat' dir='ltr'>rum</span> <span class='ocrx_word' id='word_1_134' title='bbox 293 1095 361 1129; x_wconf 93' lang='lat' dir='ltr'>ope</span> <span class='ocrx_word' id='word_1_135' title='bbox 387 1083 571 1117; x_wconf 87' lang='lat' dir='ltr'>emendari</span> <span class='ocrx_word' id='word_1_136' title='bbox 596 1095 702 1128; x_wconf 91' lang='lat' dir='ltr'>posse</span> <span class='ocrx_word' id='word_1_137' title='bbox 727 1082 816 1116; x_wconf 90' lang='lat' dir='ltr'>haec</span> <span class='ocrx_word' id='word_1_138' title='bbox 842 1083 958 1116; x_wconf 87' lang='lat' dir='ltr'>oratio</span> <span class='ocrx_word' id='word_1_139' title='bbox 984 1083 1183 1127; x_wconf 88' lang='lat' dir='ltr'>uideretur,</span> <span class='ocrx_word' id='word_1_140' title='bbox 1211 1083 1336 1116; x_wconf 85' lang='lat' dir='ltr'>sedulo</span> <span class='ocrx_word' id='word_1_141' title='bbox 1362 1084 1401 1116; x_wconf 91' lang='lat' dir='ltr'>in</span> <span class='ocrx_word' id='word_1_142' title='bbox 1417 1096 1523 1117; x_wconf 85' lang='lat' dir='ltr'>usum</span> <span class='ocrx_word' id='word_1_143' title='bbox 1544 1096 1666 1118; x_wconf 87' lang='lat' dir='ltr'>meum</span> <span class='ocrx_word' id='word_1_144' title='bbox 1691 1084 1909 1118; x_wconf 84' lang='lat' dir='ltr'>adhiberem.</span> <span class='ocrx_word' id='word_1_145' title='bbox 1960 1083 2030 1119; x_wconf 88' lang='lat' dir='ltr'>At-</span> 
     </span>
     <span class='ocr_line' id='line_1_14' title="bbox 184 1156 2032 1203; baseline 0.001 -12"><span class='ocrx_word' id='word_1_146' title='bbox 184 1169 254 1203; x_wconf 89' lang='lat' dir='ltr'>que</span> <span class='ocrx_word' id='word_1_147' title='bbox 280 1168 389 1203; x_wconf 91' lang='lat' dir='ltr'>quom</span> <span class='ocrx_word' id='word_1_148' title='bbox 417 1157 616 1190; x_wconf 87' lang='lat' dir='ltr'>Graeuium</span> <span class='ocrx_word' id='word_1_149' title='bbox 645 1157 806 1199; x_wconf 78' lang='lat' dir='ltr'>codices,</span> <span class='ocrx_word' id='word_1_150' title='bbox 833 1167 987 1201; x_wconf 88' lang='lat' dir='ltr'>quorum</span> <span class='ocrx_word' id='word_1_151' title='bbox 1015 1156 1047 1189; x_wconf 89' lang='lat' dir='ltr'>ei</span> <span class='ocrx_word' id='word_1_152' title='bbox 1074 1157 1176 1201; x_wconf 91' lang='lat' dir='ltr'>copia</span> <span class='ocrx_word' id='word_1_153' title='bbox 1201 1156 1331 1200; x_wconf 87' lang='lat' dir='ltr'>fuerat,</span> <span class='ocrx_word' id='word_1_154' title='bbox 1357 1156 1685 1202; x_wconf 86' lang='lat' dir='ltr'>neglegentissume</span> <span class='ocrx_word' id='word_1_155' title='bbox 1708 1157 1908 1202; x_wconf 83' lang='lat' dir='ltr'>inspexisse</span> <span class='ocrx_word' id='word_1_156' title='bbox 1932 1159 2032 1193; x_wconf 91' lang='lat' dir='ltr'>mul—</span> 
     </span>
     <span class='ocr_line' id='line_1_15' title="bbox 183 1230 2032 1275; baseline 0.001 -11"><span class='ocrx_word' id='word_1_157' title='bbox 183 1231 229 1265; x_wconf 83' lang='lat' dir='ltr'>tis</span> <span class='ocrx_word' id='word_1_158' title='bbox 262 1231 405 1264; x_wconf 84' lang='lat' dir='ltr'>indiciis</span> <span class='ocrx_word' id='word_1_159' title='bbox 439 1242 669 1275; x_wconf 84' lang='lat' dir='ltr'>cognossem,</span> <span class='ocrx_word' id='word_1_160' title='bbox 712 1235 795 1264; x_wconf 89' lang='lat' dir='ltr'>ante</span> <span class='ocrx_word' id='word_1_161' title='bbox 826 1230 946 1263; x_wconf 85' lang='lat' dir='ltr'>omnia</span> <span class='ocrx_word' id='word_1_162' title='bbox 970 1230 1225 1264; x_wconf 79' lang='lat' dir='ltr'>Erfurtensem</span> <span class='ocrx_word' id='word_1_163' title='bbox 1258 1230 1411 1274; x_wconf 87' lang='lat' dir='ltr'>librum,</span> <span class='ocrx_word' id='word_1_164' title='bbox 1453 1231 1554 1264; x_wconf 79' lang='lat' dir='ltr'>cujus</span> <span class='ocrx_word' id='word_1_165' title='bbox 1585 1231 1785 1264; x_wconf 89' lang='lat' dir='ltr'>secundum</span> <span class='ocrx_word' id='word_1_166' title='bbox 1816 1231 2032 1267; x_wconf 85' lang='lat' dir='ltr'>Bauaricum</span> 
     </span>
     <span class='ocr_line' id='line_1_16' title="bbox 182 1303 2034 1350; baseline 0 -12"><span class='ocrx_word' id='word_1_167' title='bbox 182 1316 393 1338; x_wconf 83' lang='lat' dir='ltr'>maxumum</span> <span class='ocrx_word' id='word_1_168' title='bbox 419 1309 512 1338; x_wconf 89' lang='lat' dir='ltr'>esset</span> <span class='ocrx_word' id='word_1_169' title='bbox 535 1304 712 1349; x_wconf 87' lang='lat' dir='ltr'>pretium,</span> <span class='ocrx_word' id='word_1_170' title='bbox 755 1303 874 1337; x_wconf 90' lang='lat' dir='ltr'>denuo</span> <span class='ocrx_word' id='word_1_171' title='bbox 907 1304 1169 1337; x_wconf 87' lang='lat' dir='ltr'>conserendum</span> <span class='ocrx_word' id='word_1_172' title='bbox 1201 1305 1337 1349; x_wconf 83' lang='lat' dir='ltr'>putaui.</span> <span class='ocrx_word' id='word_1_173' title='bbox 1396 1304 1456 1338; x_wconf 83' lang='lat' dir='ltr'>Ex</span> <span class='ocrx_word' id='word_1_174' title='bbox 1491 1305 1567 1338; x_wconf 91' lang='lat' dir='ltr'>eius</span> <span class='ocrx_word' id='word_1_175' title='bbox 1608 1304 1812 1338; x_wconf 89' lang='lat' dir='ltr'>conlatione</span> <span class='ocrx_word' id='word_1_176' title='bbox 1860 1311 2034 1350; x_wconf 87' lang='lat' dir='ltr'>quantum</span> 
     </span>
     <span class='ocr_line' id='line_1_17' title="bbox 183 1377 2031 1423; baseline 0.002 -12"><span class='ocrx_word' id='word_1_177' title='bbox 183 1378 275 1411; x_wconf 87' lang='lat' dir='ltr'>lucri</span> <span class='ocrx_word' id='word_1_178' title='bbox 300 1377 459 1420; x_wconf 84' lang='lat' dir='ltr'>fecerim,</span> <span class='ocrx_word' id='word_1_179' title='bbox 485 1378 577 1411; x_wconf 90' lang='lat' dir='ltr'>libro</span> <span class='ocrx_word' id='word_1_180' title='bbox 604 1377 649 1411; x_wconf 90' lang='lat' dir='ltr'>de</span> <span class='ocrx_word' id='word_1_181' title='bbox 675 1389 718 1410; x_wconf 92' lang='lat' dir='ltr'>eo</span> <span class='ocrx_word' id='word_1_182' title='bbox 743 1378 877 1422; x_wconf 88' lang='lat' dir='ltr'>scripto</span> <span class='ocrx_word' id='word_1_183' title='bbox 904 1377 975 1410; x_wconf 87' lang='lat' dir='ltr'>iam</span> <span class='ocrx_word' id='word_1_184' title='bbox 1000 1377 1270 1412; x_wconf 86' lang='lat' dir='ltr'>intellectumst.</span> <span class='ocrx_word' id='word_1_185' title='bbox 1319 1377 1397 1411; x_wconf 88' lang='lat' dir='ltr'>Nec</span> <span class='ocrx_word' id='word_1_186' title='bbox 1421 1378 1543 1412; x_wconf 86' lang='lat' dir='ltr'>minus</span> <span class='ocrx_word' id='word_1_187' title='bbox 1569 1378 1763 1423; x_wconf 84' lang='lat' dir='ltr'>neglegens</span> <span class='ocrx_word' id='word_1_188' title='bbox 1785 1377 1966 1412; x_wconf 80' lang='lat' dir='ltr'>Graeuius</span> <span class='ocrx_word' id='word_1_189' title='bbox 1991 1380 2031 1414; x_wconf 90' lang='lat' dir='ltr'>in</span> 
     </span>
     <span class='ocr_line' id='line_1_18' title="bbox 185 1450 2031 1497; baseline 0.001 -12"><span class='ocrx_word' id='word_1_190' title='bbox 185 1451 486 1485; x_wconf 90' lang='lat' dir='ltr'>conmemoranda</span> <span class='ocrx_word' id='word_1_191' title='bbox 510 1450 707 1485; x_wconf 87' lang='lat' dir='ltr'>lectionum</span> <span class='ocrx_word' id='word_1_192' title='bbox 729 1451 906 1484; x_wconf 88' lang='lat' dir='ltr'>uarietate</span> <span class='ocrx_word' id='word_1_193' title='bbox 928 1451 1015 1493; x_wconf 77' lang='lat' dir='ltr'>fuit,</span> <span class='ocrx_word' id='word_1_194' title='bbox 1043 1463 1130 1496; x_wconf 89' lang='lat' dir='ltr'>quas</span> <span class='ocrx_word' id='word_1_195' title='bbox 1157 1451 1272 1485; x_wconf 85' lang='lat' dir='ltr'>codex</span> <span class='ocrx_word' id='word_1_196' title='bbox 1297 1451 1515 1486; x_wconf 90' lang='lat' dir='ltr'>Dresdensis</span> <span class='ocrx_word' id='word_1_197' title='bbox 1540 1452 1707 1497; x_wconf 86' lang='lat' dir='ltr'>praebet,</span> <span class='ocrx_word' id='word_1_198' title='bbox 1742 1463 1851 1496; x_wconf 88' lang='lat' dir='ltr'>quem</span> <span class='ocrx_word' id='word_1_199' title='bbox 1876 1452 2031 1487; x_wconf 88' lang='lat' dir='ltr'>eundem</span> 
     </span>
     <span class='ocr_line' id='line_1_19' title="bbox 182 1524 2030 1570; baseline 0.001 -12"><span class='ocrx_word' id='word_1_200' title='bbox 182 1526 261 1570; x_wconf 91' lang='lat' dir='ltr'>ipse</span> <span class='ocrx_word' id='word_1_201' title='bbox 283 1525 414 1558; x_wconf 83' lang='lat' dir='ltr'>iterum</span> <span class='ocrx_word' id='word_1_202' title='bbox 441 1536 522 1557; x_wconf 88' lang='lat' dir='ltr'>cum</span> <span class='ocrx_word' id='word_1_203' title='bbox 549 1524 707 1558; x_wconf 80' lang='lat' dir='ltr'>editione</span> <span class='ocrx_word' id='word_1_204' title='bbox 731 1524 879 1558; x_wconf 86' lang='lat' dir='ltr'>Ernesti</span> <span class='ocrx_word' id='word_1_205' title='bbox 904 1524 1059 1568; x_wconf 87' lang='lat' dir='ltr'>contuli,</span> <span class='ocrx_word' id='word_1_206' title='bbox 1097 1537 1312 1570; x_wconf 88' lang='lat' dir='ltr'>quamquam</span> <span class='ocrx_word' id='word_1_207' title='bbox 1337 1526 1471 1559; x_wconf 86' lang='lat' dir='ltr'>mirum</span> <span class='ocrx_word' id='word_1_208' title='bbox 1496 1530 1670 1570; x_wconf 83' lang='lat' dir='ltr'>quantum</span> <span class='ocrx_word' id='word_1_209' title='bbox 1695 1536 1715 1557; x_wconf 87' lang='lat' dir='ltr'>a</span> <span class='ocrx_word' id='word_1_210' title='bbox 1739 1526 1958 1569; x_wconf 84' lang='lat' dir='ltr'>praestantia</span> <span class='ocrx_word' id='word_1_211' title='bbox 1979 1526 2030 1559; x_wconf 91' lang='lat' dir='ltr'>li-</span> 
     </span>
     <span class='ocr_line' id='line_1_20' title="bbox 182 1597 2030 1643; baseline 0.001 -12"><span class='ocrx_word' id='word_1_212' title='bbox 182 1598 240 1631; x_wconf 88' lang='lat' dir='ltr'>bri</span> <span class='ocrx_word' id='word_1_213' title='bbox 264 1597 491 1632; x_wconf 81' lang='lat' dir='ltr'>Erfurtensis</span> <span class='ocrx_word' id='word_1_214' title='bbox 522 1597 722 1631; x_wconf 87' lang='lat' dir='ltr'>recedebat.</span> <span class='ocrx_word' id='word_1_215' title='bbox 771 1598 887 1631; x_wconf 88' lang='lat' dir='ltr'>Porro</span> <span class='ocrx_word' id='word_1_216' title='bbox 922 1610 1032 1643; x_wconf 93' lang='lat' dir='ltr'>quom</span> <span class='ocrx_word' id='word_1_217' title='bbox 1065 1609 1140 1631; x_wconf 89' lang='lat' dir='ltr'>non</span> <span class='ocrx_word' id='word_1_218' title='bbox 1171 1598 1302 1632; x_wconf 88' lang='lat' dir='ltr'>inutile</span> <span class='ocrx_word' id='word_1_219' title='bbox 1327 1598 1514 1642; x_wconf 89' lang='lat' dir='ltr'>ducerem,</span> <span class='ocrx_word' id='word_1_220' title='bbox 1553 1598 1714 1632; x_wconf 76' lang='lat' dir='ltr'>codicem</span> <span class='ocrx_word' id='word_1_221' title='bbox 1742 1598 1850 1632; x_wconf 83' lang='lat' dir='ltr'>etiam</span> <span class='ocrx_word' id='word_1_222' title='bbox 1873 1599 2030 1633; x_wconf 75' lang='lat' dir='ltr'>Baliari—-</span> 
     </span>
     <span class='ocr_line' id='line_1_21' title="bbox 183 1671 2025 1717; baseline -0.001 -11"><span class='ocrx_word' id='word_1_223' title='bbox 183 1683 276 1716; x_wconf 91' lang='lat' dir='ltr'>cum,</span> <span class='ocrx_word' id='word_1_224' title='bbox 303 1671 465 1705; x_wconf 88' lang='lat' dir='ltr'>omnium</span> <span class='ocrx_word' id='word_1_225' title='bbox 489 1671 858 1716; x_wconf 82' lang='lat' dir='ltr'>praestantissumum,</span> <span class='ocrx_word' id='word_1_226' title='bbox 886 1671 947 1717; x_wconf 84' lang='lat' dir='ltr'>qui</span> <span class='ocrx_word' id='word_1_227' title='bbox 971 1671 1058 1704; x_wconf 78' lang='lat' dir='ltr'>olim</span> <span class='ocrx_word' id='word_1_228' title='bbox 1082 1672 1121 1705; x_wconf 86' lang='lat' dir='ltr'>in</span> <span class='ocrx_word' id='word_1_229' title='bbox 1143 1672 1317 1706; x_wconf 91' lang='lat' dir='ltr'>coenobio</span> <span class='ocrx_word' id='word_1_230' title='bbox 1334 1671 1601 1717; x_wconf 88' lang='lat' dir='ltr'>Tegernseensi</span> <span class='ocrx_word' id='word_1_231' title='bbox 1624 1671 1892 1714; x_wconf 85' lang='lat' dir='ltr'>adseruabatur,</span> <span class='ocrx_word' id='word_1_232' title='bbox 1918 1677 2025 1716; x_wconf 90' lang='lat' dir='ltr'>post-</span> 
     </span>
     <span class='ocr_line' id='line_1_22' title="bbox 182 1743 2026 1790; baseline -0.001 -10"><span class='ocrx_word' id='word_1_233' title='bbox 182 1759 224 1780; x_wconf 88' lang='lat' dir='ltr'>ea</span> <span class='ocrx_word' id='word_1_234' title='bbox 253 1757 342 1779; x_wconf 91' lang='lat' dir='ltr'>uero</span> <span class='ocrx_word' id='word_1_235' title='bbox 375 1745 595 1779; x_wconf 88' lang='lat' dir='ltr'>Monachum</span> <span class='ocrx_word' id='word_1_236' title='bbox 627 1744 821 1780; x_wconf 82' lang='lat' dir='ltr'>translatus</span> <span class='ocrx_word' id='word_1_237' title='bbox 852 1745 1054 1789; x_wconf 82' lang='lat' dir='ltr'>dicebatur,</span> <span class='ocrx_word' id='word_1_238' title='bbox 1087 1745 1221 1780; x_wconf 87' lang='lat' dir='ltr'>iterum</span> <span class='ocrx_word' id='word_1_239' title='bbox 1248 1746 1431 1789; x_wconf 83' lang='lat' dir='ltr'>conferre,</span> <span class='ocrx_word' id='word_1_240' title='bbox 1457 1745 1624 1790; x_wconf 90' lang='lat' dir='ltr'>precibus</span> <span class='ocrx_word' id='word_1_241' title='bbox 1650 1744 1722 1777; x_wconf 91' lang='lat' dir='ltr'>adii</span> <span class='ocrx_word' id='word_1_242' title='bbox 1746 1743 2026 1789; x_wconf 85' lang='lat' dir='ltr'>Krabingerum,</span> 
     </span>
     <span class='ocr_line' id='line_1_23' title="bbox 180 1817 2025 1863; baseline -0.002 -9"><span class='ocrx_word' id='word_1_243' title='bbox 180 1819 418 1854; x_wconf 87' lang='lat' dir='ltr'>bibliothecae</span> <span class='ocrx_word' id='word_1_244' title='bbox 432 1818 661 1852; x_wconf 87' lang='lat' dir='ltr'>Monacensis</span> <span class='ocrx_word' id='word_1_245' title='bbox 688 1820 873 1853; x_wconf 88' lang='lat' dir='ltr'>custodem</span> <span class='ocrx_word' id='word_1_246' title='bbox 899 1820 1208 1863; x_wconf 89' lang='lat' dir='ltr'>eruditissumum,</span> <span class='ocrx_word' id='word_1_247' title='bbox 1234 1825 1276 1854; x_wconf 84' lang='lat' dir='ltr'>ut</span> <span class='ocrx_word' id='word_1_248' title='bbox 1297 1819 1373 1853; x_wconf 89' lang='lat' dir='ltr'>eius</span> <span class='ocrx_word' id='word_1_249' title='bbox 1400 1818 1533 1852; x_wconf 88' lang='lat' dir='ltr'>codicis</span> <span class='ocrx_word' id='word_1_250' title='bbox 1559 1817 1779 1863; x_wconf 89' lang='lat' dir='ltr'>inspiciundi</span> <span class='ocrx_word' id='word_1_251' title='bbox 1803 1817 1894 1851; x_wconf 83' lang='lat' dir='ltr'>mihi</span> <span class='ocrx_word' id='word_1_252' title='bbox 1917 1823 2025 1863; x_wconf 83' lang='lat' dir='ltr'>pote—</span> 
     </span>
     <span class='ocr_line' id='line_1_24' title="bbox 182 1890 2027 1939; baseline -0.001 -12"><span class='ocrx_word' id='word_1_253' title='bbox 182 1898 310 1927; x_wconf 85' lang='lat' dir='ltr'>statem</span> <span class='ocrx_word' id='word_1_254' title='bbox 335 1892 480 1926; x_wconf 86' lang='lat' dir='ltr'>saceret.</span> <span class='ocrx_word' id='word_1_255' title='bbox 531 1893 604 1936; x_wconf 85' lang='lat' dir='ltr'>Qui</span> <span class='ocrx_word' id='word_1_256' title='bbox 628 1893 687 1927; x_wconf 82' lang='lat' dir='ltr'>uir</span> <span class='ocrx_word' id='word_1_257' title='bbox 711 1905 820 1939; x_wconf 90' lang='lat' dir='ltr'>quom</span> <span class='ocrx_word' id='word_1_258' title='bbox 844 1894 1089 1939; x_wconf 85' lang='lat' dir='ltr'>rescripsisset</span> <span class='ocrx_word' id='word_1_259' title='bbox 1112 1893 1222 1936; x_wconf 89' lang='lat' dir='ltr'>mihi,</span> <span class='ocrx_word' id='word_1_260' title='bbox 1263 1904 1462 1938; x_wconf 89' lang='lat' dir='ltr'>numquam</span> <span class='ocrx_word' id='word_1_261' title='bbox 1495 1892 1656 1925; x_wconf 91' lang='lat' dir='ltr'>codicem</span> <span class='ocrx_word' id='word_1_262' title='bbox 1679 1891 1781 1924; x_wconf 82' lang='lat' dir='ltr'>illum</span> <span class='ocrx_word' id='word_1_263' title='bbox 1806 1890 2027 1925; x_wconf 86' lang='lat' dir='ltr'>Monachum</span> 
     </span>
     <span class='ocr_line' id='line_1_25' title="bbox 184 1964 2024 2012; baseline -0.002 -11"><span class='ocrx_word' id='word_1_264' title='bbox 184 1978 262 2001; x_wconf 87' lang='lat' dir='ltr'>esse</span> <span class='ocrx_word' id='word_1_265' title='bbox 287 1965 462 2009; x_wconf 90' lang='lat' dir='ltr'>delatum,</span> <span class='ocrx_word' id='word_1_266' title='bbox 497 1971 553 1999; x_wconf 90' lang='lat' dir='ltr'>set</span> <span class='ocrx_word' id='word_1_267' title='bbox 577 1979 597 1999; x_wconf 91' lang='lat' dir='ltr'>a</span> <span class='ocrx_word' id='word_1_268' title='bbox 623 1966 885 2012; x_wconf 87' lang='lat' dir='ltr'>Francogallis,</span> <span class='ocrx_word' id='word_1_269' title='bbox 923 1967 1009 2000; x_wconf 90' lang='lat' dir='ltr'>dum</span> <span class='ocrx_word' id='word_1_270' title='bbox 1034 1967 1225 2001; x_wconf 88' lang='lat' dir='ltr'>Bauariam</span> <span class='ocrx_word' id='word_1_271' title='bbox 1250 1966 1530 2012; x_wconf 83' lang='lat' dir='ltr'>popularentur,</span> <span class='ocrx_word' id='word_1_272' title='bbox 1569 1970 1632 1998; x_wconf 93' lang='lat' dir='ltr'>aut</span> <span class='ocrx_word' id='word_1_273' title='bbox 1655 1964 1812 1998; x_wconf 85' lang='lat' dir='ltr'>ablatum</span> <span class='ocrx_word' id='word_1_274' title='bbox 1837 1969 1899 1998; x_wconf 88' lang='lat' dir='ltr'>aut</span> <span class='ocrx_word' id='word_1_275' title='bbox 1922 1964 2024 1998; x_wconf 90' lang='lat' dir='ltr'>dele-</span> 
     </span>
     <span class='ocr_line' id='line_1_26' title="bbox 181 2038 2025 2086; baseline -0.002 -11"><span class='ocrx_word' id='word_1_276' title='bbox 181 2046 259 2075; x_wconf 80' lang='lat' dir='ltr'>rum</span> <span class='ocrx_word' id='word_1_277' title='bbox 294 2044 387 2082; x_wconf 89' lang='lat' dir='ltr'>esse,</span> <span class='ocrx_word' id='word_1_278' title='bbox 430 2039 563 2084; x_wconf 84' lang='lat' dir='ltr'>insigni</span> <span class='ocrx_word' id='word_1_279' title='bbox 598 2051 679 2072; x_wconf 91' lang='lat' dir='ltr'>cum</span> <span class='ocrx_word' id='word_1_280' title='bbox 708 2039 920 2074; x_wconf 84' lang='lat' dir='ltr'>liberalitate</span> <span class='ocrx_word' id='word_1_281' title='bbox 946 2040 1034 2073; x_wconf 85' lang='lat' dir='ltr'>alios</span> <span class='ocrx_word' id='word_1_282' title='bbox 1062 2040 1254 2086; x_wconf 90' lang='lat' dir='ltr'>quosdam,</span> <span class='ocrx_word' id='word_1_283' title='bbox 1297 2040 1335 2072; x_wconf 91' lang='lat' dir='ltr'>in</span> <span class='ocrx_word' id='word_1_284' title='bbox 1362 2040 1490 2085; x_wconf 91' lang='lat' dir='ltr'>quibus</span> <span class='ocrx_word' id='word_1_285' title='bbox 1518 2038 1631 2072; x_wconf 90' lang='lat' dir='ltr'>oratio</span> <span class='ocrx_word' id='word_1_286' title='bbox 1657 2038 1849 2071; x_wconf 82' lang='lat' dir='ltr'>Planciana</span> <span class='ocrx_word' id='word_1_287' title='bbox 1875 2043 2025 2082; x_wconf 81' lang='lat' dir='ltr'>extaret,</span> 
     </span>
     <span class='ocr_line' id='line_1_27' title="bbox 182 2111 2023 2156; baseline -0.001 -9"><span class='ocrx_word' id='word_1_288' title='bbox 182 2113 322 2147; x_wconf 90' lang='lat' dir='ltr'>codices</span> <span class='ocrx_word' id='word_1_289' title='bbox 347 2123 423 2144; x_wconf 92' lang='lat' dir='ltr'>non</span> <span class='ocrx_word' id='word_1_290' title='bbox 447 2113 560 2146; x_wconf 86' lang='lat' dir='ltr'>malos</span> <span class='ocrx_word' id='word_1_291' title='bbox 585 2113 621 2145; x_wconf 92' lang='lat' dir='ltr'>in</span> <span class='ocrx_word' id='word_1_292' title='bbox 648 2113 862 2146; x_wconf 85' lang='lat' dir='ltr'>bibliotheca</span> <span class='ocrx_word' id='word_1_293' title='bbox 888 2113 1100 2147; x_wconf 87' lang='lat' dir='ltr'>Monacensi</span> <span class='ocrx_word' id='word_1_294' title='bbox 1126 2113 1265 2146; x_wconf 86' lang='lat' dir='ltr'>seruari</span> <span class='ocrx_word' id='word_1_295' title='bbox 1290 2114 1445 2156; x_wconf 85' lang='lat' dir='ltr'>addidit,</span> <span class='ocrx_word' id='word_1_296' title='bbox 1485 2123 1575 2156; x_wconf 89' lang='lat' dir='ltr'>quos</span> <span class='ocrx_word' id='word_1_297' title='bbox 1601 2111 1633 2144; x_wconf 90' lang='lat' dir='ltr'>si</span> <span class='ocrx_word' id='word_1_298' title='bbox 1659 2122 1827 2156; x_wconf 88' lang='lat' dir='ltr'>cuperem</span> <span class='ocrx_word' id='word_1_299' title='bbox 1852 2111 1892 2143; x_wconf 84' lang='lat' dir='ltr'>in</span> <span class='ocrx_word' id='word_1_300' title='bbox 1916 2123 2023 2145; x_wconf 92' lang='lat' dir='ltr'>usum</span> 
     </span>
     <span class='ocr_line' id='line_1_28' title="bbox 180 2183 2025 2232; baseline -0.002 -12"><span class='ocrx_word' id='word_1_301' title='bbox 180 2197 301 2220; x_wconf 90' lang='lat' dir='ltr'>meum</span> <span class='ocrx_word' id='word_1_302' title='bbox 327 2196 365 2218; x_wconf 90' lang='lat' dir='ltr'>se</span> <span class='ocrx_word' id='word_1_303' title='bbox 391 2197 472 2218; x_wconf 88' lang='lat' dir='ltr'>cum</span> <span class='ocrx_word' id='word_1_304' title='bbox 498 2186 657 2219; x_wconf 78' lang='lat' dir='ltr'>editione</span> <span class='ocrx_word' id='word_1_305' title='bbox 681 2186 798 2231; x_wconf 86' lang='lat' dir='ltr'>aliqua</span> <span class='ocrx_word' id='word_1_306' title='bbox 823 2186 965 2232; x_wconf 87' lang='lat' dir='ltr'>uolgata</span> <span class='ocrx_word' id='word_1_307' title='bbox 991 2186 1218 2220; x_wconf 78' lang='lat' dir='ltr'>conlaturam</span> <span class='ocrx_word' id='word_1_308' title='bbox 1243 2188 1422 2232; x_wconf 87' lang='lat' dir='ltr'>promisit.</span> <span class='ocrx_word' id='word_1_309' title='bbox 1473 2185 1572 2228; x_wconf 79' lang='lat' dir='ltr'>Quin</span> <span class='ocrx_word' id='word_1_310' title='bbox 1597 2197 1639 2218; x_wconf 89' lang='lat' dir='ltr'>eo</span> <span class='ocrx_word' id='word_1_311' title='bbox 1665 2196 1857 2230; x_wconf 85' lang='lat' dir='ltr'>progressa</span> <span class='ocrx_word' id='word_1_312' title='bbox 1880 2184 1954 2217; x_wconf 87' lang='lat' dir='ltr'>uiri</span> <span class='ocrx_word' id='word_1_313' title='bbox 1975 2183 2025 2217; x_wconf 88' lang='lat' dir='ltr'>il-</span> 
     </span>
     <span class='ocr_line' id='line_1_29' title="bbox 179 2256 2020 2305; baseline -0.002 -11"><span class='ocrx_word' id='word_1_314' title='bbox 179 2260 249 2294; x_wconf 90' lang='lat' dir='ltr'>lius</span> <span class='ocrx_word' id='word_1_315' title='bbox 268 2259 471 2293; x_wconf 89' lang='lat' dir='ltr'>humanitas</span> <span class='ocrx_word' id='word_1_316' title='bbox 498 2265 573 2303; x_wconf 84' lang='lat' dir='ltr'>est,</span> <span class='ocrx_word' id='word_1_317' title='bbox 612 2264 654 2293; x_wconf 84' lang='lat' dir='ltr'>ut</span> <span class='ocrx_word' id='word_1_318' title='bbox 678 2265 868 2305; x_wconf 86' lang='lat' dir='ltr'>antequam</span> <span class='ocrx_word' id='word_1_319' title='bbox 902 2260 1191 2305; x_wconf 82' lang='lat' dir='ltr'>respondissem,</span> <span class='ocrx_word' id='word_1_320' title='bbox 1231 2260 1348 2293; x_wconf 85' lang='lat' dir='ltr'>uarias</span> <span class='ocrx_word' id='word_1_321' title='bbox 1375 2259 1566 2302; x_wconf 89' lang='lat' dir='ltr'>lectiones,</span> <span class='ocrx_word' id='word_1_322' title='bbox 1607 2270 1652 2292; x_wconf 83' lang='lat' dir='ltr'>ex</span> <span class='ocrx_word' id='word_1_323' title='bbox 1678 2257 1814 2302; x_wconf 84' lang='lat' dir='ltr'>aliquot</span> <span class='ocrx_word' id='word_1_324' title='bbox 1840 2256 2020 2290; x_wconf 86' lang='lat' dir='ltr'>codicibus</span> 
     </span>
     <span class='ocr_line' id='line_1_30' title="bbox 179 2329 2023 2378; baseline -0.002 -11"><span class='ocrx_word' id='word_1_325' title='bbox 179 2344 347 2367; x_wconf 82' lang='lat' dir='ltr'>maxuma</span> <span class='ocrx_word' id='word_1_326' title='bbox 371 2344 452 2366; x_wconf 88' lang='lat' dir='ltr'>cum</span> <span class='ocrx_word' id='word_1_327' title='bbox 480 2332 663 2378; x_wconf 85' lang='lat' dir='ltr'>diligentia</span> <span class='ocrx_word' id='word_1_328' title='bbox 689 2339 866 2376; x_wconf 87' lang='lat' dir='ltr'>enotatas,</span> <span class='ocrx_word' id='word_1_329' title='bbox 892 2333 1163 2367; x_wconf 89' lang='lat' dir='ltr'>humanissume</span> <span class='ocrx_word' id='word_1_330' title='bbox 1188 2345 1331 2366; x_wconf 88' lang='lat' dir='ltr'>mecum</span> <span class='ocrx_word' id='word_1_331' title='bbox 1353 2333 1634 2365; x_wconf 83' lang='lat' dir='ltr'>conmunicaret.</span> <span class='ocrx_word' id='word_1_332' title='bbox 1683 2330 1826 2365; x_wconf 88' lang='lat' dir='ltr'>Deinde</span> <span class='ocrx_word' id='word_1_333' title='bbox 1851 2341 1959 2374; x_wconf 91' lang='lat' dir='ltr'>quom</span> <span class='ocrx_word' id='word_1_334' title='bbox 1985 2329 2023 2363; x_wconf 89' lang='lat' dir='ltr'>in</span> 
     </span>
    </p>
   </div>
   <div class='ocr_carea' id='block_1_3' title="bbox 179 2402 2021 2452">
    <p class='ocr_par' dir='ltr' id='par_1_3' title="bbox 179 2402 2021 2452">
     <span class='ocr_line' id='line_1_31' title="bbox 179 2402 2021 2452; baseline -0.003 -12"><span class='ocrx_word' id='word_1_335' title='bbox 179 2406 394 2440; x_wconf 90' lang='lat' dir='ltr'>bibliotheca</span> <span class='ocrx_word' id='word_1_336' title='bbox 418 2405 680 2449; x_wconf 83' lang='lat' dir='ltr'>Laurentiana,</span> <span class='ocrx_word' id='word_1_337' title='bbox 720 2418 810 2452; x_wconf 88' lang='lat' dir='ltr'>quae</span> <span class='ocrx_word' id='word_1_338' title='bbox 835 2406 1059 2441; x_wconf 87' lang='lat' dir='ltr'>Florentiam</span> <span class='ocrx_word' id='word_1_339' title='bbox 1086 2412 1209 2450; x_wconf 87' lang='lat' dir='ltr'>ornat,</span> <span class='ocrx_word' id='word_1_340' title='bbox 1243 2418 1288 2440; x_wconf 85' lang='lat' dir='ltr'>ex</span> <span class='ocrx_word' id='word_1_341' title='bbox 1313 2405 1469 2439; x_wconf 83' lang='lat' dir='ltr'>Bandini</span> <span class='ocrx_word' id='word_1_342' title='bbox 1494 2405 1651 2450; x_wconf 78' lang='lat' dir='ltr'>catalogo</span> <span class='ocrx_word' id='word_1_343' title='bbox 1676 2404 1742 2437; x_wconf 83' lang='lat' dir='ltr'>tris</span> <span class='ocrx_word' id='word_1_344' title='bbox 1768 2407 1892 2436; x_wconf 84' lang='lat' dir='ltr'>extare</span> <span class='ocrx_word' id='word_1_345' title='bbox 1917 2402 2021 2436; x_wconf 86' lang='lat' dir='ltr'>codi—</span> 
     </span>
    </p>
   </div>
  </div>
 </body>
</html>
