2185 2720
888 159 927 188 L.
957 159 1012 188 IL·
1046 160 1081 189 C.
1110 159 1134 188 1.
1180 157 1208 199 §.
1235 159 1337 189 5—6.
1901 155 2055 185 XXXIII

166 235 196 277 5.
215 238 261 276 98.
281 236 373 270 huic,
400 246 479 274 quae
494 245 554 273 pro
574 237 675 264 salute
695 245 764 264 mea
775 234 895 274 fecerit
913 226 1097 273 particulam
1117 240 1238 269 autem,
1267 244 1345 272 quae
1365 233 1403 261 ad
1422 242 1544 261 sensum
1564 230 1782 266 necv—-mriast,
1816 235 1887 269 post
1906 230 1978 259 Ιιιιίο
1998 230 2053 258 ad—

168 284 260 320 dens,
281 289 312 313 et
331 284 365 312 C.
385 283 492 311 XLII.
513 281 540 322 §.
564 293 625 312 101.
652 289 698 311 set
724 284 768 310 de
793 282 903 310 horum
923 293 997 319 erga
1017 293 1063 311 me
1083 282 1299 311 beneuolentia
1319 281 1474 315 scribens,
1504 279 1556 307 ubi
1578 279 1633 306 ἦν’
1666 280 1738 307 Rau.
1760 289 1829 307 cum
1849 278 1917 306 aliis
1937 278 2052 306 uitiose

166 337 213 360 set
231 332 343 360 horam
363 337 420 360 etc.
441 331 543 359 habet.
584 332 699 360 Contra
718 330 885 359 Bauarieus
907 331 940 359 C.
962 331 1002 359 V.
1022 328 1133 369 512,
1163 340 1252 368 quem
1273 330 1376 357 locum
1397 338 1491 366 supra
1511 327 1691 354 niumm-‚uz
1720 336 1833 354 nouem
1854 326 1937 354 solus
1958 326 2053 354 uerba

167 378 269 415 addit,
290 379 401 417 quibus
423 379 542 407 omissis
563 389 668 407 manca
688 389 814 417 prorsus
835 379 933 406 oratio
954 378 1003 414 fit,
1033 383 1064 406 et
1084 378 1118 406 C.
1139 377 1284 405 XXVII.
1304 375 1332 415 5.
1354 377 1398 414 67.
1427 385 1594 412 numquam
1674 375 1747 403 urbe
1767 377 1800 402 is
1821 374 1908 411 afuit
1934 373 2052 409 scribit,

166 427 222 456 ubi
242 427 357 465 reliqui
377 429 404 455 is
425 426 589 462 omittunt,
624 426 707 463 quod
728 436 797 454 cum
817 425 1022 464 praecedente
1043 436 1119 453 uoce
1147 425 1221 453 urbe
1249 425 1363 453 arctius
1391 423 1590 452 coniunctum
1620 422 1645 449 si
1671 423 1787 458 suerat,
1821 422 1864 450 ita
1891 427 1925 450 ut
1951 421 2053 449 urbeis

167 474 374 511 scriberetur,
395 474 463 503 fieri
484 474 539 502 uix
558 475 678 513 potuit,
706 475 781 513 quin
801 485 817 501 a
837 473 975 502 librariis
997 473 1162 502 deleretur.
1203 473 1314 511 Neque
1335 473 1417 500 enim
1444 472 1480 499 ab
1507 471 1680 508 interprete
1707 480 1879 507 pronomen
1906 469 1978 497 illut
1997 468 2052 496 ad-

167 521 267 551 ditum
288 533 353 551 esse
373 522 572 558 credibilcst,
602 533 693 560 quem
713 528 831 551 certum
856 521 962 560 potius
983 526 1047 558 est,
1073 521 1099 549 si
1127 521 1201 560 qnid
1223 521 1400 560 explicandi
1421 530 1524 549 caussa
1551 518 1724 547 addendum
1751 523 1904 556 putasset,
1938 526 2053 545 nomen

166 569 285 597 Planci
303 570 399 598 fuisse
419 570 656 608 adscripturum.

243 617 359 646 Contra
379 628 482 646 errare
505 628 555 646 eos
575 619 653 647 mihi
673 627 855 656 persuasum
876 621 936 652 est,
967 617 1019 655 qui
1041 617 1075 646 C.
1095 616 1240 645 XXVII.
1268 614 1295 655 5.
1317 615 1361 652 67.
1389 615 1422 642 111
1442 614 1585 643 Bauarici
1606 613 1775 652 scriptura,
1810 613 1862 652 qui
1882 612 1915 640 in
1934 612 2051 648 uerbis,

158 664 234 703 ficit
253 666 287 693 in
307 666 424 700 oculis.-
450 669 584 704 peliuit,
605 672 676 695 ante
691 668 810 704 petiuit
830 665 961 693 uerbum
981 665 1055 703 ficit
1074 665 1208 703 repetit,
1237 664 1340 702 aptius
1361 663 1489 700 aliquod
1509 663 1654 697 uerbum,
1683 662 1765 699 quod
1785 672 1802 689 a
1822 661 1959 690 librariis
1979 671 2051 689 eor-

166 717 292 750 ruptum
318 712 375 749 sit,
410 714 506 742 latere
534 715 732 742 arbitrantur.
771 714 843 741 Mea
868 713 1022 741 sententia
1046 713 1160 741 factum
1186 712 1239 740 hic
1267 717 1329 747 est,
1359 711 1443 749 quod
1469 720 1689 749 saepenumero
1711 710 1838 746 accidit,
1867 714 1901 738 ut
1920 709 2050 737 uerbum

167 759 371 789 describentis
391 761 587 800 neglegentia
607 762 654 790 bis
674 766 859 801 poneretur,
881 761 964 800 quod
983 761 1079 789 semel
1099 766 1165 789 erat
1182 760 1370 800 ponendum.

1066 873 1093 915 §.
1119 879 1146 907 6.

240 934 392 973 Perpauci
413 934 614 973 reperiuntur
634 934 712 971 loci,
733 934 766 963 in
787 934 898 972 quibus
918 934 1001 963 solus
1022 936 1047 963 Β
1069 941 1121 964 aut
1140 935 1167 963 E
1190 946 1259 964 cum
1286 934 1444 974 plerisque
1471 933 1606 961 familiae
1632 931 1743 960 tertiae
1773 929 1931 959 codicibus
1953 929 2049 959 uerba

166 982 312 1021 quaedam
333 983 464 1011 omittat.
503 982 550 1010 Ac
571 983 701 1011 sortasse
722 983 883 1021 pauciores
906 983 998 1012 etiam
1019 984 1070 1012 uel
1100 984 1180 1012 nulli
1202 994 1328 1022 prorsus
1350 987 1468 1017 essent,
1504 982 1529 1010 si
1552 991 1656 1009 omncs
1677 991 1716 1008 ex
1736 979 1884 1008 Bauarico
1906 983 2048 1006 enotatae

167 1036 198 1059 et
218 1031 380 1059 nobiscum
401 1030 632 1058 conmunicatae
653 1031 825 1069 scripturae
847 1036 957 1059 essent.
998 1032 1090 1060 Certe
1118 1031 1151 1059 in
1177 1032 1216 1059 iis
1243 1031 1320 1059 locis
1342 1029 1501 1065 omnibus,
1536 1029 1569 1057 in
1590 1029 1700 1067 quibus
1721 1028 1935 1056 Erfurtensem
1955 1025 2046 1054 uide-

164 1089 232 1107 mus
253 1089 322 1106 eum
342 1078 495 1117 plurumis
523 1079 657 1107 familiae
686 1079 796 1106 tertiae
824 1079 982 1107 codicibus
1003 1080 1133 1108 uerbum
1161 1078 1288 1117 aliquod
1313 1078 1473 1112 omittere,
1507 1077 1649 1106 Bauarici
1670 1087 1747 1115 quae
1764 1075 1805 1103 sit
1825 1075 1995 1113 scriptura,
2029 1082 2047 1101 a

165 1126 336 1156 Garatonio
357 1136 419 1153 non
440 1126 648 1155 admonemur.
687 1127 852 1155 Errauerit
871 1132 988 1163 antem,
1018 1127 1070 1164 qni
1093 1137 1132 1155 ex
1152 1126 1277 1154 silentio
1300 1125 1451 1153 Garatoni
1472 1125 1656 1153 Bauarieum
1684 1134 1750 1152 eum
1769 1123 1893 1160 uolgata
1913 1131 2045 1150 consen-

163 1175 225 1204 tire
245 1175 399 1213 scriptura
420 1175 619 1202 concluserit.
659 1174 817 1202 Certumst
836 1175 936 1210 enim,
957 1176 1066 1204 multas
1087 1175 1125 1206 Bi
1146 1175 1329 1213 scripturas,
1361 1182 1437 1210 quae
1460 1173 1629 1201 Garatonio
1650 1173 1747 1210 primo
1769 1176 1895 1208 aspectu
1914 1179 2043 1208 prorsus

163 1222 296 1250 uitiosae
317 1227 419 1250 essent
439 1223 541 1258 uisae,
574 1233 637 1250 non
663 1232 727 1250 esse
747 1222 784 1249 ab
806 1232 842 1249 eo
864 1228 1116 1251 conmemoratas.
1157 1222 1264 1260 Itaque
1295 1221 1438 1259 equidem
1464 1221 1497 1248 in
1527 1231 1561 1248 ea
1586 1220 1689 1259 potius
1714 1218 1869 1246 sententia
1895 1228 1977 1253 sum,
2010 1221 2045 1245 ut

163 1269 348 1298 Bauaricum
369 1270 395 1298 si
415 1280 478 1298 non
500 1270 532 1298 in
553 1270 712 1305 omnibus,
748 1274 831 1297 certe
859 1269 893 1297 in
913 1270 1072 1309 plerisque
1092 1271 1188 1307 locis,
1220 1269 1275 1298 ubi
1304 1279 1387 1297 nunc
1407 1261 1623 1297 Erfurtensem
1652 1271 1768 1295 mutum
1795 1276 1864 1294 cum
1889 1264 2043 1304 plurumis

163 1316 234 1345 fam.
261 1317 373 1345 tertiae
401 1318 560 1346 codicibus
589 1317 707 1356 aliquid
726 1317 870 1346 omittere
898 1318 1059 1355 docemur,
1091 1319 1174 1347 idem
1201 1328 1266 1346 non
1292 1317 1479 1355 adgnoscere
1506 1316 1637 1344 uerbum
1656 1314 1786 1343 credam.
1826 1313 1990 1342 Eiusmodi
2009 1311 2044 1340 hi

162 1369 226 1393 tres
245 1364 308 1392 loci
328 1369 416 1392 sunt:

238 1412 272 1441 C.
292 1412 420 1440 XXIII.
440 1411 468 1451 §.
489 1414 534 1448 57.
574 1413 657 1442 nihil
681 1419 726 1442 est
751 1419 855 1442 autem>
880 1420 945 1442 tam
965 1415 1107 1449 uoluere,
1134 1423 1227 1453 quam
1253 1413 1472 1447 maledictum;
1504 1411 1586 1440 nihil
1601 1410 1738 1449 facilius
1764 1411 1933 1446 emittitur,
1961 1406 2046 1437 nihil

162 1461 256 1489 citius
276 1462 447 1497 excipilur,
467 1464 509 1494 [η
521 1460 623 1494 ι’]ιίί]
643 1461 739 1488 latius
759 1461 940 1498 dissipatur.

236 1507 366 1535 Ibidem.
406 1513 451 1535 set
470 1509 498 1534 si
518 1508 596 1545 quid
613 1509 679 1534 sine
699 1509 800 1544 capite
821 1509 980 1545 manabit,
1001 1515 1057 1537 aut
1077 1512 1113 1544 [s
1123 1510 1157 1544 i]
1177 1509 1256 1547 quid
1273 1510 1333 1536 erit
1353 1506 1520 1540 eiusmodi,
1541 1512 1576 1534 ut
1597 1516 1657 1533 ιιοη
1677 1510 1755 1533 extet
1774 1510 1892 1533 auctor.

238 1554 272 1582 C.
293 1554 423 1582 XXIV.
443 1552 470 1592 5.
492 1556 536 1591 59.
576 1565 655 1592 quae
674 1557 800 1592 scripsit
815 1559 930 1594 granis
949 1559 1069 1592 [ille]
1089 1563 1118 1585 et
1137 1559 1316 1595 ingeniosas
1329 1561 1434 1593 poeta.

237 1617 274 1645 In
295 1617 438 1645 omnibus
459 1616 507 1644 his
526 1617 604 1644 locis
624 1618 818 1646 Erfurtensis
839 1629 908 1647 cum
927 1620 1086 1659 plerisque
1112 1621 1181 1648 sam.
1202 1620 1312 1648 tertiae
1334 1618 1494 1646 codicibus
1516 1627 1550 1645 ea
1569 1615 1676 1649 uerba,
1712 1623 1787 1652 quae
1806 1613 1895 1642 uncis
1915 1613 2040 1649 inclusi,

161 1663 296 1701 omittit3
315 1664 457 1693 Baliarici
479 1674 554 1701 quae
574 1665 615 1693 sit
634 1666 803 1704 scriptura,
823 1666 1007 1704 ignoramus.
1047 1668 1094 1696 Ac
1114 1668 1249 1706 primum
1271 1667 1394 1706 quidem
1414 1665 1569 1693 neminem
1590 1664 1654 1690 fore
1673 1666 1766 1699 puto7
1787 1662 1840 1700 qui
1859 1672 1923 1690 non
1943 1661 2040 1689 intel-

159 1713 257 1751 legat,
277 1712 375 1740 multo
394 1712 518 1740 facilius
538 1713 593 1740 illa
613 1713 649 1740 ab
670 1713 843 1755 interprete
863 1714 950 1750 addi,
972 1727 1078 1754 quam,
1099 1716 1124 1743 si
1144 1716 1277 1744 fuissent
1296 1715 1329 1743 in
1351 1713 1457 1742 codice
1477 1712 1617 1752 principe
1636 1709 1818 1748 perscripta,
1839 1720 1855 1737 a
1873 1714 1922 1738 tot
1939 1709 2038 1737 libra-

159 1760 216 1804 riis
237 1760 340 1789 omitti
360 1759 507 1798 potuisse.
539 1760 664 1789 Deinde
685 1772 771 1797 uero,
792 1762 868 1790 licet
888 1774 965 1801 quae
985 1764 1018 1792 in
1038 1764 1140 1802 primo
1162 1774 1195 1791 ac
1216 1762 1351 1791 secundo
1372 1762 1442 1789 Ioco
1464 1761 1647 1788 omittuntur
1667 1758 1771 1793 uerba,
1791 1757 1891 1795 primo
1913 1761 2038 1795 aspectu

159 1818 224 1836 non
242 1807 408 1836 uideantur
429 1808 532 1835 abesse
554 1818 658 1846 posse,
679 1819 756 1847 quae
777 1809 842 1847 ipsa
862 1811 997 1849 putanda
1018 1817 1151 1840 caussast
1170 1811 1284 1845 fuisse,
1305 1810 1343 1838 ob
1366 1819 1455 1847 quam
1475 1809 1506 1836 ab
1528 1805 1699 1842 interprete
1720 1805 1916 1838 adderentur,
1935 1809 2037 1831 tamen

160 1855 334 1884 necessario
363 1855 476 1884 debere
505 1857 622 1894 expelli
650 1862 793 1895 apparet,
828 1857 870 1893 si,
904 1859 936 1886 id
957 1860 1039 1897 quod
1065 1870 1212 1899 perquam
1233 1857 1452 1887 uerosimilest,
1487 1852 1519 1880 l'n
1539 1852 1640 1890 primo
1661 1853 1731 1880 loco
1752 1852 1835 1880 nihil
1852 1856 1922 1879 ante
1943 1853 2037 1879 eitius

159 1903 312 1942 positum,
332 1908 364 1931 et
382 1904 415 1932 in
437 1904 572 1932 secundo
594 1905 672 1942 qnid
688 1915 862 1942 pronomen
881 1912 952 1934 ante
974 1909 1033 1936 erit
1052 1918 1134 1936 nunc
1157 1908 1366 1941 conlocatum,
1392 1905 1423 1933 alt
1444 1900 1617 1938 interprete
1637 1900 1754 1928 adiecta
1775 1909 1840 1927 6588
1860 1903 2035 1927 Statuamus·

161 1950 232 1987 Quo
253 1951 334 1979 facto
354 1951 388 1979 in
408 1952 509 1990 primo
531 1952 601 1980 loeo
623 1951 722 1980 oratio
743 1958 869 1990 optume
890 1954 932 1982 ita
959 1957 1117 1993 procedit:
1152 1955 1234 1983 nillil
1251 1954 1385 1992 saciliw
1411 1950 1582 1983 emillilllr‚
1615 1950 1708 1976 Citius
1734 1949 1906 1984 excipitur,
1939 1947 2036 1974 latia-⁵*

159 1999 347 2036 dissipatur,
367 1998 401 2026 in
420 2000 517 2028 altero
539 2000 596 2027 ita:
623 2007 668 2027 set
688 2002 716 2028 si
735 2001 814 2037 quid
829 2003 896 2029 sine
916 2005 1018 2039 capite
1037 2003 1194 2036 manabit,
1223 2008 1281 2030 aut
1301 2003 1356 2028 eric
1376 1996 1540 2028 eiusmodi,
1567 2001 1601 2022 ut
1621 2005 1683 2022 non
1703 2001 1783 2022 extet
1801 2000 1920 2022 auctor.
1961 1994 2035 2021 Sae-

158 2045 294 2083 pissume
313 2051 416 2074 autem
435 2047 612 2075 istiusmodi
632 2047 761 2075 uoculae
788 2048 824 2075 ab
845 2048 1070 2087 interpretibus
1096 2051 1248 2089 repetitae
1268 2050 1344 2077 suxit·
1385 2043 1435 2071 Sic
1456 2043 1489 2070 1⁷¹1
1510 2042 1566 2070 hac
1587 2042 1653 2081 ipsa
1673 2043 1814 2070 oratione
1834 2043 1868 2071 C·
1888 2040 2033 2069 XXVII·

157 2091 185 2132 §-
206 2093 252 2130 67·
273 2103 378 2121 Omnes
397 2094 463 2122 fere
483 2096 554 2124 fam.
574 2095 685 2123 tertiae
706 2095 828 2124 codices
847 2097 961 2125 uitiose
982 2098 1136 2126 scribunt:
1169 2104 1204 2125 at
1224 2095 1325 2125 ualuit
1344 2091 1554 2123 adsiduitate,
1580 2096 1619 2118 at
1646 2091 1751 2118 ualuit
1769 2089 1932 2118 seruandis
1951 2089 2034 2116 ami·-

157 2142 218 2173 cis,
247 2141 351 2168 ualuit
369 2140 567 2176 liberalitate,
588 2152 657 2170 cum
677 2149 712 2170 at
730 2143 884 2181 particula
903 2150 974 2183 post
995 2146 1187 2173 adsiduitate
1206 2142 1314 2183 posita,
1334 2138 1393 2167 nisi
1414 2138 1505 2166 etiam
1524 2143 1596 2176 post
1615 2139 1726 2166 amicis
1744 2141 1912 2175 repetatur,
1931 2135 2034 2173 repeti

157 2187 244 2215 nullo
264 2192 355 2226 pacto
376 2188 484 2225 possit.
523 2190 626 2228 Atque
647 2191 692 2218 ibi
713 2191 839 2229 quidem
858 2202 921 2220 non
943 2192 1125 2220 dubitarunt
1150 2191 1290 2230 plerique
1310 2186 1517 2214 recentiorum
1548 2185 1701 2213 editorum
1728 2184 1910 2222 particulam
1936 2184 2033 2220 illam,

155 2238 229 2273 post
248 2234 441 2263 adsiduitate
460 2236 606 2273 positam,
641 2238 761 2274 delere,
796 2249 835 2267 ex
854 2240 1040 2268 auctoritate
1066 2241 1140 2267 Bau.
1163 2244 1194 2267 et
1213 2238 1275 2266 Erf
1294 2233 1436 2262 codicum
1456 2232 1516 2261 hoc
1537 2243 1568 2260 se
1588 2233 1689 2261 facere
1709 2231 1867 2266 arbitrati,
1902 2230 1955 2268 qUi
1974 2241 2032 2269 ΡΓΟ

156 2287 192 2311 at
211 2282 318 2310 ualuit
335 2283 501 2310 seruandis
521 2285 662 2313 scribunt
681 2287 787 2314 ualuit
807 2286 1023 2317 adseruanclis.
1062 2287 1150 2323 Quae
1176 2285 1325 2319 scu-‘ptura
1354 2281 1414 2308 01⁵1
1439 2280 1600 2308 COHfil'mat
1620 2290 1727 2307 eorum
1747 2279 1946 2314 sententiam,
1979 2279 2033 2316 qui

156 2335 191 2357 at
210 2328 394 2368 particulam
415 2330 616 2359 omittendam
636 2338 762 2370 putant,
781 2337 900 2369 tamen,
920 2339 955 2362 ut
974 2333 1033 2362 hoe
1055 2335 1157 2363 obiter
1177 2329 1295 2364 didam,
1315 2329 1382 2356 Sine
1404 2329 1498 2357 dubio
1520 2339 1559 2356 CX
1580 2338 1616 2356 80
1638 2332 1748 2362 ortast,
1776 2326 1859 2364 (111οᾶ
1878 2333 1912 2354 αἱ
1931 2326 2033 2365 Parti-

156 2376 226 2405 cula
244 2386 339 2415 super
359 2379 464 2406 ualuit
484 2378 520 2406 ab
541 2378 714 2418 interprete
733 2381 835 2418 posita
861 2381 930 2410 fuit.
969 2382 1054 2418 Hine
1083 2382 1109 2411 is
1137 2377 1294 2412 librarius,
1331 2376 1384 2414 (1111
1405 2376 1560 2411 codicem,
1597 2385 1636 2403 ex
1657 2384 1716 2412 quo
1737 2373 1807 2402 fam·
1827 2374 1937 2402 tertiae
1957 2373 2033 2402 libri

156 2424 219 2453 orti
238 2429 328 2461 sunt,
355 2425 511 2462 exal-anit,
542 2433 578 2455 at
598 2428 702 2456 ualuit
721 2427 862 2466 scripsit,
888 2428 943 2456 ille
962 2437 1081 2468 autem,
1095 2438 1113 2455 a
1133 2437 1193 2465 quo
1214 2424 1388 2462 exemplar,
1409 2434 1448 2452 ex
1468 2434 1528 2462 quo
1549 2423 1574 2450 B
1595 2427 1626 2450 et
1645 2422 1672 2449 E
1693 2422 1845 2460 originem
1865 2422 2031 2456 duxerunt,

155 2472 352 2512 scriptumst,
383 2483 489 2502 errore
510 2474 641 2514 quodam
662 2481 697 2504 at
716 2484 785 2503 cum
805 2481 954 2513 sequente
973 2477 1066 2507 uerbo
1086 2473 1253 2502 seruandi&
1273 2471 1453 2507 coniunxit,
1488 2469 1570 2499 unde
1589 2469 1705 2498 factum
1725 2469 1837 2498 deinde
1857 2470 2032 2498 adseruan-
