2185 2720
100 146 153 174 158
749 141 1315 171 COMMENTARIUS.

101 235 189 255 unus
214 223 262 254 ita
285 234 338 253 me
357 222 452 265 gessi
474 221 508 253 in
534 218 685 251 iudiciis.
728 217 825 250 Adde
853 228 915 259 pro
939 217 1034 248 Sulla
1058 216 1095 248 C.
1118 216 1182 247 IX·
1207 216 1237 257 ὃ.
1261 215 1312 247 28.
1344 216 1462 257 Quare
1482 229 1550 249 non
1573 230 1650 249 sum
1670 218 1823 256 nescius,
1854 223 1982 261 quanto

97 276 252 319 periculo
276 276 395 306 uiuam
419 276 454 305 in
480 279 578 305 tanta
600 271 826 304 multitudine
848 270 1087 313 inproborum,
1123 281 1201 300 cum
1222 270 1326 302 mihi
1357 270 1435 302 uni
1466 282 1545 302 cum
1567 271 1721 302 omnibus
1748 271 1901 315 inprobis
1923 264 1983 303 [1εέ-

102 335 239 361 ternum
262 329 400 360 uideam
422 328 548 359 bellum
571 337 641 357 esse
663 330 870 368 susceptum.
914 322 1040 354 Ibidem
1066 322 1103 354 C.
1119 322 1166 352 X.
1191 322 1221 363 ς.
1248 332 1298 364 29.
1325 323 1418 366 quod
1438 323 1591 354 omnium
1613 329 1740 354 mentes
1763 323 1984 366 inproborum

101 383 188 415 mihi
211 382 272 414 uni
292 392 452 412 maxume
473 384 554 411 sunt
577 377 744 421 infensae.
766 388 827 419 pro
851 375 950 407 domo
975 375 1013 406 C.
1034 374 1206 406 XXVIII.
1233 375 1262 416 §.
1287 375 1338 417 75.
1362 376 1516 407 decreuit
1538 381 1690 414 senatus,
1714 381 1753 407 ut
1777 386 1902 414 omnes,
1925 376 1985 419 qui

103 448 173 468 rem
194 448 229 478 p.
252 434 388 466 saluam
411 433 557 470 uellent,
580 431 627 463 ad
648 442 707 462 me
729 441 863 461 unum
885 427 1138 471 defendendum
1160 428 1328 461 uenirent.
1373 428 1501 460 Ibidem
1526 429 1563 460 C.
1580 428 1738 460 XXXV.
1762 428 1792 468 ξ.
1809 427 1861 469 94.
1878 439 1987 470 prae-

102 489 219 521 sertim
244 499 320 518 cum
350 487 455 518 milzi
477 485 554 517 uni
575 501 617 508 —
646 483 762 514 iurato
785 482 904 513 'dicere
918 480 984 523 fas
1000 480 1146 524 fuisset.
1177 492 1240 523 pro
1265 481 1371 512 Sestio
1404 482 1443 513 C.
1466 483 1546 515 VII.
1572 481 1601 523 §.
1630 482 1677 513 15.
1709 482 1862 512 intentus
1883 490 1986 511 arcus

103 543 139 574 in
164 553 216 572 me
240 552 356 572 unum.
403 538 532 570 Eodem
560 535 703 576 denique
727 534 825 564 modo
848 545 1036 576 pronomen
1060 533 1133 576 ipse
1157 533 1416 574 pronominibus
1437 534 1668 579 personalibus
1690 532 1854 577 praeponi
1880 531 1986 569 debet,

103 594 130 625 si
152 593 245 624 notio
268 590 478 634 pronominis
502 595 574 632 ipse
596 586 784 630 primariast
805 597 1032 628 maxumeque
1058 586 1222 627 urgenda,
1252 598 1441 629 pronomen
1464 594 1573 619 autem
1597 587 1772 630 personale
1796 582 1986 628 explicandi

102 645 331 678 tautummodo
354 642 564 686 pronominis
588 642 660 684 ipse
683 651 794 671 caussa
816 639 964 671 adicitur.
1010 639 1179 681 Exempla
1201 650 1273 670 rem
1295 641 1505 682 patefacient.
1549 641 1636 673 Plin.
1656 641 1715 672 ΙΙΙ.
1740 640 1845 683 Epist.
1860 638 1891 670 4.
1914 638 1988 670 Fa-

104 706 214 737 ctum,
237 697 363 740 inquit,
387 702 526 728 senatus
549 695 761 732 consultum,
791 698 830 725 ut
853 693 957 724 darer
974 692 1254 735 prouincialibus
1274 699 1463 737 patronus,
1486 694 1524 732 {si
1545 694 1593 727 ab
1617 695 1712 738 ipso
1734 705 1793 726 me
1814 693 1989 735 inpetras—

104 759 191 785 sent.
237 752 314 792 Quo
338 750 411 780 loco
434 749 475 781 ab
502 750 575 791 ipso
596 759 649 779 me
673 746 797 777 dietum
818 745 882 776 hoc
906 756 1022 776 sensu:
1046 743 1074 774 si
1096 744 1136 774 ab
1159 756 1198 776 eo
1222 745 1313 787 ipso,
1345 757 1446 788 quem
1472 754 1631 789 cuperent
1653 753 1850 789 patronum,
1881 743 1916 775 id
1940 747 1988 774 est

104 817 123 837 a
144 817 199 837 nie
222 806 451 846 inpetrassent.
498 801 615 833 Cicero
640 800 676 831 111
699 799 765 830 Pis.
790 798 829 830 C.
853 797 937 829 XX.
963 797 993 838 ς.
1017 796 1070 828 48.
1097 797 1136 828 Si
1149 796 1334 840 familiam
1357 805 1454 831 tuam
1476 800 1676 838 dimisisses,
1699 800 1790 842 quod
1810 799 1859 830 ad
1878 797 1988 830 nemi-

105 871 181 890 nem
204 858 274 889 nisi
302 856 355 887 acl
383 856 521 898 ipsum
551 860 588 886 te
609 853 821 898 pertineret,
857 850 963 881 amici
993 855 1025 881 te
1048 849 1102 881 tui
1132 851 1438 894 constringendum
1461 858 1639 895 putarent.
1683 853 1750 884 Hic
1781 861 1916 893 quoque
1941 849 1991 882 acl

106 911 219 954 ipsum
243 916 274 940 te
297 908 381 938 dixit
402 907 518 938 Cicero
542 905 746 948 significans:
771 902 858 945 quod
881 901 920 932 ad
940 901 1112 932 neminem
1134 902 1200 933 nisi
1222 903 1260 933 ad
1284 914 1362 934 eum
1383 904 1506 946 ipsum,
1531 905 1589 947 qui
1614 905 1777 936 familiam
1802 902 1988 940 dimisisset,

105 962 138 993 id
164 968 211 993 est
234 961 273 992 ad
303 967 333 992 te
355 960 549 1002 pertineret.
593 958 696 989 Plane
719 956 836 988 eodem
865 965 963 986 sensu
986 953 1111 984 dictum
1133 954 1248 998 ipsum
1275 961 1308 987 te
1330 955 1366 986 iu
1390 963 1470 988 orat.
1493 969 1556 999 pro
1580 958 1654 1000 Lig.
1685 958 1722 989 C.
1746 957 1843 990 VIII.
1877 956 1908 997 §.
1935 955 1987 987 23.

106 1016 145 1047 Si
171 1014 384 1057 responderit
410 1012 543 1044 Tubero
565 1010 746 1054 Africam,
771 1021 836 1052 quo
860 1013 1000 1040 senatus
1022 1019 1100 1039 eum
1122 1019 1262 1051 sorsque
1283 1008 1446 1048 miserat,
1470 1010 1533 1041 tibi
1549 1016 1687 1053 patrem
1710 1023 1811 1042 suum
1834 1009 1989 1041 traditu-

107 1079 184 1099 rum
199 1065 336 1108 fuisse.-
362 1077 429 1096 non
453 1064 613 1096 dubitabo
636 1068 741 1107 aput
768 1062 909 1105 ipsam
932 1065 994 1099 te,
1027 1060 1126 1092 cuius
1149 1060 1188 1091 id
1208 1073 1286 1092 eum
1299 1059 1422 1104 facere
1444 1061 1627 1105 interficit,
1647 1063 1883 1106 grauis-sumis
1906 1073 1988 1093 uer-

107 1120 157 1152 bis
180 1120 253 1151 eius
279 1118 460 1150 consilium
486 1117 741 1161 reprehendere.
784 1114 862 1145 Hoc
885 1112 976 1144 enim
998 1113 1076 1144 dicit
1102 1113 1237 1145 Cicero:
1267 1118 1349 1155 aput
1376 1124 1455 1144 eum
1483 1113 1612 1156 ipsum,
1645 1116 1738 1147 cuius
1760 1133 1801 1140 —-
1823 1113 1987 1152 interfuit,

106 1172 139 1203 id
164 1178 210 1202 est
233 1177 312 1213 aput
335 1177 366 1201 te
389 1177 468 1201 etc..
513 1171 635 1211 Neque
664 1168 730 1199 alia
757 1167 872 1199 ratiost
899 1166 983 1205 loci,
1026 1177 1127 1208 quem
1155 1176 1199 1196 ex
1229 1176 1277 1196 or.
1301 1176 1363 1207 pro
1385 1165 1497 1197 Deiot.
1529 1167 1567 1198 C.
1590 1168 1649 1199 III.
1678 1168 1708 1209 ξ.
1732 1168 1762 1200 8.
1787 1167 1988 1199 Garatonius

106 1223 234 1255 adtulit.
280 1223 412 1265 Quibus
441 1235 483 1254 ex
515 1223 597 1254 locis
625 1227 733 1265 patet,
769 1225 883 1250 nostro
914 1219 990 1250 loco
1021 1220 1062 1251 de
1091 1219 1166 1262 ipso
1197 1231 1249 1250 me
1278 1218 1402 1249 dixisse
1426 1219 1623 1251 Ciceronem
1647 1221 1711 1252 hoc
1734 1232 1850 1252 sensu:
1883 1219 1924 1251 de
1949 1231 1989 1251 eo

107 1277 200 1319 ipso,
238 1276 293 1318 qui
317 1287 537 1318 responsurus
561 1281 623 1313 est,
655 1274 688 1305 id
706 1279 751 1304 est
775 1272 814 1303 de
836 1283 891 1303 me
916 1278 994 1303 etc..
1040 1271 1164 1303 Contra
1189 1270 1217 1302 si
1239 1272 1280 1304 de
1301 1284 1354 1304 me
1376 1272 1450 1315 ipso
1475 1272 1627 1312 dixisset,
1662 1273 1893 1316 significasset,
1926 1284 1991 1304 ex-

107 1330 290 1373 pectauissc
317 1340 350 1359 se
374 1329 456 1367 fore,
481 1334 514 1359 ut
540 1327 671 1359 Cassius
695 1326 733 1357 de
756 1326 829 1357 aliis
852 1325 1045 1357 hominibus
1067 1325 1200 1362 diceret,
1223 1336 1342 1356 uerum
1366 1323 1407 1355 de
1430 1335 1464 1355 se
1488 1336 1549 1356 nec
1568 1325 1607 1356 de
1629 1326 1703 1357 aliis
1725 1326 1858 1359 dixisse.
1889 1326 1990 1370 Quod

109 1382 390 1426 quemadmodum
415 1393 485 1412 non
508 1379 712 1422 expectauit,
737 1379 781 1410 ita
806 1379 905 1410 etiam
933 1383 1123 1420 expectasse
1145 1388 1180 1408 se
1200 1377 1385 1420 significare
1407 1389 1477 1409 non
1499 1379 1621 1421 potuit.

193 1446 236 1478 In
259 1458 312 1476 me
335 1442 625 1488 reprehendendo)
671 1442 761 1484 Quia
782 1442 957 1474 Plancium
983 1439 1208 1473 defenderem.
1252 1441 1467 1473 BIANUTIUS.

194 1508 278 1541 Non
303 1506 450 1551 ingrati)
495 1507 607 1539 Meam
634 1506 725 1537 enim
749 1517 825 1548 erga
847 1505 932 1536 bene
955 1504 994 1535 de
1016 1515 1071 1535 me
1093 1504 1229 1535 meritos
1250 1504 1408 1547 pietatem
1430 1503 1615 1535 ostendunt.
1659 1504 1874 1536 BIANUTlUS.

196 1572 226 1613 §.
251 1572 301 1613 59.
347 1571 418 1610 Qui
445 1576 530 1602 esset
550 1568 699 1613 familia
729 1566 917 1610 consulari)
961 1567 1038 1598 Hoc
1067 1566 1270 1609 significabat
1293 1567 1445 1607 Cassius,
1486 1567 1671 1600 faciliorem
1703 1568 1774 1599 sine
1797 1566 1897 1598 dubio
1921 1577 1991 1598 esse

110 1625 202 1656 uiam
225 1624 263 1654 ad
287 1624 430 1654 honores
455 1622 512 1661 iis,
537 1622 594 1663 qui
618 1621 746 1653 familia
769 1627 876 1652 essent
898 1619 1083 1658 consulari,
1116 1631 1215 1661 quam
1239 1620 1388 1662 equitum
1413 1621 1647 1652 Romanorum
1676 1620 1772 1659 filiis3
1803 1619 1892 1661 quod
1913 1631 1990 1650 cum

110 1678 147 1708 in
169 1678 350 1709 Laterense
372 1681 486 1706 contra
510 1675 692 1715 cecidisset,
716 1673 800 1706 coici
822 1673 940 1711 licere,
971 1673 1110 1715 gratuita
1133 1673 1266 1704 comitia
1288 1684 1356 1703 non
1379 1673 1492 1704 fuisse.
1526 1674 1741 1705 MANUTIUS.

202 1741 331 1773 Tamen
359 1738 526 1770 bonorum
554 1739 673 1770 aditus
697 1735 902 1780 numquam)
946 1736 1015 1768 Cur
1048 1736 1103 1768 illi
1132 1747 1321 1779 pronomen
1350 1735 1522 1776 eiecerim,
1568 1736 1760 1779 expositum
1793 1734 1828 1765 in
1857 1734 1989 1777 Proleg.

109 1796 153 1827 L.
175 1794 219 1825 ΙΙ.
245 1793 281 1825 C.
304 1792 329 1823 Ι.
354 1791 385 1832 §.
412 1802 459 1822 11.
483 1802 517 1834 p.
541 1791 671 1823 XLVI.
696 1796 754 1821 est.

199 1848 418 1898 Quamquam
440 1855 487 1886 ad
503 1860 691 1898 praecepta
712 1859 808 1886 aetas
831 1864 898 1884 non
921 1857 972 1884 est
991 1852 1132 1896 grauis)
1179 1851 1328 1884 Uerbum
1351 1851 1478 1894 grauis
1506 1863 1603 1882 sensu
1630 1849 1826 1893 praegnanti
1853 1849 1989 1889 dictum,

112 1916 226 1952 estque
249 1914 335 1939 aetas
357 1907 397 1938 ad
418 1913 592 1950 praecepta
614 1918 683 1938 non
707 1906 834 1948 grauis,
859 1917 944 1948 quae
966 1912 1154 1948 propterea,
1179 1905 1267 1946 quod
1290 1904 1421 1935 infirma
1443 1904 1550 1935 adhuc
1577 1910 1623 1935 est
1646 1903 1786 1934 necdum
1807 1902 1927 1941 adulta,
1951 1902 1990 1934 ad

112 1968 286 2008 praecepta
317 1960 468 1991 nondum
494 1966 569 2002 apta
591 1959 661 1989 siue
689 1959 847 1990 idoneast.
895 1959 996 2001 Quod
1016 1965 1104 2002 patet
1126 1958 1254 1989 maiore
1278 1969 1355 1988 cum
1378 1956 1473 1988 laude
1497 1957 1671 1989 Ciceronis
1692 1955 1740 1987 fili
1763 1955 1887 1986 dictum
1910 1967 1989 1995 esse,

114 2028 215 2059 quam
237 2014 264 2045 si
287 2019 371 2057 apta
393 2012 449 2043 uel
471 2013 612 2050 idonea,
637 2011 823 2043 cuiusmodi
843 2012 985 2043 uerbum
1013 2011 1193 2043 editoribus
1217 2009 1412 2051 quibusdam
1438 2010 1493 2042 hic
1515 2009 1707 2053 ponendum
1733 2008 1884 2048 uisumst‚
1909 2009 1992 2040 scri-

112 2075 209 2112 ptum
231 2073 322 2098 esset.
367 2066 470 2096 Recte
504 2070 613 2095 autem
643 2071 730 2095 aetas
761 2064 949 2107 appellatur
974 2066 1110 2110 grauis‘.
1155 2064 1209 2095 Sic
1233 2063 1301 2094 Cic.
1327 2063 1397 2094 Cat.
1425 2063 1475 2094 M.
1501 2064 1539 2095 C.
1563 2064 1610 2095 X.
1643 2063 1672 2103 ς.
1696 2061 1767 2101 53.,
1802 2061 1895 2093 cuius
1924 2061 1990 2093 loci

114 2123 180 2153 iam
202 2119 367 2152 Graeuius
391 2117 597 2149 mentionem
623 2116 718 2149 fecit:
756 2123 796 2149 ut
819 2123 852 2149 et
874 2117 1066 2161 infirmitas
1094 2128 1281 2159 puerorum
1311 2121 1344 2147 et
1364 2115 1538 2159 ferocitas
1561 2117 1742 2154 iuuenum,
1775 2120 1808 2146 et
1827 2115 1991 2157 grauitas

116 2175 187 2206 iam
217 2171 406 2205 constantis
433 2171 560 2202 aetatis
590 2176 621 2202 et
650 2170 834 2202 senectutis
862 2172 1049 2203 maturitas
1079 2169 1241 2202 naturale
1271 2169 1436 2212 quiddam
1461 2168 1602 2207 habeat,
1635 2169 1726 2212 quod
1754 2179 1814 2200 suo
1843 2173 1991 2210 tempore

110 2226 247 2270 percipi
270 2224 397 2256 debeat.
440 2223 555 2264 Itaque
576 2223 737 2254 sententia
758 2223 842 2261 loci,
870 2224 958 2265 quod
980 2223 1063 2255 Baki
1086 2233 1196 2254 caussa
1218 2233 1351 2261 moneo,
1375 2221 1456 2252 haec
1478 2227 1542 2253 estz
1565 2221 1657 2262 Quin
1684 2221 1782 2252 etiam
1807 2220 1876 2251 filio
1901 2231 1989 2259 meo,

118 2289 318 2320 quamquam
351 2275 390 2307 ad
415 2286 487 2305 eam
516 2281 654 2306 aetatem
684 2275 834 2306 nondum
863 2276 1034 2319 peruenit,
1073 2282 1109 2307 ut
1140 2274 1248 2305 imbui
1277 2273 1461 2316 praeceptis
1491 2274 1611 2316 possit,
1652 2274 1717 2305 hoc
1745 2279 1855 2304 tamen
1882 2283 1990 2303 unum

116 2336 331 2373 praeceptum
360 2329 426 2359 iam
458 2338 548 2358 nunc
576 2327 652 2358 dare
682 2328 792 2360 soleo:
832 2330 1055 2372 uigilandum
1081 2334 1130 2360 est
1153 2339 1283 2371 semper
1306 2333 1382 2358 etc..
1428 2327 1585 2359 Ceterum
1614 2338 1731 2358 ueram
1754 2326 1853 2363 hanc,
1890 2335 1991 2366 quam

117 2383 349 2424 interpretatus
371 2392 455 2419 sum,
478 2380 674 2422 scripturam
697 2392 776 2419 esse,
803 2381 899 2412 docui
922 2381 1052 2423 Proleg.
1076 2382 1116 2412 L.
1135 2380 1160 2411 I.
1187 2381 1224 2412 C.
1249 2380 1308 2411 III.
1333 2380 1438 2422 §.13.
1463 2391 1497 2422 p.
1520 2379 1664 2411 XXVII
1686 2390 1745 2420 sq.‚
1769 2377 1827 2408 ubi
1847 2377 1990 2420 integras

118 2435 217 2467 etiam
240 2434 402 2465 editorum
426 2432 465 2464 ad
489 2433 523 2464 h.
548 2433 662 2464 locum
686 2433 912 2465 adnotationes
933 2433 1112 2477 descriptas
1134 2434 1247 2465 uidere
1272 2434 1359 2465 licet.
