2185 2720
838 172 942 202 CAP.
980 170 1088 200 XLII.
1120 168 1148 210 §.
1177 172 1356 204 101.—-104.
1981 175 2035 206 2⁷45

163 250 396 284 monendos
433 248 614 282 iudices.
659 246 981 281 Procliuiorem
1017 245 1123 277 facit
1160 245 1408 290 inpetrandi
1445 246 1722 289 facilitatem,
1769 249 2035 281 constituens

162 305 210 336 in
239 314 385 334 eorum
414 301 722 335 misericordia
750 300 1078 332 firmamentum
1112 299 1266 331 salutis
1298 299 1369 330 Cn.
1401 299 1585 340 Plancii,
1626 312 1700 344 per
1731 313 1832 344 quos
1863 302 1954 344 ipse
1983 302 2037 333 sit

162 355 353 389 reditum
376 361 646 387 consecutus.
690 355 752 386 Ita
775 354 1001 396 eleganter
1027 359 1068 384 et
1088 364 1166 396 pro
1189 364 1231 384 se
1255 351 1420 395 gratias
1443 352 1537 395 agit,
1562 359 1599 385 et
1622 354 1724 385 huic
1745 366 1867 398 pares
1890 355 2038 386 huma-

160 409 275 441 nitat
285 408 319 440 is
343 420 390 440 eu
400 420 418 439 e
428 415 522 440 ntus
546 407 565 438 d
577 418 625 450 ep
635 419 653 438 r
663 413 819 438 ocatur.
837 407 1000 438 ScnoLIA
1012 407 1272 439 AMBROfflANA.
1298 405 1371 436 Cfr.
1382 405 1480 437 etiam
1499 418 1583 449 quae
1603 407 1644 438 ad
1659 408 1696 439 C.
1708 409 1734 439 I.
1749 409 1778 450 ς.
1790 419 1819 439 2.
1829 409 2036 441 monuimus.

245 462 331 495 IVon
356 462 469 494 dicam
491 472 644 492 meorum
667 461 703 493 in
726 461 828 493 bonos
850 461 1073 500 meritorum,
1110 465 1162 492 set
1183 459 1348 491 bonorum
1369 459 1406 491 ln
1429 458 1495 504 me)
1536 460 1683 493 Acutam
1711 461 1821 493 inesse
1849 461 2039 493 simulatio-

162 526 242 547 nem
264 513 447 546 modestiae
471 513 676 544 Garatonius
698 519 827 544 monet.

246 568 452 610 Mecumque
474 578 536 598 uos
557 566 665 598 simul
685 567 742 598 lzic
763 566 980 598 miserrimus
1004 571 1038 598 et
1060 566 1210 610 optimus
1233 565 1426 598 obtestatur
1452 565 1594 609 parens)
1638 567 1779 600 Ualde
1806 568 2038 610 copulatis

161 620 389 662 utrimque
417 619 616 661 personis
649 619 765 651 etin
794 625 918 662 patre
947 618 1014 650 sin
1028 631 1046 650 e
1069 618 1198 650 dubio
1221 619 1454 662 plurimum
1484 618 1716 652 constituit
1744 620 2039 653 miserationis

163 679 203 704 et
223 672 313 704 sibi
343 671 517 703 eandem
545 672 631 703 uim
654 671 975 704 sollicitudinis
1005 683 1027 702 u
1040 671 1276 712 indicauit,
1311 671 1431 714 quasi
1454 677 1637 714 uterque
1660 674 1731 705 Cn.
1756 673 1937 706 Plancio
1967 687 2041 719 pa-

163 731 231 757 ter
252 725 325 763 sit,
349 724 460 755 alter
481 729 654 764 natura,
678 724 798 756 alter
821 723 978 756 officio
1001 724 1232 766 gratiosus.
1278 726 1440 757 SCHOLIA
1463 725 1724 758 Ammosmm.

250 778 484 811 Miserrimum
500 782 533 809 et
550 776 724 821 optumus)
748 778 795 810 Ut
809 777 863 808 hic
877 783 968 808 recte
983 777 1146 809 adiectiua
1160 778 1387 810 miserrumus
1404 784 1435 809 et
1451 784 1611 821 optumus
1625 779 1788 822 particula
1803 780 1994 823 copulatiua
2008 787 2041 813 et

161 831 361 874 iunguntur,
384 830 431 861 ita
448 830 702 861 sincerissumus
718 830 820 861 etiam
836 830 894 861 ille
910 830 1002 861 locus
1018 842 1067 861 or.
1085 830 1255 862 Sestianae
1271 836 1330 870 est,
1357 830 1415 873 qui
1429 837 1520 862 extat
1535 831 1572 862 C.
1586 832 1646 863 III.
1667 833 1696 874 ἓ.
1716 845 1745 875 7.
1767 833 1884 865 Duxit
1899 846 2042 866 uxorem

159 890 264 928 patre
279 884 363 916 uiuo
379 884 513 927 optumi
527 889 560 915 et
575 883 892 922 calamitosissumi,
908 883 967 914 ubi
982 883 1158 915 Ernestius
1171 884 1298 925 aliique
1314 890 1346 915 et
1361 883 1396 915 in
1413 890 1450 916 at
1463 890 1579 916 contra
1595 885 1796 917 latinitatem
1810 892 2040 918 mutauerunt.

252 937 282 978 §.
302 936 373 968 105.
397 936 533 975 Nolite,
556 937 699 974 iudices,
715 947 782 980 per
797 948 868 975 uOS,
890 935 1141 979 perfortmzczs,
1158 949 1225 982 per
1241 936 1366 969 liberos
1381 936 1530 980 nostros)
1555 938 1686 969 Locum
1699 938 1802 979 hunc,
1824 938 1959 978 Nolite,
1984 940 2042 971 iu-

164 990 257 1022 dices
273 994 334 1020 etc.
347 989 493 1031 protulit
510 989 647 1021 Cortius
663 988 706 1019 ad
721 988 857 1020 Sallust.
872 988 943 1030 lug.
958 989 1065 1029 XIV,
1090 991 1153 1022 25..
1177 990 1236 1021 Set
1248 990 1370 1029 miror,
1395 989 1634 1032 elegantiarum
1649 991 1925 1034 inuestigatorem
1942 991 2042 1024 illum

166 1042 333 1074 eximium
347 1042 554 1085 suspicatum
568 1053 637 1073 non
651 1041 772 1079 fuisse,
800 1040 890 1083 quod
906 1040 1069 1083 perfacile
1084 1042 1119 1073 in
1136 1049 1286 1074 mentem
1306 1043 1421 1081 uenit,
1446 1049 1644 1086 corruptum
1662 1044 1752 1076 hunc
1773 1055 1843 1076 esse
1858 1044 1971 1077 locum
1989 1051 2044 1077 at-

166 1107 232 1137 que
250 1094 297 1126 ita
313 1094 514 1137 legendum:
544 1094 680 1133 Nolite,
704 1094 854 1133 iudices,
871 1105 957 1137 per,
980 1106 1062 1134 uos,
1076 1093 1265 1138 fortunas,
1286 1108 1349 1139 per
1363 1095 1486 1128 liberos
1504 1103 1658 1137 nostros,
1682 1098 1833 1130 inimicis
1860 1098 1944 1130 meis
1968 1104 2042 1139 etc„

163 1149 240 1180 uel:
257 1160 336 1192 per,
365 1160 439 1187 uos,
463 1148 600 1186 liberos,
621 1160 684 1191 per
689 1146 861 1191 fortunas
873 1152 1021 1180 nostras.
1065 1148 1240 1180 Habemus
1255 1148 1380 1179 etenim
1397 1149 1627 1181 iustissumam
1643 1149 1868 1181 existumandi
1882 1162 2042 1192 caussam,

166 1201 310 1233 alterum
326 1200 403 1231 illut
416 1213 491 1244 per,
516 1212 582 1242 quo
598 1199 729 1231 sublato
744 1199 929 1242 elegantior
946 1199 1060 1231 existit
1076 1200 1195 1241 oratio,
1219 1201 1391 1233 inuectum
1408 1212 1587 1245 perperam
1603 1202 1643 1233 ab
1659 1202 1814 1245 inperitis
1829 1202 1942 1244 fuisse,
1967 1217 2045 1237 cum

166 1253 315 1286 solerent
329 1253 415 1284 hanc
429 1254 537 1296 ipsam
550 1253 748 1292 formulam,
774 1264 873 1295 quam
891 1263 959 1283 non
974 1252 1223 1296 intellegebant,
1246 1255 1365 1287 tollere
1381 1255 1504 1298 passim
1527 1261 1628 1297 atque
1650 1266 1877 1298 corrumpere.
1922 1258 2045 1300 Neque

165 1306 279 1339 minus
289 1306 353 1338 hoc
367 1311 523 1348 tempore
537 1311 656 1337 testata
670 1312 770 1348 atque
785 1306 961 1338 inlustrata
976 1306 1151 1338 doctorum
1164 1307 1456 1340 obseruationibus
1472 1308 1596 1339 isthaec
1611 1307 1776 1350 elegantia
1789 1315 1845 1349 est,
1858 1321 1958 1352 quam
1975 1311 2044 1343 fre-

167 1360 303 1402 quentia
318 1359 354 1390 in
371 1370 407 1389 ea
423 1358 654 1390 submouenda
671 1360 825 1392 Msorum
839 1366 973 1402 peccata
988 1366 1149 1403 conperta
1164 1361 1241 1393 sint.
1286 1363 1398 1394 Locus
1418 1368 1531 1393 autem
1553 1361 1599 1393 sic
1620 1361 1815 1393 emendatus
1839 1362 2045 1396 simillumus

167 1413 263 1445 fieret
278 1420 352 1445 tum
368 1410 571 1443 sallustiano
586 1411 648 1450 illi,
674 1424 776 1454 quem
788 1413 954 1445 diximus:
978 1414 1105 1446 Patres
1119 1416 1317 1459 conscripti,
1333 1428 1411 1460 per,
1434 1428 1508 1454 uos,
1531 1415 1654 1447 liberos
1668 1420 1771 1458 atque
1780 1422 1957 1458 parentes,
1977 1430 2044 1460 per

165 1468 383 1499 maiestatem
394 1464 522 1507 populi
534 1465 709 1504 Romani,
732 1465 911 1498 subuenite
924 1467 1048 1499 misero
1065 1468 1171 1507 milti,-
1202 1474 1276 1499 tum
1291 1468 1437 1499 Liuiano
1453 1468 1547 1499 alteri
1565 1467 1794 1498 celeberrumo
1809 1468 1953 1508 XXIX,
1983 1469 2045 1510 18„

167 1519 226 1561 qui
251 1530 371 1550 manus
389 1518 473 1548 item
498 1516 725 1559 inperitorum
741 1530 810 1550 non
828 1519 1006 1562 effugerat:
1041 1520 1175 1560 Quibus
1187 1532 1272 1564 per,
1296 1534 1376 1560 uos,
1391 1520 1506 1564 fidem
1521 1526 1691 1558 nostram,
1707 1525 1830 1563 patres
1847 1523 2045 1566 conscripti,

161 1572 374 1615 priusquam
393 1582 512 1602 eorum
533 1571 643 1603 scelus
664 1572 822 1615 expietis,
849 1585 956 1617 neque
977 1573 1013 1604 in
1029 1573 1140 1605 Italia
1167 1586 1274 1618 neque
1296 1575 1331 1606 in
1345 1574 1474 1619 Africa
1489 1574 1672 1618 quicquam
1694 1574 1746 1605 rei
1762 1576 1960 1616 gesseritis,
1986 1576 2046 1606 ubi

168 1634 285 1655 omnes
299 1623 376 1655 libri
386 1622 580 1667 fidemque,
603 1636 690 1656 unus
704 1630 832 1656 tantum
849 1625 1014 1668 etficlem.
1044 1625 1131 1658 Uide
1146 1632 1257 1658 tamen
1274 1627 1321 1658 ibi
1338 1628 1442 1659 Drak.
1463 1633 1495 1657 et
1515 1626 1556 1657 ad
1573 1626 1694 1657 Silium
1707 1626 1733 1664 I,
1757 1626 1841 1666 658„
1867 1628 1925 1669 qui
1946 1629 2045 1660 etiam

166 1676 230 1707 Sili
244 1676 338 1707 locus
354 1682 387 1707 et
401 1676 554 1708 adfertur
569 1688 588 1708 a
598 1677 714 1708 Cortio
729 1683 762 1709 et
777 1678 819 1709 ad
829 1678 1102 1710 emendationem
1119 1679 1220 1711 huius
1237 1680 1345 1711 nostri
1361 1679 1577 1711 muniendam
1595 1690 1671 1710 cum
1685 1679 1816 1711 duobus
1830 1679 1949 1713 adlatis
1964 1688 2048 1714 esset

165 1728 388 1771 aptissumus;
413 1741 617 1772 quamquam
633 1731 794 1773 pluruma
808 1739 886 1764 sunt
903 1732 973 1763 eius
988 1732 1130 1775 generis,
1153 1743 1172 1763 a
1188 1733 1309 1774 quibus
1328 1733 1483 1764 omnibus
1499 1732 1581 1763 haee
1598 1732 1787 1764 emendatio
1803 1733 1912 1764 ferme
1926 1741 2047 1776 postu-

164 1781 267 1813 latur.
282 1781 544 1814 GARATONms.
589 1783 645 1814 Tu
662 1790 845 1826 praeterea,
863 1785 891 1816 si
906 1785 1011 1824 lubet,
1034 1784 1094 1815 csr.
1112 1786 1216 1827 Uerg.
1229 1785 1317 1817 Aen.
1333 1786 1379 1823 X,
1402 1786 1486 1828 569„
1511 1786 1666 1817 Gronou.
1682 1786 1724 1817 ad
1741 1786 1820 1818 Liu.
1835 1786 1973 1826 XXIX,
1997 1787 2046 1819 13.

165 1832 204 1864 in
221 1832 274 1863 ed.
289 1833 396 1864 Drak.
411 1834 452 1866 T.
471 1836 550 1868 VII.
564 1847 597 1878 p.
618 1836 698 1878 187„
725 1837 882 1869 Oudend.
899 1838 938 1869 ad
951 1838 1083 1880 Appul.
1100 1837 1162 1870 IV.
1180 1849 1214 1880 p.
1231 1839 1320 1877 505„
1346 1839 1530 1870 Ruhnken.
1551 1838 1590 1869 ad
1603 1839 1709 1870 Rutil.
1723 1840 1814 1882 Lup.
1833 1850 1867 1882 p.
1887 1850 1977 1882 209„
2004 1840 2046 1871 ad

168 1886 308 1917 Terent.
329 1885 440 1918 Andr.
457 1887 516 1926 ΙΙΙ,
543 1888 572 1926 5,
599 1890 639 1927 6.,
669 1890 822 1922 Huschk.
841 1890 882 1922 ad
899 1890 1028 1922 Tibull.
1046 1890 1071 1929 I,
1091 1891 1119 1929 5,
1143 1902 1189 1931 7..
1233 1892 1287 1923 De
1303 1892 1439 1923 Graecis
1460 1904 1492 1923 u.
1512 1903 1538 1922 c.
1557 1892 1741 1934 Sophocles
1759 1893 1883 1924 Trach.
1897 1893 1970 1925 456.
1996 1893 2047 1936 μή

167 1935 252 1982 πρός
270 1951 307 1971 σε
320 1940 383 1971 τοῦ
400 1939 470 1973 κατ’
485 1938 590 1983 ἄκρον
605 1944 748 1976 Οἰταῖον
762 1941 872 1980 νάπος
885 1942 961 1980 Διὸς
977 1941 1293 1987 καταστριίπτοντος
1309 1945 1470 1990 ἐκκλέψῃς
1484 1942 1596 1989 λόγον.
1643 1945 1714 1977 Cfr.
1730 1946 1843 1984 Pors.‚
1873 1945 2046 1986 Matthiae,

169 1998 202 2023 et
216 1991 398 2024 Elmsleius
422 1993 464 2024 ad
478 1994 598 2037 Eurip.
615 1996 773 2028 Medeam
800 1997 872 2029 518.
894 2010 920 2028 s.
937 1998 1026 2036 525„
1050 1998 1170 2029 Monk.
1190 1997 1232 2028 ad
1257 1998 1377 2041 Eurip.
1398 1999 1582 2042 Hippolyt.
1603 1998 1694 2037 605„
1718 1998 1982 2031 Wuestemann.
2005 2000 2047 2031 ad

168 2046 253 2078 Eur.
268 2045 394 2077 Alcest.
413 2058 447 2090 p.
463 2047 534 2080 56..
559 2050 763 2081 ORELLIUS.
807 2050 974 2092 Equidem
995 2061 1033 2081 eo
1051 2051 1163 2082 minus
1182 2051 1349 2094 egregiam
1365 2052 1529 2083 Garatoni
1552 2050 1793 2083 correctionem
1807 2051 1958 2094 recipere
1982 2053 2048 2084 du-

168 2096 286 2137 bitaui,
311 2109 378 2140 quo
394 2100 499 2142 magis
513 2101 666 2145 ineptum
683 2108 775 2145 patet
791 2114 871 2143 esse,
897 2102 986 2145 quod
1001 2104 1103 2146 uolgo
1118 2105 1288 2144 scribitur,
1306 2116 1373 2147 per
1390 2117 1462 2137 uos.
1503 2104 1646 2136 Uostros
1660 2110 1771 2135 autem
1784 2109 1900 2136 utrum
1914 2117 1932 2136 a
1948 2106 2047 2137 Cice-

168 2162 252 2184 rone
267 2162 308 2182 an
323 2151 363 2182 ab
377 2152 563 2196 interprete
580 2155 772 2197 profectum
789 2156 848 2194 sit,
875 2156 1023 2188 dubitari
1038 2163 1158 2200 potest.
1197 2157 1287 2190 Uide
1302 2157 1434 2199 Proleg.
1453 2157 1494 2188 L.
1512 2157 1555 2187 II.
1576 2157 1613 2188 C.
1629 2157 1654 2188 I.
1675 2157 1704 2198 §.
1724 2157 1772 2188 15.
1794 2168 1828 2199 p.
1846 2157 1895 2189 LI
1913 2170 1962 2200 sq.
1974 2181 1982 2189 .

254 2205 300 2237 Id
316 2218 338 2237 a
354 2205 451 2237 uobis
465 2207 719 2251 eipersoluere)
746 2209 929 2251 Eleganter
946 2221 963 2240 e
979 2221 1016 2240 re
1033 2210 1235 2253 pecuniaria,
1257 2210 1292 2241 in
1310 2221 1373 2252 qua
1388 2211 1521 2242 soluere
1534 2209 1576 2241 ab
1589 2210 1708 2253 aliquo
1724 2208 1854 2249 dicitur,
1881 2222 1958 2242 cum
1975 2223 2045 2243 non

166 2258 240 2302 ipse
253 2269 296 2289 ex
311 2269 387 2290 arca
398 2270 468 2299 sua,
491 2265 542 2291 set
560 2271 602 2291 ex
619 2260 757 2292 alterius
772 2261 874 2293 soluit
887 2273 948 2304 per
962 2262 1239 2302 adtributionem,
1263 2263 1344 2303 siue,
1358 2269 1393 2294 ut
1409 2275 1469 2294 nos
1484 2262 1584 2304 uolgo
1599 2262 1750 2303 dicimus,
1773 2273 1834 2306 per
1847 2263 2046 2306 assignatio—

168 2322 267 2352 nem3
292 2323 326 2343 u.
345 2311 439 2343 Clau.
456 2311 492 2343 in
508 2313 651 2346 soluere.
694 2314 901 2347 Persoluere
913 2315 960 2346 sic
976 2315 1076 2347 etiam
1094 2322 1141 2347 est
1157 2316 1265 2348 Flacc.
1283 2327 1333 2348 20.
1344 2338 1352 2346 .
1397 2316 1624 2347 ERNESTIUS.

257 2365 286 2407 §.
308 2365 380 2396 104.
405 2364 439 2398 C.
453 2365 579 2408 Flaue)
603 2366 658 2397 Sic
678 2377 721 2397 ex
736 2368 973 2400 emendatione
989 2369 1154 2400 Garatoni
1167 2380 1229 2412 pro
1246 2369 1382 2411 uolgato
1400 2368 1435 2401 C.
1447 2369 1558 2401 Flaui
1569 2369 1777 2412 scripsimus.
1821 2369 2043 2412 Argumenta,

170 2416 292 2460 quibus
310 2417 429 2449 ductus
451 2417 498 2449 ita
512 2418 568 2450 uir
583 2419 804 2452 doctissumus
827 2421 1039 2454 scribendum
1058 2422 1201 2465 putarit,
1228 2422 1334 2465 ipsius
1354 2421 1466 2454 uerbis
1483 2433 1559 2453 cum
1584 2422 1766 2455 lectoribus
1789 2422 2045 2455 communicaui-

169 2482 245 2502 mus
261 2469 394 2513 Proleg.
413 2472 455 2503 L.
472 2472 533 2503 ΙΙΙ.
555 2472 592 2504 C.
610 2474 652 2505 II.
671 2485 704 2516 p.
720 2474 826 2506 LXX
842 2485 914 2516 sqq.
925 2496 933 2505 .
