2185 2720
147 149 207 178 XC
817 139 1348 170 PROLEGOMENA.

149 221 287 251 curulem
307 229 338 247 sc
359 218 472 246 factum
491 216 531 245 iri
552 214 710 253 sperabat,
739 212 969 244 differebantur.
1008 215 1173 244 Praeterea
1192 213 1318 242 nolebat
1336 213 1424 252 prius
1450 214 1568 252 aliquid
1587 215 1625 244 ad
1643 217 1827 245 Ciceronem
1846 217 2023 245 litterarum

150 270 230 303 darc,
251 276 339 305 quam
359 266 459 304 ipsum
479 267 582 302 posset
601 261 765 290 certiorem
785 261 924 298 reddere,
944 267 1049 291 utrum
1070 263 1167 291 factus
1188 271 1226 288 an
1245 261 1433 298 praeteritus
1454 267 1540 290 esset.
1580 262 1687 301 Itaque
1712 265 1750 292 ad
1768 264 1922 293 Kalendas
1944 265 2024 292 Sex..

150 317 216 346 tilis
243 324 338 353 usque
366 315 597 350 expectauerat,
624 319 750 348 sperans
778 309 944 345 uidelicet,
971 310 1056 345 sore,
1084 314 1119 337 ut
1147 313 1217 336 ante
1246 307 1319 335 illut
1345 313 1465 347 tempus
1492 309 1618 338 comitia
1643 321 1698 338 sua
1715 310 1821 340 habita
1840 315 1950 338 essent.
1990 309 2026 338 Id

151 364 252 402 ipsum
273 371 340 389 cum
361 368 484 396 sperare
505 368 574 386 eum
593 367 656 385 non
683 356 822 396 potuisse
850 356 1066 394 intellegatur,
1100 355 1162 384 nisi
1190 354 1370 392 legitumum
1397 356 1595 385 comitiorum
1622 357 1835 386 aedificiorum
1854 363 1974 396 tempus
1994 357 2029 385 in

151 419 286 438 mensem
307 406 499 443 Quinctilem
519 404 697 438 incidisset,
724 413 781 441 pro
803 402 966 441 explorato
987 404 1047 431 iam
1067 403 1230 437 habemus,
1256 403 1449 431 sollemniter
1469 408 1609 432 extremo
1629 414 1734 432 mense
1754 405 1910 441 Quinc-tili
1931 405 2029 433 comi-

153 458 197 485 tia
216 454 367 483 aedilibus
395 453 555 481 curuJibus
583 450 722 480 creandis
742 449 846 478 habita
867 460 942 480 esse.
980 450 1063 479 Uide
1091 450 1183 478 etiam
1203 449 1295 478 Uarr.
1316 450 1353 479 de
1373 450 1411 478 R.
1431 450 1470 478 R.
1490 450 1555 487 111,
1574 460 1601 480 2.
1632 452 1770 480 comitiis
1789 453 1944 481 aediliciis
1962 462 2032 480 cum

153 504 236 531 sole
265 500 382 529 caldo
410 504 477 527 etc..

230 548 349 576 Uerum
377 547 550 574 accuratius
579 544 671 573 etiam
699 543 822 572 ostendi
841 549 962 583 potest,
992 544 1076 573 intra
1103 543 1185 582 quod
1209 548 1332 583 tempus
1359 544 1485 573 comitia
1508 543 1652 573 aedilicia
1678 544 1784 574 habita
1803 545 1874 574 sint.
1913 546 2033 574 Scimus

154 597 256 630 enim,
276 594 409 633 primum
430 594 555 621 comitia
573 591 708 621 tribunis
727 592 771 630 pl,
793 591 932 620 creandis
951 591 1057 620 habita
1077 600 1159 627 esse,
1180 600 1275 630 eaque
1295 592 1328 620 in
1348 603 1373 621 a.
1394 593 1423 621 d.
1443 591 1536 620 XVI.
1556 591 1710 621 Kalendas
1729 593 1856 622 Sextilis
1876 593 2033 622 incidisse.

156 644 231 673 Uid.
253 642 318 671 Cic.
339 641 376 669 ad
395 641 460 668 Att.
481 640 513 675 I,
536 650 576 668 1.:
604 641 672 669 IVos
692 645 796 667 autem
815 641 943 668 initium
958 639 1133 678 prensandi
1151 639 1264 677 facere
1292 642 1502 678 cogitaramus
1529 649 1562 666 eo
1590 640 1656 676 ipso
1683 646 1832 678 tempore,
1860 650 1919 678 quo
1945 646 2037 668 tuum

151 701 287 731 puerum
308 699 377 717 cum
404 687 452 714 his
479 688 593 715 litteris
614 687 775 724 proficisci
794 688 919 716 Cincius
945 686 1084 722 dicebat,
1121 688 1155 714 in
1175 696 1282 723 campo
1302 688 1436 715 comitiis
1461 686 1639 714 tribuniciis
1657 698 1688 715 a.
1708 687 1737 715 d.
1756 688 1850 717 XVI.
1870 688 1941 716 Kal.
1960 686 2037 715 Sex-

159 739 237 768 tilis.
274 737 373 764 Porro
394 738 459 762 tum
480 743 519 761 ex
537 733 696 772 principio
716 733 772 761 illo
793 733 925 762 actionis
944 734 1062 773 primae
1083 734 1117 762 in
1136 734 1284 770 Uerrem,
1315 738 1380 762 tum
1401 744 1440 762 ex
1459 734 1503 763 M.
1525 733 1611 762 Caeli
1631 733 1762 772 epistola
1781 734 1835 762 ina
1852 738 2037 773 conpertum

159 786 323 818 habemus,
344 781 470 810 comitia
488 780 662 809 consularia
680 780 915 819 praetoriaque,
945 792 1020 820 quae
1040 787 1111 820 post
1130 781 1298 810 tribunitia
1316 780 1525 817 habebantur,
1544 785 1615 809 ante
1635 781 1759 809 comitia
1778 782 1923 810 aedilium
1943 792 2038 810 curu-

159 832 236 862 lium
256 830 360 859 habita
380 838 454 857 esse.
494 828 611 857 Scribit
638 827 721 855 enim
742 827 852 856 Cicero
880 828 913 856 in
941 828 997 857 illo
1028 829 1160 858 actionis
1187 829 1304 868 primae
1324 828 1477 857 Uei-rinae
1505 828 1664 867 principio
1686 829 1720 857 C.
1740 829 1830 858 VIII.
1849 827 1877 869 §.
1896 830 1959 858 23.:
1987 830 2038 858 Ex

161 879 271 919 quibus
292 875 494 915 (djuisoribus
515 875 653 903 omnium
673 873 824 914 tribuum)
846 876 991 913 quidam,
1011 880 1066 915 qui
1084 888 1115 906 se
1134 879 1239 906 omnia
1258 888 1326 905 mea
1345 886 1457 905 caussa
1477 875 1584 904 debere
1602 876 1837 913 arbitrabatur,
1858 877 1964 905 eadem
1981 877 2040 906 illa

159 934 248 955 nocte
268 926 311 953 ad
329 935 375 952 me
395 924 500 957 uenit,·
521 923 720 956 demonstrat,
741 933 803 961 qua
823 925 882 951 iste
898 922 1041 963 (Uerres)
1063 926 1203 953 oratione
1219 934 1296 952 usus
1316 929 1410 952 esset:
1430 933 1669 951 conmemorasse
1687 924 1793 960 istum,
1812 933 1906 961 quam
1923 923 2038 953 libera-

162 975 233 1002 liter
252 982 302 1001 eos
322 975 487 999 tractasset
512 971 607 997 etiam
626 976 737 1007 antea,
767 981 836 999 cum
863 972 929 1009 ipse
950 978 1137 1009 praeturam
1158 972 1305 1009 petisset,
1336 976 1365 998 et
1385 972 1550 1008 proxumis
1576 969 1793 999 consularibus
1814 972 2042 1009 praetoriisque

163 1021 295 1048 comitiis
304 1029 314 1052 ,·
340 1017 452 1045 deinde
474 1018 619 1044 continuo
648 1028 710 1045 esse
732 1018 912 1054 pollicitum
939 1025 1090 1056 quantam
1117 1019 1233 1047 uellent
1253 1019 1438 1055 pecuniam,
1464 1020 1557 1046 sime
1585 1017 1748 1046 aedilitate
1767 1017 1953 1045 deiecissent.
1990 1016 2043 1046 Ad

163 1077 254 1106 quem
273 1066 391 1099 locum,
418 1063 451 1092 id
471 1063 553 1102 quod
573 1073 662 1093 nemo
682 1074 746 1093 non
766 1069 876 1103 sponte
896 1074 935 1093 ex
954 1066 1059 1094 uerbis
1081 1065 1242 1096 Ciceronis
1261 1064 1413 1103 perspicit
1432 1063 1696 1092 Pseudoasconius
1715 1063 1852 1092 monuit:
1872 1071 1946 1102 post
1967 1075 2041 1092 con-

161 1115 284 1142 sularia
306 1114 388 1140 enim
408 1117 437 1139 et
450 1114 616 1149 praetoria
635 1114 761 1141 comitia
781 1112 928 1140 aedilicia
947 1113 1161 1150 sequebantur.
1199 1112 1307 1149 Itaque
1326 1111 1387 1139 hoc
1408 1110 1621 1139 certissumum
1640 1110 1700 1138 iam
1720 1115 1784 1146 est,
1813 1111 1937 1139 comitia
1955 1109 2042 1139 aedi-

164 1161 245 1188 libus
266 1159 424 1187 curulibus
445 1159 584 1187 creandis
604 1168 705 1197 neque
725 1163 796 1187 ante
816 1158 908 1187 XIIL
928 1158 998 1187 Kal.
1020 1160 1148 1189 Sextilis
1174 1167 1294 1198 neque,
1324 1157 1385 1187 nisi
1404 1168 1509 1187 morae
1528 1158 1676 1198 quaedam
1694 1156 1733 1186 iis
1753 1156 1944 1194 inciderant,
1971 1161 2043 1197 post

166 1207 236 1235 Kal.
258 1205 386 1235 Sextilis
412 1205 521 1235 haberi
542 1205 748 1235 consueuisse.

1000 1347 1029 1381 C
1047 1345 1079 1382 A
1093 1347 1134 1381 P.
1176 1345 1224 1381 V.

718 1442 1072 1481 GASPA‚RIS
1122 1442 1503 1473 GARATONI

934 1510 1286 1551 DIATRIBE1)

451 1583 524 1612 DE
563 1583 599 1613 C.
636 1583 797 1613 MARI
833 1581 1246 1613 MONUMENTO
1283 1581 1359 1611 AD
1399 1580 1770 1612 CICERONEM

767 1651 881 1680 PRO
920 1650 1163 1680 SEXTIO
1202 1649 1322 1679 cAP.
1359 1649 1462 1678 LIV.

720 1719 793 1748 ET
839 1718 955 1748 PRO
1000 1717 1280 1748 PLANCIO
1325 1716 1503 1746 XXXII.

1080 1800 1109 1842 ς.
1130 1808 1156 1834 1.

249 1871 302 1898 Aa
329 1879 397 1897 cum
423 1874 532 1906 patres
560 1871 729 1907 conscripti
747 1870 802 1898 illo
827 1876 953 1899 senatus
979 1871 1136 1906 consulto,
1170 1869 1254 1908 quod
1277 1872 1312 1898 in
1337 1874 1531 1897 monumento
1550 1868 1644 1896 Man·
1659 1867 1790 1906 sactum
1808 1871 1871 1903 est,
1898 1875 1958 1906 quo
1984 1874 2053 1895 mea

175 1917 259 1945 salus
279 1916 420 1944 omnibus
439 1922 483 1943 est
500 1915 646 1954 gentibus
667 1917 888 1953 conmendata,
914 1919 972 1946 ιιηί
992 1918 1091 1946 Cnaeo
1111 1919 1244 1947 Plancio
1259 1918 1385 1954 gratias
1405 1919 1542 1954 egerint,
1562 1919 1629 1943 etc..

250 1963 437 2000 Deinsigni
456 1962 516 1991 hoc
536 1969 735 1993 monumento
763 1964 802 1993 ad
821 1965 998 1994 Sextiauam
1017 1975 1082 2004 cap.
1102 1965 1147 1994 54.
1167 1969 1246 1993 extr.
1258 1963 1282 2003 ⁹)
1301 1967 1399 2004 pauca
1424 1963 1500 1992 olim
1524 1962 1675 1999 diximu83
1701 1960 1794 2000 plura
1819 1960 1933 1991 deinde
1958 1958 2055 1991 otiosi

254 2091 274 2123 ¹)
294 2090 459 2123 Deprompta
477 2090 543 2114 haec
563 2090 692 2116 Garatoni
709 2091 822 2117 dian-ibe
840 2099 873 2116 ex
892 2091 969 2116 Curis
987 2091 1043 2116 eius
1061 2090 1198 2116 Secundis.
1215 2091 1319 2116 Bonou.
1336 2088 1527 2116 MDcccxv.
1546 2098 1573 2122 p.
1595 2096 1640 2114 ιοι
1659 2101 1696 2108 -
1714 2087 1772 2115 ιι4.
1805 2086 1974 2114 conferenda
1992 2092 2052 2111 eum

179 2136 229 2161 hac
251 2135 290 2160 M.
318 2134 419 2167 Birgeri
443 2134 571 2159 Thorlaci
595 2134 717 2160 Prolusio
744 2145 811 2162 auno
841 2134 915 2160 1806.
948 2135 1045 2169 scripta
1069 2136 1103 2161 de
1126 2135 1202 2162 Aede
1226 2136 1346 2162 Honoris
1368 2141 1453 2170 etque
1481 2134 1601 2160 Uirtutis
1623 2132 1699 2167 apud
1714 2134 1863 2158 Romanos.
1895 2131 1998 2158 Inserta
2022 2137 2055 2155 ea

179 2179 321 2213 Opuscuh's
339 2179 396 2203 eius
415 2179 592 2205 Academicis.
627 2179 756 2205 Hauniae.
778 2178 854 2205 1806.
873 2179 936 2206 Uol.
955 2179 976 2204 1.
994 2188 1021 2213 p.
1042 2187 1088 2212 177
1106 2192 1142 2199 —
1161 2179 1227 2212 187..

260 2224 280 2255 ’ξ
300 2222 459 2248 Garatonius
477 2222 510 2247 ad
530 2231 571 2248 or.
589 2221 662 2249 Sext.
682 2233 705 2250 c.
723 2225 766 2254 54
783 2235 809 2259 p.
825 2224 884 2249 224.
902 2223 969 2249 haec
988 2223 1138 2249 adnotauit:
1155 2223 1234 2255 „Non
1253 2223 1371 2248 Uirtutis
1388 2228 1499 2256 tantum,
1515 2228 1555 2248 set
1573 2221 1692 2247 Honoris
1704 2221 1822 2248 Uirtutis
1838 2219 1933 2246 aedem
1951 2217 1982 2243 C.
1995 2216 2058 2243 Ma-

181 2269 236 2293 rius
253 2269 369 2299 fecerat,
387 2266 509 2291 tradente
527 2267 608 2291 Festo
627 2276 653 2300 p·
671 2268 733 2294 545.
753 2268 795 2293 ed.
814 2268 925 2295 Amstel.
918 2287 942 2301 .‚
965 2277 1032 2302 quae
1050 2268 1198 2293 nominatur
1216 2266 1257 2291 bis
1276 2276 1290 2292 a
1309 2267 1432 2293 Uitruuio
1449 2268 1502 2300 ΙΙΙ,
1523 2276 1546 2294 1.
1572 2272 1601 2292 et
1617 2267 1728 2300 praefat.
1745 2265 1793 2291 lib.
1813 2263 1873 2290 VII.
1891 2267 1918 2288 et
1934 2262 1961 2287 iu
1978 2266 2058 2287 utro-

183 2321 234 2346 que
261 2311 345 2336 uerbo
369 2310 438 2335 ludit
462 2310 599 2335 manifesto
619 2311 725 2337 Cicero.
762 2312 920 2337 consulatur
944 2313 1023 2337 etiam
1041 2312 1077 2336 D.
1095 2310 1255 2344 Augustinus
1272 2310 1307 2336 V.
1326 2311 1360 2336 de
1380 2312 1439 2337 Ciu.
1457 2312 1510 2337 Dei
1532 2320 1582 2337 12..
1618 2311 1710 2336 Codex
1729 2309 1789 2335 Car.
1807 2306 1899 2341 Steph.
1924 2315 1983 2331 cum
1999 2305 2059 2331 Pal.

183 2354 234 2381 lx.
253 2355 388 2385 consentit,
408 2354 540 2380 scribens:
565 2354 594 2379 in
613 2355 711 2389 templo
729 2355 849 2381 Honoris
873 2356 956 2381 honos
980 2355 1098 2381 habitus.
1134 2354 1204 2387 Quia
1229 2355 1333 2382 scilicet
1358 2356 1412 2382 dno
1437 2356 1485 2381 illa
1508 2355 1612 2381 nomina
1636 2363 1688 2380 uuo
1706 2354 1740 2379 de
1758 2352 1857 2385 templo
1875 2350 2060 2385 displicebant,

184 2398 260 2424 multi
277 2406 368 2427 unum,
390 2404 429 2422 set
446 2399 473 2423 in
492 2399 532 2424 his
551 2399 596 2424 alii
615 2401 680 2425 aliut
698 2401 850 2425 omiserunt.
886 2400 981 2433 Neque
999 2403 1198 2426 monumentum
1218 2398 1309 2430 Mari,
1333 2399 1406 2431 siue,
1431 2405 1461 2424 ut
1478 2399 1539 2432 alii,
1565 2401 1752 2429 monumenta,
1777 2395 1857 2421 fuisse
1875 2396 1940 2420 aliut
1958 2395 2059 2420 existu-

187 2452 258 2474 mes,
276 2450 353 2475 quam
371 2441 516 2468 latericiam
535 2444 611 2469 istam
630 2443 750 2470 Honoris
770 2449 797 2468 et
818 2443 939 2470 Uirtutis
956 2444 1066 2477 aedem,
1083 2444 1117 2470 de
1136 2443 1281 2476 manubiis,
1298 2448 1328 2469 ut
1344 2444 1440 2477 fiebat,
1459 2447 1616 2475 extructam,
1633 2441 1660 2467 iu
1677 2449 1728 2474 qua
1745 2444 1856 2474 tropaea
1874 2439 1908 2467 de
1924 2439 2060 2475 Iugurtha,
