2185 2720
820 174 822 176 .
854 147 879 175 0
898 146 929 175 A
948 146 991 175 P.
1029 145 1193 176 XXXVI.
1227 143 1255 185 5.
1283 149 1331 178 89.
1974 153 2029 180 227

155 229 284 265 rantiae
305 226 389 266 fuit3
427 223 659 257 uoluntarium
682 228 797 255 autem
820 221 904 254 exili
925 220 1048 252 uolnus
1071 219 1240 263 accipere,
1272 231 1316 252 ne
1340 220 1515 262 quisquam
1538 220 1666 252 ciuium
1687 220 1859 260 interiret,
1892 221 2029 255 maioris

156 282 330 317 cuiusdam
352 278 457 311 animi
489 284 590 320 atque
609 276 646 307 in
667 275 792 307 uirtute
823 274 1038 307 constantiae.
1082 274 1174 306 Nam
1196 274 1222 305 I.
1246 274 1285 305 de
1306 274 1404 306 Offic.
1436 284 1486 306 20.
1510 273 1543 305 id
1567 285 1702 316 quoque
1723 274 1918 306 fortitudini
1947 287 2029 307 con-

154 335 364 376 stantiaeque
385 330 564 370 tribuitur,
587 340 665 360 cum
687 329 762 371 quis
785 329 918 368 acerba,
945 339 1030 370 quae
1051 338 1121 358 non
1145 333 1266 370 sponte
1289 328 1538 370 suscipiuntur,
1561 333 1610 359 set
1630 339 1694 370 pro
1718 327 1912 358 condicione
1933 340 2029 360 mor-

153 389 275 421 talium
296 385 464 424 incidunt,
495 389 563 415 tam
585 393 692 424 aequo
715 382 828 413 animo
852 381 934 421 fert,
957 386 997 413 ut
1018 379 1107 411 nihil
1131 379 1172 411 de
1190 385 1293 419 statu,
1323 380 1411 411 nihil
1433 380 1474 412 de
1497 380 1680 423 sapientiae
1701 380 1862 422 dignitate
1884 380 2029 413 decedat.

153 440 340 483 Praecipua
359 449 443 470 uero
465 434 600 469 Metelli
626 435 699 466 laus
722 435 781 466 illa
805 434 1009 466 constantiae
1030 432 1113 473 fuit,
1149 438 1221 464 tum
1243 439 1326 476 aput
1348 434 1425 466 Ual.
1448 433 1543 466 Max.
1566 434 1632 472 III,
1662 432 1699 468 8,
1733 433 1783 472 4.,
1816 433 2028 476 Appianum,

153 493 391 531 Plutarchum,
427 496 501 520 tum
528 494 615 531 aput.
633 487 800 519 Tullium.
844 487 912 518 Hic
941 497 1009 517 una
1037 486 1074 517 in
1107 485 1252 528 epistula
1281 487 1321 518 ad
1344 487 1533 519 Lentulum
1556 487 1584 523 I,
1608 497 1638 528 9.
1666 486 1766 517 illum
1790 492 1890 517 uocat
1920 499 2030 519 unum

153 557 374 580 acerrumum
397 549 431 575 et
446 542 700 587 fortissumum
726 541 865 578 uirum,
897 551 1026 584 suoque
1048 537 1178 572 iudicio
1201 540 1352 572 omnium
1381 540 1623 583 magnitudine
1645 540 1755 571 animi
1779 545 1813 571 et
1834 541 2031 573 constantia

147 598 522 644 praestantissumam,
550 595 687 634 deinde,
713 606 814 639 quom
836 606 949 626 omnes
972 593 1136 631 homines,
1160 597 1234 624 tum
1255 594 1307 625 M.
1331 594 1434 626 illum
1455 593 1637 631 Scaurum,
1661 592 1877 635 singularem
1899 594 2030 631 uirum,

152 651 349 684 constantia
371 655 405 682 et
424 649 608 693 grauitate
629 659 810 692 superasse
831 646 926 685 dicit,
952 645 1098 687 denique
1121 657 1255 677 summa
1278 647 1458 678 uoluntate
1480 645 1630 684 cessisse,
1653 646 1798 688 egregia
1820 646 1930 677 animi
1952 646 2030 678 ala-

152 704 277 736 critate
298 701 448 746 afuisse,
487 714 595 745 neque
624 702 738 733 redire
768 711 918 732 curasse.
962 699 1183 741 Quapropter
1215 709 1285 729 non
1315 699 1405 730 male
1433 697 1519 730 mihi
1548 697 1658 730 adhuc
1680 698 1798 729 uideor
1820 698 2029 729 iudicauisse.

151 758 398 790 Uerumtamen
421 755 457 786 in
473 754 611 797 ancipiti
633 753 802 794 dubioque
823 752 896 784 loco
920 752 988 783 iam
1008 751 1139 782 dudum
1164 751 1315 782 uersanti
1339 752 1405 782 alia
1428 757 1477 783 est
1498 751 1644 794 suspicio
1669 752 1816 783 suborta.
1860 752 1900 783 In
1916 750 2031 782 omni-

150 809 214 841 bus
238 808 380 840 Gruteri
401 807 504 847 Msis,
538 807 574 838 in
599 807 665 846 Fi,
691 807 767 845 Br.,
800 805 848 843 G,
875 804 912 835 in
935 816 995 836 sex
1020 805 1158 837 Oxonn.
1181 816 1251 836 non
1275 806 1367 849 quod
1384 805 1524 847 legitur,
1555 810 1605 836 set
1628 818 1703 849 quo.
1747 805 1784 837 Id
1809 815 1870 846 ego
1894 815 1937 835 ex
1961 816 2030 847 qua

152 867 266 893 ortum
288 861 463 903 putabam,
490 866 529 891 ut
550 859 632 890 alibi
655 864 689 890 et
710 865 790 900 aput
810 858 889 890 Liu.
912 858 965 898 X,
994 858 1062 890 14..
1108 858 1167 889 Set
1188 858 1217 890 si
1240 858 1347 890 fuerit
1369 870 1413 890 ex
1435 857 1574 899 antiqua
1595 858 1761 901 scriptura
1784 870 1903 902 quom,
1929 862 1962 887 et
1983 856 2031 887 ita

155 926 258 959 quom
279 914 322 944 ad
344 913 479 944 Ernesti
503 912 771 944 emendationem
795 911 969 951 adhibeas,
994 917 1176 954 optumum
1198 911 1350 954 profecto
1373 911 1453 950 erit,
1478 916 1609 950 tamen,
1633 924 1735 955 quom
1758 912 1840 943 illut
1863 910 1930 942 Ποῖ.
1954 909 2031 941 uol-

153 979 220 999 nus
242 967 393 1010 accepit,
422 966 641 998 iustissumos
664 983 702 989 —-
727 965 926 1008 superauit,
955 966 1046 1009 quocl
1069 970 1150 995 etc..
1180 964 1285 995 IDEM.
1330 964 1485 997 Uei-bum
1509 966 1740 997 constantiam
1763 975 1838 995 cum
1863 963 1899 993 in
1922 962 2030 994 tribus

153 1024 289 1051 tantum
313 1019 422 1060 iisque
444 1017 541 1049 ualde
564 1018 773 1060 interpolatis
797 1018 967 1049 codicibus
991 1023 1100 1057 extet,
1125 1016 1273 1048 dubitari
1294 1017 1395 1060 plane
1416 1017 1550 1058 nequit,
1576 1018 1657 1059 quin
1680 1018 1720 1048 ab
1743 1017 1927 1058 interprete
1949 1027 2032 1058 pro-

154 1071 282 1103 fectum
305 1071 358 1102 sit.
404 1071 563 1103 Ceterum
587 1071 760 1102 consentio
785 1081 862 1102 cum
885 1070 1068 1103 Garatonio
1092 1069 1129 1101 in
1152 1081 1203 1110 eo,
1231 1071 1322 1113 quod
1346 1071 1385 1103 ob
1406 1071 1506 1102 illam
1531 1070 1681 1101 eicienda
1704 1076 1737 1101 et
1760 1070 1851 1114 quod
1872 1070 1906 1100 in
1930 1081 2031 1112 quom

151 1123 355 1155 mutandum
377 1124 517 1156 censuit.
561 1124 665 1164 Quod
686 1129 719 1154 et
742 1136 844 1167 quom
865 1136 963 1167 saepe
984 1123 1122 1155 confusa
1145 1134 1225 1163 esse,
1249 1123 1347 1155 docui
1366 1123 1477 1155 Praef.
1501 1123 1541 1155 ad
1555 1125 1656 1156 Uarr.
1679 1124 1770 1154 lectt.
1794 1134 1837 1154 ex
1860 1121 1930 1153 cod.
1953 1121 2028 1153 Erf.

152 1183 244 1208 enot.
265 1188 300 1219 p.
323 1178 495 1209 LXXVI.
519 1182 552 1207 et
573 1176 695 1208 XCVI
716 1188 806 1218 sqq..

236 1230 349 1270 Quom
380 1231 463 1262 illut
490 1230 733 1263 uoluntarium
760 1230 886 1262 uolnus
915 1229 1060 1274 accepit)
1107 1230 1195 1262 Cum
1224 1230 1260 1261 in
1290 1229 1435 1261 exilium
1461 1229 1581 1261 maluit
1610 1230 1678 1268 ire,
1721 1241 1823 1272 quam
1852 1229 1889 1260 in
1919 1229 2029 1271 legem

151 1282 283 1325 Apulei
305 1283 479 1315 Saturnini
501 1283 629 1321 iurare,
652 1283 692 1314 de
715 1294 781 1325 qua
800 1282 961 1315 uidendus
984 1283 1163 1326 Appianus
1188 1289 1238 1315 est
1259 1283 1345 1314 Bell.
1369 1283 1434 1314 ciu.
1457 1284 1500 1314 L.
1523 1284 1549 1315 Ι.
1574 1295 1601 1314 0.
1627 1294 1695 1325 29..

237 1336 453 1369 Iustissimos
477 1338 630 1369 omnium
649 1337 874 1369 Metellorum
895 1343 929 1369 et
951 1337 1160 1369 clarissimos
1184 1337 1378 1380 triumphos
1402 1337 1541 1379 gloriae
1563 1337 1667 1368 laucle
1689 1337 1881 1379 superauit)
1927 1336 2029 1368 Cum

151 1389 431 1431 semetipsum
462 1389 795 1432 praepositurus
825 1390 883 1421 sit
912 1390 956 1432 Q.
987 1390 1166 1422 Metello
1198 1389 1442 1429 Numidico,
1486 1396 1525 1421 et
1551 1390 1679 1421 illum
1708 1395 1849 1420 tamen
1879 1389 2029 1431 copio-

152 1441 325 1474 sissime
353 1441 497 1473 laudat
525 1448 567 1473 et
594 1442 643 1474 ad
673 1442 881 1484 quoddam
912 1443 1128 1485 egregium
1158 1442 1377 1485 specimen
1405 1442 1582 1474 uirtutis
1615 1441 1878 1485 amplificat,
1916 1441 2029 1484 quod

150 1494 361 1526 maluerit
383 1494 427 1525 in
449 1494 656 1533 exilium,
692 1506 815 1537 quam
841 1495 993 1526 iurare
1023 1496 1068 1526 iu
1090 1495 1303 1537 agrariam
1333 1494 1472 1537 legem
1494 1495 1661 1526 tribuni
1684 1496 1738 1538 pl.
1761 1496 1927 1538 Apulei
1950 1496 2030 1527 Sa-

152 1547 330 1580 turnini.
375 1548 536 1580 Uerum
572 1548 671 1587 sibi,
714 1554 758 1579 ut
797 1559 1024 1591 coeperam
1062 1548 1224 1587 dicere,
1269 1547 1363 1590 ipse
1390 1547 1567 1579 Tullius
1603 1549 1828 1580 maximam
1864 1549 2029 1580 laudem

151 1599 446 1644 praestruxit,
498 1599 569 1641 qui
603 1601 652 1632 ad
689 1601 866 1632 tutelam
902 1602 1063 1634 salutis
1100 1601 1300 1644 publicae
1335 1600 1593 1644 patientiam
1630 1601 1842 1634 discessus
1879 1602 2027 1641 illius,

153 1652 350 1695 quamuis
377 1664 462 1684 non
490 1653 698 1685 mediocri
722 1665 813 1686 cum
836 1654 1003 1694 dolore,
1036 1655 1298 1698 susceperit3
1334 1660 1377 1685 ut
1398 1654 1534 1685 multo
1562 1655 1614 1686 sit
1645 1655 1916 1687 laudabilior
1939 1656 2031 1688 Me·-

151 1705 278 1743 tello‚
311 1706 386 1747 qui
416 1717 499 1737 non
530 1712 613 1737 tam
641 1718 714 1749 pro
747 1707 894 1749 uigore
925 1708 1174 1739 sententiae
1206 1719 1305 1739 suae
1327 1729 1534 1739 .......
1580 1709 1741 1740 SCHOLIA
1764 1709 2027 1740 Asmnosmm.

236 1758 362 1790 Gloria
385 1764 418 1791 et
440 1759 557 1802 laude)
602 1759 657 1790 Sic
679 1759 888 1791 scribendum
913 1761 1170 1804 tollendumque
1195 1760 1359 1792 mendum
1379 1761 1516 1803 gloriae
1539 1761 1653 1800 laude,
1677 1762 1792 1793 eodem
1819 1762 1932 1801 modo,
1961 1773 2028 1803 quo

150 1811 188 1843 in
209 1810 390 1842 Pisoniana
419 1823 447 1842 c.
475 1823 523 1854 19.
555 1812 620 1843 duo
647 1812 774 1844 codices
802 1814 932 1856 optumi
961 1816 1181 1847 sustulerunt.
1227 1813 1319 1855 Quid
1345 1819 1393 1843 est
1419 1814 1509 1844 enim
1539 1815 1617 1846 laus
1638 1815 1801 1858 gloriae?
1834 1821 1924 1845 certe
1955 1814 2027 1846 laus

150 1863 311 1906 gloriam,
342 1875 411 1896 non
434 1865 542 1907 gloria
564 1865 694 1896 laudem
719 1866 816 1908 parit.
862 1867 904 1897 II.
928 1868 1035 1910 Epist.
1061 1869 1091 1900 4.
1117 1879 1265 1912 quarum
1295 1867 1441 1898 laudum
1460 1867 1614 1909 gloriam
1636 1868 1824 1900 adamaris.
1868 1867 2028 1909 Respon-

150 1916 204 1947 det
227 1916 293 1947 hoc
314 1918 563 1960 superioribus,
589 1919 681 1961 quod
705 1918 747 1958 Q.
768 1920 910 1951 Metello
933 1921 1033 1953 laudi
1057 1922 1178 1954 datum
1200 1925 1261 1958 est,
1284 1919 1451 1962 hodieque
1474 1925 1524 1951 est
1547 1925 1580 1951 et
1602 1933 1733 1964 semper
1756 1922 1823 1952 erit
1844 1931 2027 1952 maxumae

147 1970 296 2013 gloriae.
340 1971 427 2002 Uide
456 1982 560 2013 supra
587 1971 629 2001 ad
661 1982 688 2002 0.
711 1982 783 2013 29..
826 1972 1107 2006 Emendationem
1138 1974 1224 2005 hanc
1253 1972 1486 2003 certissumain
1514 1983 1601 2003 unus
1629 1980 1747 2015 postea
1776 1973 1884 2004 codex
1909 1973 2025 2005 Oxon.

151 2021 376 2054 confirmauit.
408 2024 669 2055 GARATONIUS.
715 2024 833 2056 Codex
860 2025 919 2056 ille
942 2026 1042 2058 habet
1067 2027 1205 2072 gloriae
1227 2031 1260 2057 et
1283 2025 1397 2057 laude.
1439 2024 1674 2057 Nihilominus
1697 2026 1886 2058 uerissuma
1908 2037 2026 2057 emen-

152 2074 242 2106 datio
265 2074 335 2106 illa.
378 2077 552 2119 Amatque
576 2077 642 2108 duo
668 2077 750 2108 haec
772 2078 875 2109 uerba
897 2079 1101 2121 saepissume
1117 2080 1235 2112 Cicero
1263 2089 1464 2121 conponere.
1511 2077 1581 2109 Cfr.
1606 2091 1669 2122 pro
1682 2080 1733 2112 M.
1748 2079 1891 2110 Fonteio
1909 2079 2024 2110 C.XI.

151 2128 182 2170 §.
208 2128 259 2159 25.
285 2128 406 2171 gloria
427 2142 468 2161 ac
490 2130 610 2170 laude,
652 2131 677 2162 I.
703 2130 739 2161 in
765 2131 834 2162 Cat.
866 2132 904 2163 C.
928 2133 991 2164 IX.
1025 2133 1054 2174 ς.
1080 2132 1130 2164 25.
1163 2133 1263 2164 laudi
1284 2137 1318 2164 et
1336 2132 1492 2175 gloriae,
1530 2143 1593 2174 pro
1617 2131 1723 2163 Arch.
1758 2132 1796 2163 C.
1819 2132 1882 2163 IX.
1917 2132 1948 2173 §.
1974 2143 2023 2174 19.

147 2181 303 2224 gloriam
324 2181 548 2226 laudemque,
577 2184 656 2215 ibid.
681 2185 721 2216 C.
743 2185 806 2216 XI.
832 2186 862 2227 §.
886 2185 937 2217 28.
963 2186 1080 2218 laudis
1101 2191 1134 2217 et
1153 2185 1311 2228 gloriae,
1344 2184 1386 2215 de
1407 2195 1507 2227 prou.
1530 2195 1620 2216 cons.
1643 2184 1681 2215 C.
1704 2184 1768 2215 XI.
1795 2185 1824 2226 ξ.
1849 2195 1900 2222 27.
1924 2185 2024 2216 laudi

147 2234 369 2277 gloriaeque,
403 2234 439 2266 in
462 2235 529 2267 Pis.
562 2237 600 2269 C.
623 2238 740 2270 XVII.
766 2239 796 2279 ἕ.
820 2238 872 2269 41.
904 2239 1003 2270 laudi
1030 2244 1134 2282 atque
1152 2238 1311 2281 gloriae,
1343 2237 1426 2269 ibid.
1453 2237 1491 2268 C.
1511 2237 1683 2269 XXXIII.
1715 2237 1744 2278 §.
1769 2236 1820 2268 82.
1852 2237 1969 2269 laudis
1991 2243 2023 2269 et

146 2287 302 2329 gloriae,
329 2287 393 2319 XI.
417 2288 505 2320 Phil.
531 2290 568 2321 C.
590 2291 692 2323 XIV.
717 2292 746 2332 §.
770 2291 821 2332 57.
843 2292 962 2335 gloria
983 2297 1016 2323 et
1038 2290 1152 2322 laude.

234 2339 387 2382 Infinita
411 2341 603 2386 dimicatio)
647 2343 781 2375 Infinita
806 2344 974 2375 dimicatio
1007 2355 1076 2375 non
1101 2350 1163 2383 est,
1201 2355 1286 2386 quae
1311 2343 1412 2375 finem
1435 2343 1556 2375 habeat
1576 2342 1730 2380 nullum,
1765 2348 1815 2373 set
1837 2354 1921 2384 quae
1945 2354 2021 2373 cum

151 2392 280 2433 ingenti
300 2404 472 2425 armorum
495 2395 550 2434 ui,
577 2396 632 2428 cui
655 2397 771 2428 Cicero
795 2409 857 2440 par
880 2409 950 2429 esse
970 2408 1041 2428 non
1065 2402 1212 2439 poterat,
1235 2396 1351 2429 futura
1372 2396 1432 2436 sit,
1457 2406 1541 2438 quae
1563 2394 1614 2427 uis
1639 2394 1791 2427 exercitu
1814 2395 1964 2426 Caesaris
1987 2401 2020 2425 et

150 2444 281 2476 delectu
302 2447 470 2479 consulari
492 2455 630 2482 constet.
676 2451 937 2482 ΟΑΒΑΤοἪϋε.

1541 2506 1577 2532 41
1590 2502 1604 2516 *
