<?xml version="1.0" encoding="UTF-8"?>
<!DOCTYPE html PUBLIC "-//W3C//DTD XHTML 1.0 Transitional//EN"
    "http://www.w3.org/TR/xhtml1/DTD/xhtml1-transitional.dtd">
<html xmlns="http://www.w3.org/1999/xhtml" xml:lang="en" lang="en">
 <head>
  <title>
</title>
<meta http-equiv="Content-Type" content="text/html;charset=utf-8" />
  <meta name='ocr-system' content='tesseract 3.04.00' />
  <meta name='ocr-capabilities' content='ocr_page ocr_carea ocr_par ocr_line ocrx_word'/>
</head>
<body>
  <div class='ocr_page' id='page_1' title='image "./oratioprocnplanc00ciceuoft/oratioprocnplanc00ciceuoft_0349.png"; bbox 0 0 2185 2720; ppageno 0'>
   <div class='ocr_carea' id='block_1_1' title="bbox 675 150 2030 196">
    <p class='ocr_par' dir='ltr' id='par_1_1' title="bbox 675 150 2030 196">
     <span class='ocr_line' id='line_1_1' title="bbox 675 150 2030 196; baseline 0.003 -14"><span class='ocrx_word' id='word_1_1' title='bbox 675 153 700 182; x_wconf 88' lang='grc'>0</span> <span class='ocrx_word' id='word_1_2' title='bbox 719 153 748 182; x_wconf 84' lang='grc' dir='ltr'><strong>Α</strong></span> <span class='ocrx_word' id='word_1_3' title='bbox 767 154 805 183; x_wconf 85' lang='grc' dir='ltr'><strong>Ρ.</strong></span> <span class='ocrx_word' id='word_1_4' title='bbox 845 151 1026 182; x_wconf 88' lang='lat' dir='ltr'>XXXVII.</span> <span class='ocrx_word' id='word_1_5' title='bbox 1046 150 1073 192; x_wconf 83' lang='lat'><strong>§.</strong></span> <span class='ocrx_word' id='word_1_6' title='bbox 1094 157 1138 185; x_wconf 85' lang='lat'><strong>90.</strong></span> <span class='ocrx_word' id='word_1_7' title='bbox 1157 169 1196 175; x_wconf 90' lang='lat'><em>-</em></span> <span class='ocrx_word' id='word_1_8' title='bbox 1214 154 1410 184; x_wconf 85' lang='lat' dir='ltr'>XXXVIII.</span> <span class='ocrx_word' id='word_1_9' title='bbox 1429 153 1456 194; x_wconf 64' lang='grc' dir='ltr'><strong>ς.</strong></span> <span class='ocrx_word' id='word_1_10' title='bbox 1478 161 1523 188; x_wconf 78' lang='lat'><strong>92.</strong></span> <span class='ocrx_word' id='word_1_11' title='bbox 1977 169 2030 196; x_wconf 70' lang='lat'><strong>231</strong></span> 
     </span>
    </p>
   </div>
   <div class='ocr_carea' id='block_1_2' title="bbox 148 226 2032 596">
    <p class='ocr_par' dir='ltr' id='par_1_2' title="bbox 160 226 2030 325">
     <span class='ocr_line' id='line_1_2' title="bbox 160 226 2030 280; baseline 0 -16"><span class='ocrx_word' id='word_1_12' title='bbox 160 237 262 264; x_wconf 83' lang='lat' dir='ltr'><strong>tatem</strong></span> <span class='ocrx_word' id='word_1_13' title='bbox 284 236 317 262; x_wconf 88' lang='lat' dir='ltr'><strong>et</strong></span> <span class='ocrx_word' id='word_1_14' title='bbox 337 229 548 262; x_wconf 82' lang='lat' dir='ltr'><strong>inimicitiam</strong></span> <span class='ocrx_word' id='word_1_15' title='bbox 570 227 792 260; x_wconf 84' lang='lat' dir='ltr'><strong>intercessisse</strong></span> <span class='ocrx_word' id='word_1_16' title='bbox 822 227 1003 260; x_wconf 84' lang='lat' dir='ltr'>concedere</span> <span class='ocrx_word' id='word_1_17' title='bbox 1031 226 1180 259; x_wconf 85' lang='lat' dir='ltr'><strong>deberet.</strong></span> <span class='ocrx_word' id='word_1_18' title='bbox 1226 228 1392 261; x_wconf 86' lang='lat' dir='ltr'><strong>Similiter</strong></span> <span class='ocrx_word' id='word_1_19' title='bbox 1414 241 1483 261; x_wconf 89' lang='lat' dir='ltr'><strong>non</strong></span> <span class='ocrx_word' id='word_1_20' title='bbox 1509 230 1682 263; x_wconf 76' lang='lat' dir='ltr'><strong>dissentire</strong></span> <span class='ocrx_word' id='word_1_21' title='bbox 1701 243 1737 263; x_wconf 88' lang='lat' dir='ltr'><strong>se</strong></span> <span class='ocrx_word' id='word_1_22' title='bbox 1759 233 1799 264; x_wconf 89' lang='lat' dir='ltr'><strong>ab</strong></span> <span class='ocrx_word' id='word_1_23' title='bbox 1822 234 1862 266; x_wconf 86' lang='lat' dir='ltr'><strong>iis</strong></span> <span class='ocrx_word' id='word_1_24' title='bbox 1885 239 2030 280; x_wconf 70' lang='lat' dir='ltr'><strong>amplius</strong></span> 
     </span>
     <span class='ocr_line' id='line_1_3' title="bbox 160 280 1227 325; baseline -0.002 -10"><span class='ocrx_word' id='word_1_25' title='bbox 160 284 224 324; x_wconf 88' lang='lat' dir='ltr'><strong>ait,</strong></span> <span class='ocrx_word' id='word_1_26' title='bbox 259 282 380 325; x_wconf 85' lang='lat' dir='ltr'><strong>quibus</strong></span> <span class='ocrx_word' id='word_1_27' title='bbox 403 282 653 313; x_wconf 83' lang='lat' dir='ltr'><strong>amicissumum</strong></span> <span class='ocrx_word' id='word_1_28' title='bbox 677 292 767 312; x_wconf 89' lang='lat' dir='ltr'><strong>nunc</strong></span> <span class='ocrx_word' id='word_1_29' title='bbox 790 292 860 313; x_wconf 90' lang='lat' dir='ltr'><strong>esse</strong></span> <span class='ocrx_word' id='word_1_30' title='bbox 885 292 919 312; x_wconf 91' lang='lat' dir='ltr'><strong>se</strong></span> <span class='ocrx_word' id='word_1_31' title='bbox 943 280 1054 312; x_wconf 88' lang='lat' dir='ltr'><strong>dicere</strong></span> <span class='ocrx_word' id='word_1_32' title='bbox 1077 280 1227 313; x_wconf 83' lang='lat' dir='ltr'><strong>debebat.</strong></span> 
     </span>
    </p>

    <p class='ocr_par' dir='ltr' id='par_1_3' title="bbox 148 333 2032 596">
     <span class='ocr_line' id='line_1_4' title="bbox 244 333 2028 379; baseline 0.002 -10"><span class='ocrx_word' id='word_1_33' title='bbox 244 336 461 374; x_wconf 81' lang='lat' dir='ltr'><strong>Dissentire‚</strong></span> <span class='ocrx_word' id='word_1_34' title='bbox 492 334 708 378; x_wconf 75' lang='lat' dir='ltr'><strong>dissentiam)</strong></span> <span class='ocrx_word' id='word_1_35' title='bbox 753 335 833 366; x_wconf 92' lang='lat' dir='ltr'><strong>Non</strong></span> <span class='ocrx_word' id='word_1_36' title='bbox 855 333 955 364; x_wconf 88' lang='lat' dir='ltr'><strong>ualde</strong></span> <span class='ocrx_word' id='word_1_37' title='bbox 982 333 1090 376; x_wconf 81' lang='lat' dir='ltr'><strong>placet</strong></span> <span class='ocrx_word' id='word_1_38' title='bbox 1112 334 1305 367; x_wconf 75' lang='lat' dir='ltr'><strong>dissentire.</strong></span> <span class='ocrx_word' id='word_1_39' title='bbox 1346 334 1433 366; x_wconf 88' lang='lat' dir='ltr'><strong>Puto</strong></span> <span class='ocrx_word' id='word_1_40' title='bbox 1462 347 1534 367; x_wconf 90' lang='lat' dir='ltr'><strong>esse</strong></span> <span class='ocrx_word' id='word_1_41' title='bbox 1563 336 1768 379; x_wconf 87' lang='lat' dir='ltr'><strong>glossatoris.</strong></span> <span class='ocrx_word' id='word_1_42' title='bbox 1802 338 2028 376; x_wconf 70' lang='lat' dir='ltr'><strong>ERNEsans.</strong></span> 
     </span>
     <span class='ocr_line' id='line_1_5' title="bbox 158 385 2030 437; baseline 0.001 -16"><span class='ocrx_word' id='word_1_43' title='bbox 158 388 334 421; x_wconf 88' lang='lat' dir='ltr'><strong>Eruestius</strong></span> <span class='ocrx_word' id='word_1_44' title='bbox 357 388 452 420; x_wconf 80' lang='lat' dir='ltr'><strong>nulla</strong></span> <span class='ocrx_word' id='word_1_45' title='bbox 471 387 581 430; x_wconf 86' lang='lat' dir='ltr'><strong>potuit</strong></span> <span class='ocrx_word' id='word_1_46' title='bbox 602 387 668 418; x_wconf 83' lang='lat' dir='ltr'><strong>alia</strong></span> <span class='ocrx_word' id='word_1_47' title='bbox 689 398 728 418; x_wconf 90' lang='lat' dir='ltr'><strong>re</strong></span> <span class='ocrx_word' id='word_1_48' title='bbox 749 385 894 427; x_wconf 86' lang='lat' dir='ltr'><strong>offendi,</strong></span> <span class='ocrx_word' id='word_1_49' title='bbox 932 385 997 418; x_wconf 90' lang='lat' dir='ltr'><strong>nisi</strong></span> <span class='ocrx_word' id='word_1_50' title='bbox 1021 385 1109 428; x_wconf 85' lang='lat' dir='ltr'><strong>quod</strong></span> <span class='ocrx_word' id='word_1_51' title='bbox 1132 397 1303 429; x_wconf 81' lang='lat' dir='ltr'><strong>proxume</strong></span> <span class='ocrx_word' id='word_1_52' title='bbox 1325 387 1511 422; x_wconf 71' lang='lat' dir='ltr'><strong>dissentire</strong></span> <span class='ocrx_word' id='word_1_53' title='bbox 1532 395 1563 421; x_wconf 89' lang='lat' dir='ltr'><strong>et</strong></span> <span class='ocrx_word' id='word_1_54' title='bbox 1583 390 1786 423; x_wconf 76' lang='lat' dir='ltr'><strong>dissentiam</strong></span> <span class='ocrx_word' id='word_1_55' title='bbox 1817 393 2030 437; x_wconf 76' lang='lat' dir='ltr'><strong>coniungun-</strong></span> 
     </span>
     <span class='ocr_line' id='line_1_6' title="bbox 160 437 2032 491; baseline -0.003 -17"><span class='ocrx_word' id='word_1_56' title='bbox 160 448 228 474; x_wconf 85' lang='lat' dir='ltr'><strong>tur.</strong></span> <span class='ocrx_word' id='word_1_57' title='bbox 273 441 313 473; x_wconf 90' lang='lat' dir='ltr'><strong>In</strong></span> <span class='ocrx_word' id='word_1_58' title='bbox 337 453 374 472; x_wconf 84' lang='lat' dir='ltr'><strong>ea</strong></span> <span class='ocrx_word' id='word_1_59' title='bbox 397 452 478 471; x_wconf 88' lang='lat' dir='ltr'><strong>uero</strong></span> <span class='ocrx_word' id='word_1_60' title='bbox 501 451 539 471; x_wconf 84' lang='lat' dir='ltr'><strong>re</strong></span> <span class='ocrx_word' id='word_1_61' title='bbox 564 440 691 472; x_wconf 81' lang='lat' dir='ltr'><strong>nullast</strong></span> <span class='ocrx_word' id='word_1_62' title='bbox 713 439 867 471; x_wconf 85' lang='lat' dir='ltr'><strong>offensio.</strong></span> <span class='ocrx_word' id='word_1_63' title='bbox 913 439 968 470; x_wconf 89' lang='lat' dir='ltr'><strong>Sic</strong></span> <span class='ocrx_word' id='word_1_64' title='bbox 990 439 1052 470; x_wconf 90' lang='lat' dir='ltr'><strong>hac</strong></span> <span class='ocrx_word' id='word_1_65' title='bbox 1074 437 1147 481; x_wconf 85' lang='lat' dir='ltr'><strong>ipsa</strong></span> <span class='ocrx_word' id='word_1_66' title='bbox 1177 450 1225 470; x_wconf 88' lang='lat' dir='ltr'><strong>or.</strong></span> <span class='ocrx_word' id='word_1_67' title='bbox 1261 440 1299 471; x_wconf 91' lang='lat' dir='ltr'><strong>C.</strong></span> <span class='ocrx_word' id='word_1_68' title='bbox 1327 440 1500 474; x_wconf 82' lang='lat' dir='ltr'><strong>XXVIII.</strong></span> <span class='ocrx_word' id='word_1_69' title='bbox 1532 444 1561 484; x_wconf 54' lang='grc' dir='ltr'><strong>ς,</strong></span> <span class='ocrx_word' id='word_1_70' title='bbox 1590 444 1640 485; x_wconf 77' lang='grc'><strong>69.</strong></span> <span class='ocrx_word' id='word_1_71' title='bbox 1670 456 1738 487; x_wconf 78' lang='lat' dir='ltr'><strong>Pro</strong></span> <span class='ocrx_word' id='word_1_72' title='bbox 1760 445 1907 478; x_wconf 63' lang='lat' dir='ltr'><strong>Flam-1⁶0</strong></span> <span class='ocrx_word' id='word_1_73' title='bbox 1919 448 2032 491; x_wconf 58' lang='lat' dir='ltr'><strong>facio,</strong></span> 
     </span>
     <span class='ocr_line' id='line_1_7' title="bbox 148 491 2029 539; baseline 0.002 -12"><span class='ocrx_word' id='word_1_74' title='bbox 148 494 275 538; x_wconf 83' lang='lat' dir='ltr'><strong>facere</strong></span> <span class='ocrx_word' id='word_1_75' title='bbox 290 494 433 538; x_wconf 79' lang='lat' dir='ltr'><strong>possim.</strong></span> <span class='ocrx_word' id='word_1_76' title='bbox 458 504 522 535; x_wconf 86' lang='lat' dir='ltr'><strong>pro</strong></span> <span class='ocrx_word' id='word_1_77' title='bbox 547 493 643 525; x_wconf 90' lang='lat' dir='ltr'><strong>Caec.</strong></span> <span class='ocrx_word' id='word_1_78' title='bbox 669 493 706 525; x_wconf 88' lang='lat' dir='ltr'><strong>C.</strong></span> <span class='ocrx_word' id='word_1_79' title='bbox 730 493 757 524; x_wconf 92' lang='lat' dir='ltr'><strong>I.</strong></span> <span class='ocrx_word' id='word_1_80' title='bbox 782 493 812 534; x_wconf 56' lang='grc' dir='ltr'><strong>ς.</strong></span> <span class='ocrx_word' id='word_1_81' title='bbox 836 491 867 523; x_wconf 84' lang='grc'><strong>5.</strong></span> <span class='ocrx_word' id='word_1_82' title='bbox 891 503 1009 535; x_wconf 83' lang='lat' dir='ltr'><strong>quom,</strong></span> <span class='ocrx_word' id='word_1_83' title='bbox 1033 492 1078 523; x_wconf 84' lang='lat' dir='ltr'><strong>iis</strong></span> <span class='ocrx_word' id='word_1_84' title='bbox 1103 492 1178 524; x_wconf 72' lang='lat' dir='ltr'><strong>siae</strong></span> <span class='ocrx_word' id='word_1_85' title='bbox 1200 493 1371 535; x_wconf 81' lang='lat' dir='ltr'><strong>creditur,</strong></span> <span class='ocrx_word' id='word_1_86' title='bbox 1396 496 1551 528; x_wconf 81' lang='lat' dir='ltr'><strong>creditur</strong></span> <span class='ocrx_word' id='word_1_87' title='bbox 1573 497 1634 529; x_wconf 72' lang='lat' dir='ltr'><strong>hoc</strong></span> <span class='ocrx_word' id='word_1_88' title='bbox 1656 496 1781 539; x_wconf 79' lang='lat' dir='ltr'><strong>ipsum.</strong></span> <span class='ocrx_word' id='word_1_89' title='bbox 1803 498 1847 529; x_wconf 90' lang='lat' dir='ltr'><strong>II.</strong></span> <span class='ocrx_word' id='word_1_90' title='bbox 1870 499 1905 530; x_wconf 89' lang='lat' dir='ltr'><strong>in</strong></span> <span class='ocrx_word' id='word_1_91' title='bbox 1931 502 2029 534; x_wconf 73' lang='lat' dir='ltr'><strong>Uerr.</strong></span> 
     </span>
     <span class='ocr_line' id='line_1_8' title="bbox 162 544 2032 596; baseline 0.001 -17"><span class='ocrx_word' id='word_1_92' title='bbox 162 548 214 587; x_wconf 91' lang='lat' dir='ltr'><strong>V,</strong></span> <span class='ocrx_word' id='word_1_93' title='bbox 247 547 284 586; x_wconf 89' lang='grc'><strong>6,</strong></span> <span class='ocrx_word' id='word_1_94' title='bbox 311 546 359 577; x_wconf 83' lang='grc'><strong>15.</strong></span> <span class='ocrx_word' id='word_1_95' title='bbox 391 546 509 589; x_wconf 78' lang='lat' dir='ltr'><strong>Atque</strong></span> <span class='ocrx_word' id='word_1_96' title='bbox 529 546 614 578; x_wconf 82' lang='lat' dir='ltr'><strong>lzaec</strong></span> <span class='ocrx_word' id='word_1_97' title='bbox 637 545 748 578; x_wconf 81' lang='lat' dir='ltr'><strong>sicubi</strong></span> <span class='ocrx_word' id='word_1_98' title='bbox 763 544 870 590; x_wconf 82' lang='lat' dir='ltr'><strong>facta</strong></span> <span class='ocrx_word' id='word_1_99' title='bbox 892 550 991 584; x_wconf 74' lang='lat' dir='ltr'><strong>sunt,</strong></span> <span class='ocrx_word' id='word_1_100' title='bbox 1014 544 1121 589; x_wconf 79' lang='lat' dir='ltr'><strong>facta</strong></span> <span class='ocrx_word' id='word_1_101' title='bbox 1142 551 1242 585; x_wconf 78' lang='lat' dir='ltr'><strong>sunt,</strong></span> <span class='ocrx_word' id='word_1_102' title='bbox 1271 551 1311 578; x_wconf 83' lang='lat' dir='ltr'><strong>ut</strong></span> <span class='ocrx_word' id='word_1_103' title='bbox 1332 552 1413 586; x_wconf 85' lang='lat' dir='ltr'><strong>etc.;</strong></span> <span class='ocrx_word' id='word_1_104' title='bbox 1445 547 1485 578; x_wconf 86' lang='lat' dir='ltr'><strong>de</strong></span> <span class='ocrx_word' id='word_1_105' title='bbox 1509 547 1607 580; x_wconf 87' lang='lat' dir='ltr'><strong>Offic.</strong></span> <span class='ocrx_word' id='word_1_106' title='bbox 1631 549 1680 589; x_wconf 87' lang='lat' dir='ltr'><strong>II,</strong></span> <span class='ocrx_word' id='word_1_107' title='bbox 1708 560 1766 591; x_wconf 82' lang='lat'><strong>22,</strong></span> <span class='ocrx_word' id='word_1_108' title='bbox 1790 562 1841 593; x_wconf 82' lang='lat'><strong>79.</strong></span> <span class='ocrx_word' id='word_1_109' title='bbox 1867 554 1929 596; x_wconf 82' lang='lat' dir='ltr'><strong>qui</strong></span> <span class='ocrx_word' id='word_1_110' title='bbox 1951 556 2032 587; x_wconf 75' lang='lat' dir='ltr'><strong>nul.</strong></span> 
     </span>
    </p>
   </div>
   <div class='ocr_carea' id='block_1_3' title="bbox 158 598 2031 696">
    <p class='ocr_par' dir='ltr' id='par_1_4' title="bbox 158 598 2031 696">
     <span class='ocr_line' id='line_1_9' title="bbox 158 598 561 637; baseline -0.002 -5"><span class='ocrx_word' id='word_1_111' title='bbox 158 600 234 632; x_wconf 77' lang='lat' dir='ltr'><strong>lum</strong></span> <span class='ocrx_word' id='word_1_112' title='bbox 255 598 396 637; x_wconf 75' lang='lat' dir='ltr'><strong>habuit,</strong></span> <span class='ocrx_word' id='word_1_113' title='bbox 427 598 561 631; x_wconf 75' lang='lat' dir='ltr'><strong>habeat.</strong></span> 
     </span>
     <span class='ocr_line' id='line_1_10' title="bbox 241 650 2031 696; baseline 0.005 -14"><span class='ocrx_word' id='word_1_114' title='bbox 241 651 283 683; x_wconf 84' lang='lat' dir='ltr'><strong>Si</strong></span> <span class='ocrx_word' id='word_1_115' title='bbox 304 650 385 683; x_wconf 83' lang='lat' dir='ltr'><strong>bene</strong></span> <span class='ocrx_word' id='word_1_116' title='bbox 407 651 449 682; x_wconf 86' lang='lat' dir='ltr'><strong>de</strong></span> <span class='ocrx_word' id='word_1_117' title='bbox 473 663 527 682; x_wconf 86' lang='lat' dir='ltr'><strong>me</strong></span> <span class='ocrx_word' id='word_1_118' title='bbox 551 652 686 684; x_wconf 85' lang='lat' dir='ltr'><strong>meritis</strong></span> <span class='ocrx_word' id='word_1_119' title='bbox 706 657 852 696; x_wconf 78' lang='lat' dir='ltr'><strong>gratum</strong></span> <span class='ocrx_word' id='word_1_120' title='bbox 873 663 927 683; x_wconf 85' lang='lat' dir='ltr'><strong>me</strong></span> <span class='ocrx_word' id='word_1_121' title='bbox 941 651 1091 695; x_wconf 78' lang='lat' dir='ltr'><strong>praebeo</strong></span> <span class='ocrx_word' id='word_1_122' title='bbox 1099 676 1109 691; x_wconf 87' lang='lat'><strong>,</strong></span> <span class='ocrx_word' id='word_1_123' title='bbox 1148 664 1215 684; x_wconf 89' lang='lat' dir='ltr'><strong>non</strong></span> <span class='ocrx_word' id='word_1_124' title='bbox 1238 652 1355 684; x_wconf 86' lang='lat' dir='ltr'><strong>desino</strong></span> <span class='ocrx_word' id='word_1_125' title='bbox 1384 652 1562 685; x_wconf 83' lang='lat' dir='ltr'><strong>incurrere</strong></span> <span class='ocrx_word' id='word_1_126' title='bbox 1591 654 1628 686; x_wconf 82' lang='lat' dir='ltr'><strong>in</strong></span> <span class='ocrx_word' id='word_1_127' title='bbox 1651 655 1779 687; x_wconf 84' lang='lat' dir='ltr'><strong>crimen</strong></span> <span class='ocrx_word' id='word_1_128' title='bbox 1805 657 1952 690; x_wconf 75' lang='lat' dir='ltr'><strong>hominis</strong></span> <span class='ocrx_word' id='word_1_129' title='bbox 1975 660 2031 691; x_wconf 86' lang='lat' dir='ltr'><strong>ni·-</strong></span> 
     </span>
    </p>
   </div>
   <div class='ocr_carea' id='block_1_4' title="bbox 143 703 2031 2499">
    <p class='ocr_par' dir='ltr' id='par_1_5' title="bbox 147 703 2031 1541">
     <span class='ocr_line' id='line_1_11' title="bbox 156 703 2029 751; baseline 0.003 -14"><span class='ocrx_word' id='word_1_130' title='bbox 156 704 265 737; x_wconf 83' lang='lat' dir='ltr'><strong>mium</strong></span> <span class='ocrx_word' id='word_1_131' title='bbox 294 704 454 736; x_wconf 81' lang='lat' dir='ltr'><strong>memoris</strong></span> <span class='ocrx_word' id='word_1_132' title='bbox 485 705 697 749; x_wconf 80' lang='lat' dir='ltr'><strong>nimiumque</strong></span> <span class='ocrx_word' id='word_1_133' title='bbox 724 703 838 748; x_wconf 78' lang='lat' dir='ltr'><strong>grati)</strong></span> <span class='ocrx_word' id='word_1_134' title='bbox 881 704 1069 736; x_wconf 84' lang='lat' dir='ltr'><strong>Lambinus</strong></span> <span class='ocrx_word' id='word_1_135' title='bbox 1101 705 1237 747; x_wconf 86' lang='lat' dir='ltr'><strong>putabat</strong></span> <span class='ocrx_word' id='word_1_136' title='bbox 1266 704 1448 746; x_wconf 82' lang='lat' dir='ltr'><strong>legendum</strong></span> <span class='ocrx_word' id='word_1_137' title='bbox 1478 718 1545 738; x_wconf 86' lang='lat' dir='ltr'><strong>non</strong></span> <span class='ocrx_word' id='word_1_138' title='bbox 1574 707 1674 739; x_wconf 78' lang='lat' dir='ltr'><strong>debeo</strong></span> <span class='ocrx_word' id='word_1_139' title='bbox 1701 719 1765 751; x_wconf 88' lang='lat' dir='ltr'><strong>pro</strong></span> <span class='ocrx_word' id='word_1_140' title='bbox 1794 721 1862 741; x_wconf 82' lang='lat' dir='ltr'><strong>non</strong></span> <span class='ocrx_word' id='word_1_141' title='bbox 1891 712 2029 749; x_wconf 80' lang='lat' dir='ltr'><strong>desino;</strong></span> 
     </span>
     <span class='ocr_line' id='line_1_12' title="bbox 155 756 2031 804; baseline 0.004 -16"><span class='ocrx_word' id='word_1_142' title='bbox 155 756 248 799; x_wconf 85' lang='lat' dir='ltr'><strong>quod</strong></span> <span class='ocrx_word' id='word_1_143' title='bbox 271 767 351 788; x_wconf 87' lang='lat' dir='ltr'><strong>sane</strong></span> <span class='ocrx_word' id='word_1_144' title='bbox 373 756 564 799; x_wconf 86' lang='lat' dir='ltr'><strong>speciosum</strong></span> <span class='ocrx_word' id='word_1_145' title='bbox 587 764 648 789; x_wconf 86' lang='lat' dir='ltr'><strong>est.</strong></span> <span class='ocrx_word' id='word_1_146' title='bbox 692 758 855 790; x_wconf 82' lang='lat' dir='ltr'><strong>Attamen</strong></span> <span class='ocrx_word' id='word_1_147' title='bbox 877 757 1050 799; x_wconf 82' lang='lat' dir='ltr'><strong>uolgatum</strong></span> <span class='ocrx_word' id='word_1_148' title='bbox 1079 758 1144 789; x_wconf 91' lang='grc'>1100</span> <span class='ocrx_word' id='word_1_149' title='bbox 1165 769 1265 789; x_wconf 89' lang='lat' dir='ltr'><strong>sensu</strong></span> <span class='ocrx_word' id='word_1_150' title='bbox 1287 757 1420 789; x_wconf 88' lang='lat' dir='ltr'><strong>defendi</strong></span> <span class='ocrx_word' id='word_1_151' title='bbox 1446 765 1575 801; x_wconf 85' lang='lat' dir='ltr'><strong>potest:</strong></span> <span class='ocrx_word' id='word_1_152' title='bbox 1612 760 1685 802; x_wconf 88' lang='lat' dir='ltr'><strong>Ego</strong></span> <span class='ocrx_word' id='word_1_153' title='bbox 1707 761 1773 792; x_wconf 91' lang='lat' dir='ltr'><strong>hoc</strong></span> <span class='ocrx_word' id='word_1_154' title='bbox 1795 761 1868 804; x_wconf 86' lang='lat' dir='ltr'><strong>ipso</strong></span> <span class='ocrx_word' id='word_1_155' title='bbox 1891 764 2031 795; x_wconf 83' lang='lat' dir='ltr'><strong>liberta-</strong></span> 
     </span>
     <span class='ocr_line' id='line_1_13' title="bbox 154 810 2028 857; baseline 0.005 -17"><span class='ocrx_word' id='word_1_156' title='bbox 154 815 226 841; x_wconf 88' lang='lat' dir='ltr'><strong>tem</strong></span> <span class='ocrx_word' id='word_1_157' title='bbox 247 820 359 841; x_wconf 84' lang='lat' dir='ltr'><strong>meam</strong></span> <span class='ocrx_word' id='word_1_158' title='bbox 384 810 543 850; x_wconf 79' lang='lat' dir='ltr'><strong>ostendo,</strong></span> <span class='ocrx_word' id='word_1_159' title='bbox 567 810 658 853; x_wconf 91' lang='lat' dir='ltr'><strong>quod</strong></span> <span class='ocrx_word' id='word_1_160' title='bbox 680 821 783 853; x_wconf 86' lang='lat' dir='ltr'><strong>pergo</strong></span> <span class='ocrx_word' id='word_1_161' title='bbox 804 822 860 842; x_wconf 90' lang='lat' dir='ltr'><strong>me</strong></span> <span class='ocrx_word' id='word_1_162' title='bbox 882 810 967 841; x_wconf 90' lang='lat' dir='ltr'><strong>bene</strong></span> <span class='ocrx_word' id='word_1_163' title='bbox 990 810 1030 842; x_wconf 88' lang='lat' dir='ltr'><strong>de</strong></span> <span class='ocrx_word' id='word_1_164' title='bbox 1052 822 1106 842; x_wconf 86' lang='lat' dir='ltr'><strong>me</strong></span> <span class='ocrx_word' id='word_1_165' title='bbox 1127 810 1257 843; x_wconf 84' lang='lat' dir='ltr'><strong>meritis</strong></span> <span class='ocrx_word' id='word_1_166' title='bbox 1283 816 1416 852; x_wconf 84' lang='lat' dir='ltr'><strong>gratum</strong></span> <span class='ocrx_word' id='word_1_167' title='bbox 1438 822 1506 842; x_wconf 85' lang='lat' dir='ltr'><strong>una</strong></span> <span class='ocrx_word' id='word_1_168' title='bbox 1526 812 1705 854; x_wconf 85' lang='lat' dir='ltr'><strong>praebere,</strong></span> <span class='ocrx_word' id='word_1_169' title='bbox 1734 814 1796 845; x_wconf 88' lang='lat' dir='ltr'><strong>etsi</strong></span> <span class='ocrx_word' id='word_1_170' title='bbox 1818 816 1919 847; x_wconf 88' lang='lat' dir='ltr'><strong>multi</strong></span> <span class='ocrx_word' id='word_1_171' title='bbox 1941 824 2028 857; x_wconf 85' lang='lat' dir='ltr'><strong>sunt,</strong></span> 
     </span>
     <span class='ocr_line' id='line_1_14' title="bbox 155 863 2027 907; baseline 0.004 -13"><span class='ocrx_word' id='word_1_172' title='bbox 155 863 215 906; x_wconf 86' lang='lat' dir='ltr'><strong>qui</strong></span> <span class='ocrx_word' id='word_1_173' title='bbox 236 863 300 895; x_wconf 90' lang='lat' dir='ltr'><strong>hoc</strong></span> <span class='ocrx_word' id='word_1_174' title='bbox 321 864 584 906; x_wconf 84' lang='lat' dir='ltr'><strong>reprehendunt,</strong></span> <span class='ocrx_word' id='word_1_175' title='bbox 610 863 753 905; x_wconf 87' lang='lat' dir='ltr'><strong>ideoque</strong></span> <span class='ocrx_word' id='word_1_176' title='bbox 776 874 845 894; x_wconf 88' lang='lat' dir='ltr'><strong>non</strong></span> <span class='ocrx_word' id='word_1_177' title='bbox 868 863 982 894; x_wconf 86' lang='lat' dir='ltr'><strong>desino</strong></span> <span class='ocrx_word' id='word_1_178' title='bbox 1009 864 1044 894; x_wconf 90' lang='lat' dir='ltr'><strong>in</strong></span> <span class='ocrx_word' id='word_1_179' title='bbox 1065 875 1182 896; x_wconf 85' lang='lat' dir='ltr'><strong>eorum</strong></span> <span class='ocrx_word' id='word_1_180' title='bbox 1205 863 1342 894; x_wconf 85' lang='lat' dir='ltr'><strong>uoculas</strong></span> <span class='ocrx_word' id='word_1_181' title='bbox 1366 863 1560 903; x_wconf 77' lang='lat' dir='ltr'><strong>incurrere3</strong></span> <span class='ocrx_word' id='word_1_182' title='bbox 1585 865 1672 907; x_wconf 88' lang='lat' dir='ltr'><strong>quod</strong></span> <span class='ocrx_word' id='word_1_183' title='bbox 1690 872 1737 898; x_wconf 90' lang='lat' dir='ltr'><strong>est</strong></span> <span class='ocrx_word' id='word_1_184' title='bbox 1757 867 1906 900; x_wconf 86' lang='lat' dir='ltr'><strong>hominis</strong></span> <span class='ocrx_word' id='word_1_185' title='bbox 1929 870 2027 903; x_wconf 87' lang='lat' dir='ltr'><strong>liberi</strong></span> 
     </span>
     <span class='ocr_line' id='line_1_15' title="bbox 154 916 2028 965; baseline 0.004 -18"><span class='ocrx_word' id='word_1_186' title='bbox 154 916 302 947; x_wconf 83' lang='lat' dir='ltr'><strong>aliorum</strong></span> <span class='ocrx_word' id='word_1_187' title='bbox 326 916 449 947; x_wconf 82' lang='lat' dir='ltr'><strong>iudicia</strong></span> <span class='ocrx_word' id='word_1_188' title='bbox 470 917 588 959; x_wconf 85' lang='lat' dir='ltr'><strong>iniqua</strong></span> <span class='ocrx_word' id='word_1_189' title='bbox 610 916 852 947; x_wconf 84' lang='lat' dir='ltr'><strong>contemnentis</strong></span> <span class='ocrx_word' id='word_1_190' title='bbox 879 922 912 947; x_wconf 89' lang='lat' dir='ltr'><strong>et</strong></span> <span class='ocrx_word' id='word_1_191' title='bbox 934 916 970 947; x_wconf 91' lang='lat' dir='ltr'><strong>in</strong></span> <span class='ocrx_word' id='word_1_192' title='bbox 993 928 1050 948; x_wconf 83' lang='lat' dir='ltr'><strong>sua</strong></span> <span class='ocrx_word' id='word_1_193' title='bbox 1074 916 1234 948; x_wconf 85' lang='lat' dir='ltr'><strong>sententia</strong></span> <span class='ocrx_word' id='word_1_194' title='bbox 1258 916 1516 958; x_wconf 83' lang='lat' dir='ltr'><strong>perseuerantis.</strong></span> <span class='ocrx_word' id='word_1_195' title='bbox 1550 917 1769 950; x_wconf 70' lang='lat' dir='ltr'><strong>Senurzms.</strong></span> <span class='ocrx_word' id='word_1_196' title='bbox 1813 921 1893 953; x_wconf 91' lang='lat' dir='ltr'><strong>Non</strong></span> <span class='ocrx_word' id='word_1_197' title='bbox 1915 924 2028 965; x_wconf 86' lang='lat' dir='ltr'><strong>potuit</strong></span> 
     </span>
     <span class='ocr_line' id='line_1_16' title="bbox 155 968 2028 1014; baseline 0.002 -14"><span class='ocrx_word' id='word_1_198' title='bbox 155 969 274 1001; x_wconf 82' lang='lat' dir='ltr'><strong>Cicero</strong></span> <span class='ocrx_word' id='word_1_199' title='bbox 297 969 345 1001; x_wconf 86' lang='lat' dir='ltr'><strong>sic</strong></span> <span class='ocrx_word' id='word_1_200' title='bbox 366 968 523 1008; x_wconf 83' lang='lat' dir='ltr'><strong>scribere,</strong></span> <span class='ocrx_word' id='word_1_201' title='bbox 547 975 584 1000; x_wconf 84' lang='lat' dir='ltr'><strong>ut</strong></span> <span class='ocrx_word' id='word_1_202' title='bbox 606 969 715 1000; x_wconf 90' lang='lat' dir='ltr'><strong>uoluit</strong></span> <span class='ocrx_word' id='word_1_203' title='bbox 736 969 935 1001; x_wconf 83' lang='lat' dir='ltr'><strong>Lambinus.</strong></span> <span class='ocrx_word' id='word_1_204' title='bbox 979 969 1092 1001; x_wconf 81' lang='lat' dir='ltr'><strong>Uerba</strong></span> <span class='ocrx_word' id='word_1_205' title='bbox 1116 982 1182 1001; x_wconf 83' lang='lat' dir='ltr'><strong>non</strong></span> <span class='ocrx_word' id='word_1_206' title='bbox 1206 970 1322 1001; x_wconf 83' lang='lat' dir='ltr'><strong>desino</strong></span> <span class='ocrx_word' id='word_1_207' title='bbox 1345 970 1522 1002; x_wconf 73' lang='lat' dir='ltr'><strong>incurrere</strong></span> <span class='ocrx_word' id='word_1_208' title='bbox 1538 988 1581 993; x_wconf 93' lang='lat'><strong>—-</strong></span> <span class='ocrx_word' id='word_1_209' title='bbox 1597 972 1699 1014; x_wconf 81' lang='lat' dir='ltr'><strong>grati</strong></span> <span class='ocrx_word' id='word_1_210' title='bbox 1720 972 1755 1003; x_wconf 86' lang='lat' dir='ltr'><strong>in</strong></span> <span class='ocrx_word' id='word_1_211' title='bbox 1778 972 1869 1004; x_wconf 87' lang='lat' dir='ltr'><strong>hunc</strong></span> <span class='ocrx_word' id='word_1_212' title='bbox 1891 987 2028 1009; x_wconf 81' lang='lat' dir='ltr'><strong>sensum</strong></span> 
     </span>
     <span class='ocr_line' id='line_1_17' title="bbox 154 1021 2027 1066; baseline 0.004 -13"><span class='ocrx_word' id='word_1_213' title='bbox 154 1021 242 1053; x_wconf 81' lang='lat' dir='ltr'><strong>dicta</strong></span> <span class='ocrx_word' id='word_1_214' title='bbox 264 1029 357 1054; x_wconf 88' lang='lat' dir='ltr'><strong>sunt:</strong></span> <span class='ocrx_word' id='word_1_215' title='bbox 390 1034 579 1065; x_wconf 76' lang='lat' dir='ltr'><strong>numquam</strong></span> <span class='ocrx_word' id='word_1_216' title='bbox 600 1034 667 1054; x_wconf 88' lang='lat' dir='ltr'><strong>non</strong></span> <span class='ocrx_word' id='word_1_217' title='bbox 691 1022 921 1066; x_wconf 71' lang='lat' dir='ltr'><strong>reprehendor</strong></span> <span class='ocrx_word' id='word_1_218' title='bbox 928 1047 940 1061; x_wconf 81' lang='lat'><em>,</em></span> <span class='ocrx_word' id='word_1_219' title='bbox 973 1023 1064 1065; x_wconf 76' lang='lat' dir='ltr'><strong>qnod</strong></span> <span class='ocrx_word' id='word_1_220' title='bbox 1085 1023 1232 1054; x_wconf 82' lang='lat' dir='ltr'><strong>nimium</strong></span> <span class='ocrx_word' id='word_1_221' title='bbox 1251 1028 1379 1065; x_wconf 70' lang='lat' dir='ltr'><strong>gratus</strong></span> <span class='ocrx_word' id='word_1_222' title='bbox 1402 1023 1489 1062; x_wconf 67' lang='grc'>31111,-</span> <span class='ocrx_word' id='word_1_223' title='bbox 1523 1023 1612 1065; x_wconf 88' lang='lat' dir='ltr'><strong>quod</strong></span> <span class='ocrx_word' id='word_1_224' title='bbox 1636 1024 1692 1055; x_wconf 87' lang='lat' dir='ltr'><strong>uel</strong></span> <span class='ocrx_word' id='word_1_225' title='bbox 1716 1036 1758 1056; x_wconf 80' lang='lat' dir='ltr'><strong>ex</strong></span> <span class='ocrx_word' id='word_1_226' title='bbox 1780 1027 1893 1059; x_wconf 82' lang='lat' dir='ltr'><strong>uerbis</strong></span> <span class='ocrx_word' id='word_1_227' title='bbox 1916 1040 2027 1061; x_wconf 88' lang='lat' dir='ltr'><strong>mem-</strong></span> 
     </span>
     <span class='ocr_line' id='line_1_18' title="bbox 153 1074 2027 1119; baseline 0.005 -14"><span class='ocrx_word' id='word_1_228' title='bbox 153 1074 208 1105; x_wconf 82' lang='lat' dir='ltr'><strong>bri</strong></span> <span class='ocrx_word' id='word_1_229' title='bbox 231 1074 396 1117; x_wconf 80' lang='lat' dir='ltr'><strong>oppositi,</strong></span> <span class='ocrx_word' id='word_1_230' title='bbox 424 1080 513 1106; x_wconf 82' lang='lat' dir='ltr'><strong>certe</strong></span> <span class='ocrx_word' id='word_1_231' title='bbox 535 1087 602 1107; x_wconf 80' lang='lat' dir='ltr'><strong>non</strong></span> <span class='ocrx_word' id='word_1_232' title='bbox 626 1076 724 1108; x_wconf 86' lang='lat' dir='ltr'><strong>modo</strong></span> <span class='ocrx_word' id='word_1_233' title='bbox 746 1087 814 1107; x_wconf 84' lang='lat' dir='ltr'><strong>non</strong></span> <span class='ocrx_word' id='word_1_234' title='bbox 837 1086 914 1106; x_wconf 83' lang='lat' dir='ltr'><strong>sum</strong></span> <span class='ocrx_word' id='word_1_235' title='bbox 936 1076 1252 1118; x_wconf 75' lang='lat' dir='ltr'><strong>reprehendendus,</strong></span> <span class='ocrx_word' id='word_1_236' title='bbox 1274 1075 1350 1106; x_wconf 78' lang='lat' dir='ltr'><strong>satis</strong></span> <span class='ocrx_word' id='word_1_237' title='bbox 1370 1086 1537 1117; x_wconf 84' lang='lat' dir='ltr'><strong>superque</strong></span> <span class='ocrx_word' id='word_1_238' title='bbox 1561 1075 1778 1119; x_wconf 81' lang='lat' dir='ltr'><strong>intellegitur.</strong></span> <span class='ocrx_word' id='word_1_239' title='bbox 1822 1080 1887 1111; x_wconf 89' lang='lat' dir='ltr'><strong>Iste</strong></span> <span class='ocrx_word' id='word_1_240' title='bbox 1912 1093 2027 1114; x_wconf 88' lang='lat' dir='ltr'><strong>sensus</strong></span> 
     </span>
     <span class='ocr_line' id='line_1_19' title="bbox 151 1127 2028 1174; baseline 0.005 -17"><span class='ocrx_word' id='word_1_241' title='bbox 151 1132 266 1158; x_wconf 85' lang='lat' dir='ltr'><strong>autem</strong></span> <span class='ocrx_word' id='word_1_242' title='bbox 288 1127 386 1158; x_wconf 86' lang='lat' dir='ltr'><strong>unice</strong></span> <span class='ocrx_word' id='word_1_243' title='bbox 408 1132 505 1169; x_wconf 84' lang='lat' dir='ltr'><strong>aptus</strong></span> <span class='ocrx_word' id='word_1_244' title='bbox 528 1127 608 1158; x_wconf 81' lang='lat' dir='ltr'><strong>huic</strong></span> <span class='ocrx_word' id='word_1_245' title='bbox 630 1128 748 1159; x_wconf 90' lang='lat' dir='ltr'><strong>locost.</strong></span> <span class='ocrx_word' id='word_1_246' title='bbox 795 1127 968 1159; x_wconf 84' lang='lat' dir='ltr'><strong>Ciceronis</strong></span> <span class='ocrx_word' id='word_1_247' title='bbox 993 1128 1083 1159; x_wconf 89' lang='lat' dir='ltr'><strong>enim</strong></span> <span class='ocrx_word' id='word_1_248' title='bbox 1106 1130 1279 1167; x_wconf 81' lang='lat' dir='ltr'><strong>sententia,</strong></span> <span class='ocrx_word' id='word_1_249' title='bbox 1304 1129 1343 1159; x_wconf 84' lang='lat' dir='ltr'><strong>de</strong></span> <span class='ocrx_word' id='word_1_250' title='bbox 1363 1128 1526 1160; x_wconf 79' lang='lat' dir='ltr'><strong>industria</strong></span> <span class='ocrx_word' id='word_1_251' title='bbox 1548 1129 1719 1162; x_wconf 82' lang='lat' dir='ltr'><strong>obscurius</strong></span> <span class='ocrx_word' id='word_1_252' title='bbox 1743 1133 1922 1174; x_wconf 81' lang='lat' dir='ltr'><strong>enuntiata⁷</strong></span> <span class='ocrx_word' id='word_1_253' title='bbox 1945 1135 2028 1166; x_wconf 86' lang='lat' dir='ltr'><strong>haec</strong></span> 
     </span>
     <span class='ocr_line' id='line_1_20' title="bbox 152 1180 2026 1229; baseline 0.004 -18"><span class='ocrx_word' id='word_1_254' title='bbox 152 1186 184 1211; x_wconf 84' lang='lat' dir='ltr'><strong>et</strong></span> <span class='ocrx_word' id='word_1_255' title='bbox 206 1186 254 1211; x_wconf 84' lang='lat' dir='ltr'><strong>est</strong></span> <span class='ocrx_word' id='word_1_256' title='bbox 273 1185 306 1211; x_wconf 88' lang='lat' dir='ltr'><strong>et</strong></span> <span class='ocrx_word' id='word_1_257' title='bbox 329 1191 400 1211; x_wconf 85' lang='lat' dir='ltr'><strong>esse</strong></span> <span class='ocrx_word' id='word_1_258' title='bbox 423 1180 538 1211; x_wconf 83' lang='lat' dir='ltr'><strong>debet:</strong></span> <span class='ocrx_word' id='word_1_259' title='bbox 571 1181 691 1220; x_wconf 83' lang='lat' dir='ltr'><strong>Errat,</strong></span> <span class='ocrx_word' id='word_1_260' title='bbox 716 1180 774 1223; x_wconf 88' lang='lat' dir='ltr'><strong>qui</strong></span> <span class='ocrx_word' id='word_1_261' title='bbox 796 1180 923 1222; x_wconf 80' lang='lat' dir='ltr'><strong>aliquid</strong></span> <span class='ocrx_word' id='word_1_262' title='bbox 947 1180 988 1211; x_wconf 91' lang='lat' dir='ltr'><strong>de</strong></span> <span class='ocrx_word' id='word_1_263' title='bbox 1011 1181 1166 1212; x_wconf 83' lang='lat' dir='ltr'><strong>libertate</strong></span> <span class='ocrx_word' id='word_1_264' title='bbox 1192 1193 1267 1212; x_wconf 86' lang='lat' dir='ltr'><strong>mea</strong></span> <span class='ocrx_word' id='word_1_265' title='bbox 1290 1182 1503 1213; x_wconf 77' lang='lat' dir='ltr'><strong>deminutum</strong></span> <span class='ocrx_word' id='word_1_266' title='bbox 1525 1188 1636 1224; x_wconf 85' lang='lat' dir='ltr'><strong>putat,</strong></span> <span class='ocrx_word' id='word_1_267' title='bbox 1665 1183 1818 1226; x_wconf 86' lang='lat' dir='ltr'><strong>mihique</strong></span> <span class='ocrx_word' id='word_1_268' title='bbox 1842 1187 2026 1229; x_wconf 85' lang='lat' dir='ltr'><strong>opprobrio</strong></span> 
     </span>
     <span class='ocr_line' id='line_1_21' title="bbox 151 1231 2026 1281; baseline 0.005 -19"><span class='ocrx_word' id='word_1_269' title='bbox 151 1231 247 1271; x_wconf 83' lang='lat' dir='ltr'><strong>facit,</strong></span> <span class='ocrx_word' id='word_1_270' title='bbox 279 1232 367 1274; x_wconf 88' lang='lat' dir='ltr'><strong>quod</strong></span> <span class='ocrx_word' id='word_1_271' title='bbox 390 1245 467 1264; x_wconf 85' lang='lat' dir='ltr'><strong>cum</strong></span> <span class='ocrx_word' id='word_1_272' title='bbox 488 1233 546 1273; x_wconf 84' lang='lat' dir='ltr'><strong>iis,</strong></span> <span class='ocrx_word' id='word_1_273' title='bbox 580 1233 700 1275; x_wconf 89' lang='lat' dir='ltr'><strong>quibus</strong></span> <span class='ocrx_word' id='word_1_274' title='bbox 723 1239 820 1264; x_wconf 87' lang='lat' dir='ltr'><strong>antea</strong></span> <span class='ocrx_word' id='word_1_275' title='bbox 840 1232 998 1265; x_wconf 83' lang='lat' dir='ltr'><strong>inimicus</strong></span> <span class='ocrx_word' id='word_1_276' title='bbox 1021 1232 1162 1274; x_wconf 84' lang='lat' dir='ltr'><strong>fuerim,</strong></span> <span class='ocrx_word' id='word_1_277' title='bbox 1195 1234 1231 1266; x_wconf 87' lang='lat' dir='ltr'><strong>in</strong></span> <span class='ocrx_word' id='word_1_278' title='bbox 1256 1234 1395 1277; x_wconf 78' lang='lat' dir='ltr'><strong>gratiam</strong></span> <span class='ocrx_word' id='word_1_279' title='bbox 1418 1234 1592 1267; x_wconf 85' lang='lat' dir='ltr'><strong>redierim:</strong></span> <span class='ocrx_word' id='word_1_280' title='bbox 1629 1246 1708 1267; x_wconf 77' lang='lat' dir='ltr'><strong>nam</strong></span> <span class='ocrx_word' id='word_1_281' title='bbox 1730 1237 1757 1268; x_wconf 85' lang='lat' dir='ltr'><strong>si</strong></span> <span class='ocrx_word' id='word_1_282' title='bbox 1779 1249 1884 1281; x_wconf 86' lang='lat' dir='ltr'><strong>pergo</strong></span> <span class='ocrx_word' id='word_1_283' title='bbox 1908 1241 2026 1272; x_wconf 86' lang='lat' dir='ltr'><strong>amici-</strong></span> 
     </span>
     <span class='ocr_line' id='line_1_22' title="bbox 151 1285 2025 1335; baseline 0.002 -19"><span class='ocrx_word' id='word_1_284' title='bbox 151 1285 235 1317; x_wconf 81' lang='lat' dir='ltr'><strong>tiam</strong></span> <span class='ocrx_word' id='word_1_285' title='bbox 258 1286 370 1317; x_wconf 84' lang='lat' dir='ltr'><strong>colere</strong></span> <span class='ocrx_word' id='word_1_286' title='bbox 393 1297 531 1325; x_wconf 89' lang='lat' dir='ltr'><strong>eorum,</strong></span> <span class='ocrx_word' id='word_1_287' title='bbox 561 1287 620 1328; x_wconf 86' lang='lat' dir='ltr'><strong>qui</strong></span> <span class='ocrx_word' id='word_1_288' title='bbox 643 1286 725 1318; x_wconf 87' lang='lat' dir='ltr'><strong>olim</strong></span> <span class='ocrx_word' id='word_1_289' title='bbox 748 1287 835 1318; x_wconf 89' lang='lat' dir='ltr'><strong>bene</strong></span> <span class='ocrx_word' id='word_1_290' title='bbox 858 1286 899 1317; x_wconf 85' lang='lat' dir='ltr'><strong>de</strong></span> <span class='ocrx_word' id='word_1_291' title='bbox 920 1298 976 1318; x_wconf 89' lang='lat' dir='ltr'><strong>me</strong></span> <span class='ocrx_word' id='word_1_292' title='bbox 997 1287 1109 1318; x_wconf 85' lang='lat' dir='ltr'><strong>meriti</strong></span> <span class='ocrx_word' id='word_1_293' title='bbox 1131 1293 1225 1327; x_wconf 86' lang='lat' dir='ltr'><strong>sunt,</strong></span> <span class='ocrx_word' id='word_1_294' title='bbox 1258 1288 1368 1329; x_wconf 90' lang='lat' dir='ltr'><strong>iisque</strong></span> <span class='ocrx_word' id='word_1_295' title='bbox 1391 1293 1524 1330; x_wconf 85' lang='lat' dir='ltr'><strong>gratum</strong></span> <span class='ocrx_word' id='word_1_296' title='bbox 1546 1299 1602 1318; x_wconf 89' lang='lat' dir='ltr'><strong>me</strong></span> <span class='ocrx_word' id='word_1_297' title='bbox 1626 1289 1806 1331; x_wconf 84' lang='lat' dir='ltr'><strong>praebere,</strong></span> <span class='ocrx_word' id='word_1_298' title='bbox 1837 1294 2025 1335; x_wconf 78' lang='lat' dir='ltr'><strong>reprehen-</strong></span> 
     </span>
     <span class='ocr_line' id='line_1_23' title="bbox 150 1338 2024 1385; baseline 0.005 -16"><span class='ocrx_word' id='word_1_299' title='bbox 150 1338 232 1378; x_wconf 85' lang='lat' dir='ltr'><strong>dor,</strong></span> <span class='ocrx_word' id='word_1_300' title='bbox 267 1338 356 1380; x_wconf 87' lang='lat' dir='ltr'><strong>quod</strong></span> <span class='ocrx_word' id='word_1_301' title='bbox 380 1339 525 1371; x_wconf 86' lang='lat' dir='ltr'><strong>nimium</strong></span> <span class='ocrx_word' id='word_1_302' title='bbox 547 1351 679 1372; x_wconf 87' lang='lat' dir='ltr'><strong>memor</strong></span> <span class='ocrx_word' id='word_1_303' title='bbox 700 1340 765 1372; x_wconf 88' lang='lat' dir='ltr'><strong>sim</strong></span> <span class='ocrx_word' id='word_1_304' title='bbox 787 1340 1000 1381; x_wconf 87' lang='lat' dir='ltr'><strong>nimiumque</strong></span> <span class='ocrx_word' id='word_1_305' title='bbox 1030 1346 1161 1382; x_wconf 77' lang='lat' dir='ltr'><strong>gratus3</strong></span> <span class='ocrx_word' id='word_1_306' title='bbox 1195 1340 1249 1371; x_wconf 89' lang='lat' dir='ltr'><strong>sin</strong></span> <span class='ocrx_word' id='word_1_307' title='bbox 1271 1346 1381 1371; x_wconf 83' lang='lat' dir='ltr'><strong>autem</strong></span> <span class='ocrx_word' id='word_1_308' title='bbox 1407 1340 1479 1372; x_wconf 86' lang='lat' dir='ltr'><strong>sine</strong></span> <span class='ocrx_word' id='word_1_309' title='bbox 1502 1340 1572 1372; x_wconf 89' lang='lat' dir='ltr'><strong>ullo</strong></span> <span class='ocrx_word' id='word_1_310' title='bbox 1593 1342 1643 1373; x_wconf 82' lang='lat' dir='ltr'><strong>rei</strong></span> <span class='ocrx_word' id='word_1_311' title='bbox 1665 1354 1700 1385; x_wconf 87' lang='lat' dir='ltr'><strong>p.</strong></span> <span class='ocrx_word' id='word_1_312' title='bbox 1725 1343 1924 1378; x_wconf 87' lang='lat' dir='ltr'><strong>detrimento</strong></span> <span class='ocrx_word' id='word_1_313' title='bbox 1947 1358 2024 1379; x_wconf 89' lang='lat' dir='ltr'><strong>cum</strong></span> 
     </span>
     <span class='ocr_line' id='line_1_24' title="bbox 147 1391 2022 1437; baseline 0.004 -14"><span class='ocrx_word' id='word_1_314' title='bbox 147 1391 190 1423; x_wconf 82' lang='lat' dir='ltr'><strong>iis</strong></span> <span class='ocrx_word' id='word_1_315' title='bbox 212 1403 268 1423; x_wconf 89' lang='lat' dir='ltr'><strong>me</strong></span> <span class='ocrx_word' id='word_1_316' title='bbox 290 1392 477 1435; x_wconf 84' lang='lat' dir='ltr'><strong>coniungO,</strong></span> <span class='ocrx_word' id='word_1_317' title='bbox 501 1403 520 1423; x_wconf 81' lang='lat' dir='ltr'><strong>a</strong></span> <span class='ocrx_word' id='word_1_318' title='bbox 543 1393 663 1435; x_wconf 87' lang='lat' dir='ltr'><strong>quibus</strong></span> <span class='ocrx_word' id='word_1_319' title='bbox 687 1400 784 1425; x_wconf 83' lang='lat' dir='ltr'><strong>antea</strong></span> <span class='ocrx_word' id='word_1_320' title='bbox 806 1394 970 1425; x_wconf 86' lang='lat' dir='ltr'><strong>diiunctus</strong></span> <span class='ocrx_word' id='word_1_321' title='bbox 994 1394 1055 1433; x_wconf 77' lang='lat' dir='ltr'><strong>sui,</strong></span> <span class='ocrx_word' id='word_1_322' title='bbox 1080 1400 1119 1425; x_wconf 91' lang='lat' dir='ltr'><strong>ut</strong></span> <span class='ocrx_word' id='word_1_323' title='bbox 1140 1393 1226 1424; x_wconf 78' lang='lat' dir='ltr'><strong>mihi</strong></span> <span class='ocrx_word' id='word_1_324' title='bbox 1248 1394 1400 1435; x_wconf 89' lang='lat' dir='ltr'><strong>meisque</strong></span> <span class='ocrx_word' id='word_1_325' title='bbox 1421 1394 1599 1436; x_wconf 84' lang='lat' dir='ltr'><strong>aliquando</strong></span> <span class='ocrx_word' id='word_1_326' title='bbox 1622 1396 1806 1437; x_wconf 85' lang='lat' dir='ltr'><strong>consulam,</strong></span> <span class='ocrx_word' id='word_1_327' title='bbox 1831 1409 1899 1429; x_wconf 90' lang='grc'>11011</span> <span class='ocrx_word' id='word_1_328' title='bbox 1923 1401 2022 1433; x_wconf 84' lang='lat' dir='ltr'><strong>modo</strong></span> 
     </span>
     <span class='ocr_line' id='line_1_25' title="bbox 147 1445 2021 1492; baseline 0.005 -16"><span class='ocrx_word' id='word_1_329' title='bbox 147 1455 216 1477; x_wconf 87' lang='lat' dir='ltr'><strong>non</strong></span> <span class='ocrx_word' id='word_1_330' title='bbox 238 1457 314 1477; x_wconf 88' lang='lat' dir='ltr'><strong>sum</strong></span> <span class='ocrx_word' id='word_1_331' title='bbox 336 1446 657 1488; x_wconf 84' lang='lat' dir='ltr'><strong>reprehendendus,</strong></span> <span class='ocrx_word' id='word_1_332' title='bbox 686 1453 735 1479; x_wconf 83' lang='lat' dir='ltr'><strong>set</strong></span> <span class='ocrx_word' id='word_1_333' title='bbox 759 1447 841 1480; x_wconf 85' lang='lat' dir='ltr'><strong>adeo</strong></span> <span class='ocrx_word' id='word_1_334' title='bbox 864 1447 1063 1486; x_wconf 84' lang='lat' dir='ltr'><strong>laudandus,</strong></span> <span class='ocrx_word' id='word_1_335' title='bbox 1095 1445 1185 1488; x_wconf 88' lang='lat' dir='ltr'><strong>quod</strong></span> <span class='ocrx_word' id='word_1_336' title='bbox 1206 1458 1301 1478; x_wconf 85' lang='lat' dir='ltr'><strong>meae</strong></span> <span class='ocrx_word' id='word_1_337' title='bbox 1323 1447 1440 1487; x_wconf 79' lang='lat' dir='ltr'><strong>saluti,</strong></span> <span class='ocrx_word' id='word_1_338' title='bbox 1471 1458 1614 1489; x_wconf 88' lang='lat' dir='ltr'><strong>quacum</strong></span> <span class='ocrx_word' id='word_1_339' title='bbox 1636 1448 1723 1480; x_wconf 85' lang='lat' dir='ltr'><strong>salus</strong></span> <span class='ocrx_word' id='word_1_340' title='bbox 1746 1450 1796 1480; x_wconf 89' lang='lat' dir='ltr'><strong>rei</strong></span> <span class='ocrx_word' id='word_1_341' title='bbox 1818 1462 1852 1492; x_wconf 83' lang='lat' dir='ltr'><strong>p.</strong></span> <span class='ocrx_word' id='word_1_342' title='bbox 1877 1453 2021 1485; x_wconf 88' lang='lat' dir='ltr'><strong>coniun-</strong></span> 
     </span>
     <span class='ocr_line' id='line_1_26' title="bbox 148 1498 532 1541; baseline 0 -12"><span class='ocrx_word' id='word_1_343' title='bbox 148 1504 200 1531; x_wconf 84' lang='lat' dir='ltr'><strong>cta</strong></span> <span class='ocrx_word' id='word_1_344' title='bbox 224 1504 288 1537; x_wconf 89' lang='lat' dir='ltr'><strong>est,</strong></span> <span class='ocrx_word' id='word_1_345' title='bbox 315 1498 532 1541; x_wconf 83' lang='lat' dir='ltr'><strong>prospiciam.</strong></span> 
     </span>
    </p>

    <p class='ocr_par' dir='ltr' id='par_1_6' title="bbox 143 1552 2020 1954">
     <span class='ocr_line' id='line_1_27' title="bbox 235 1552 2019 1598; baseline 0.004 -15"><span class='ocrx_word' id='word_1_346' title='bbox 235 1552 264 1594; x_wconf 82' lang='lat'><strong>§.</strong></span> <span class='ocrx_word' id='word_1_347' title='bbox 289 1563 341 1594; x_wconf 81' lang='lat'><strong>92.</strong></span> <span class='ocrx_word' id='word_1_348' title='bbox 385 1553 458 1584; x_wconf 86' lang='lat' dir='ltr'><strong>Res</strong></span> <span class='ocrx_word' id='word_1_349' title='bbox 480 1564 562 1584; x_wconf 85' lang='lat' dir='ltr'><strong>uero</strong></span> <span class='ocrx_word' id='word_1_350' title='bbox 585 1553 662 1597; x_wconf 76' lang='lat' dir='ltr'><strong>ipsa</strong></span> <span class='ocrx_word' id='word_1_351' title='bbox 677 1552 821 1596; x_wconf 77' lang='lat' dir='ltr'><strong>publica</strong></span> <span class='ocrx_word' id='word_1_352' title='bbox 843 1554 875 1586; x_wconf 85' lang='lat' dir='ltr'><strong>si</strong></span> <span class='ocrx_word' id='word_1_353' title='bbox 896 1554 992 1597; x_wconf 81' lang='lat' dir='ltr'><strong>loqui</strong></span> <span class='ocrx_word' id='word_1_354' title='bbox 1008 1558 1125 1597; x_wconf 82' lang='lat' dir='ltr'><strong>posset</strong></span> <span class='ocrx_word' id='word_1_355' title='bbox 1148 1552 1222 1591; x_wconf 78' lang='lat' dir='ltr'><strong>etc.)</strong></span> <span class='ocrx_word' id='word_1_356' title='bbox 1266 1553 1306 1584; x_wconf 90' lang='lat' dir='ltr'><strong>ln</strong></span> <span class='ocrx_word' id='word_1_357' title='bbox 1329 1563 1382 1591; x_wconf 84' lang='lat' dir='ltr'><strong>ea,</strong></span> <span class='ocrx_word' id='word_1_358' title='bbox 1408 1563 1471 1594; x_wconf 85' lang='lat' dir='ltr'><strong>qua</strong></span> <span class='ocrx_word' id='word_1_359' title='bbox 1494 1563 1592 1595; x_wconf 81' lang='lat' dir='ltr'><strong>saepe</strong></span> <span class='ocrx_word' id='word_1_360' title='bbox 1614 1552 1681 1585; x_wconf 83' lang='lat' dir='ltr'><strong>iam</strong></span> <span class='ocrx_word' id='word_1_361' title='bbox 1704 1560 1793 1595; x_wconf 86' lang='lat' dir='ltr'><strong>utor,</strong></span> <span class='ocrx_word' id='word_1_362' title='bbox 1817 1556 1958 1598; x_wconf 83' lang='lat' dir='ltr'><strong>epistula</strong></span> <span class='ocrx_word' id='word_1_363' title='bbox 1979 1559 2019 1590; x_wconf 84' lang='lat' dir='ltr'><strong>ad</strong></span> 
     </span>
     <span class='ocr_line' id='line_1_28' title="bbox 148 1605 2020 1651; baseline 0.004 -15"><span class='ocrx_word' id='word_1_364' title='bbox 148 1605 337 1636; x_wconf 87' lang='lat' dir='ltr'><strong>Lentulum</strong></span> <span class='ocrx_word' id='word_1_365' title='bbox 368 1605 420 1646; x_wconf 87' lang='lat' dir='ltr'><strong>[ad</strong></span> <span class='ocrx_word' id='word_1_366' title='bbox 443 1605 525 1636; x_wconf 89' lang='lat' dir='ltr'><strong>Diu.</strong></span> <span class='ocrx_word' id='word_1_367' title='bbox 549 1607 580 1644; x_wconf 87' lang='lat' dir='ltr'><strong>I,</strong></span> <span class='ocrx_word' id='word_1_368' title='bbox 612 1607 656 1648; x_wconf 86' lang='lat'><strong>9.]</strong></span> <span class='ocrx_word' id='word_1_369' title='bbox 690 1617 763 1637; x_wconf 89' lang='lat' dir='ltr'><strong>rem</strong></span> <span class='ocrx_word' id='word_1_370' title='bbox 787 1618 821 1649; x_wconf 85' lang='lat' dir='ltr'><strong>p.</strong></span> <span class='ocrx_word' id='word_1_371' title='bbox 845 1606 917 1650; x_wconf 85' lang='lat' dir='ltr'><strong>ipse</strong></span> <span class='ocrx_word' id='word_1_372' title='bbox 940 1605 1133 1647; x_wconf 84' lang='lat' dir='ltr'><strong>adloquitur</strong></span> <span class='ocrx_word' id='word_1_373' title='bbox 1161 1605 1281 1637; x_wconf 86' lang='lat' dir='ltr'><strong>eodem</strong></span> <span class='ocrx_word' id='word_1_374' title='bbox 1306 1611 1519 1647; x_wconf 78' lang='lat' dir='ltr'><strong>argumento,</strong></span> <span class='ocrx_word' id='word_1_375' title='bbox 1556 1611 1594 1636; x_wconf 89' lang='lat' dir='ltr'><strong>ut</strong></span> <span class='ocrx_word' id='word_1_376' title='bbox 1615 1618 1650 1638; x_wconf 89' lang='lat' dir='ltr'><strong>se</strong></span> <span class='ocrx_word' id='word_1_377' title='bbox 1673 1607 1711 1638; x_wconf 82' lang='lat' dir='ltr'><strong>ad</strong></span> <span class='ocrx_word' id='word_1_378' title='bbox 1734 1608 1934 1651; x_wconf 83' lang='lat' dir='ltr'><strong>Pompeium</strong></span> <span class='ocrx_word' id='word_1_379' title='bbox 1958 1612 2020 1643; x_wconf 86' lang='lat' dir='ltr'><strong>ad-</strong></span> 
     </span>
     <span class='ocr_line' id='line_1_29' title="bbox 148 1656 2019 1703; baseline 0.005 -16"><span class='ocrx_word' id='word_1_380' title='bbox 148 1656 243 1698; x_wconf 85' lang='lat' dir='ltr'><strong>iungi</strong></span> <span class='ocrx_word' id='word_1_381' title='bbox 273 1657 371 1689; x_wconf 88' lang='lat' dir='ltr'><strong>sinat.</strong></span> <span class='ocrx_word' id='word_1_382' title='bbox 417 1657 578 1702; x_wconf 81' lang='lat' dir='ltr'><strong>Conlegi,</strong></span> <span class='ocrx_word' id='word_1_383' title='bbox 613 1658 677 1696; x_wconf 83' lang='lat' dir='ltr'><strong>ait,</strong></span> <span class='ocrx_word' id='word_1_384' title='bbox 719 1660 792 1702; x_wconf 78' lang='lat' dir='ltr'><strong>ipse</strong></span> <span class='ocrx_word' id='word_1_385' title='bbox 814 1672 884 1699; x_wconf 88' lang='lat' dir='ltr'><strong>me,</strong></span> <span class='ocrx_word' id='word_1_386' title='bbox 922 1666 955 1692; x_wconf 87' lang='lat' dir='ltr'><strong>et</strong></span> <span class='ocrx_word' id='word_1_387' title='bbox 977 1671 1055 1691; x_wconf 83' lang='lat' dir='ltr'><strong>cum</strong></span> <span class='ocrx_word' id='word_1_388' title='bbox 1077 1659 1154 1701; x_wconf 74' lang='lat' dir='ltr'><strong>ipsa</strong></span> <span class='ocrx_word' id='word_1_389' title='bbox 1176 1658 1278 1702; x_wconf 79' lang='lat' dir='ltr'><strong>quasi</strong></span> <span class='ocrx_word' id='word_1_390' title='bbox 1306 1670 1342 1690; x_wconf 84' lang='lat' dir='ltr'><strong>re</strong></span> <span class='ocrx_word' id='word_1_391' title='bbox 1361 1672 1396 1703; x_wconf 80' lang='lat' dir='ltr'><strong>p.</strong></span> <span class='ocrx_word' id='word_1_392' title='bbox 1420 1658 1617 1691; x_wconf 70' lang='lat' dir='ltr'><strong>conlocutus</strong></span> <span class='ocrx_word' id='word_1_393' title='bbox 1640 1672 1716 1692; x_wconf 82' lang='lat' dir='ltr'><strong>sum</strong></span> <span class='ocrx_word' id='word_1_394' title='bbox 1725 1673 1737 1700; x_wconf 76' lang='lat'><strong>‚-</strong></span> <span class='ocrx_word' id='word_1_395' title='bbox 1776 1667 1816 1693; x_wconf 85' lang='lat' dir='ltr'><strong>ut</strong></span> <span class='ocrx_word' id='word_1_396' title='bbox 1838 1664 1926 1695; x_wconf 74' lang='lat' dir='ltr'><strong>mihi</strong></span> <span class='ocrx_word' id='word_1_397' title='bbox 1947 1670 2019 1697; x_wconf 73' lang='lat' dir='ltr'><strong>tam</strong></span> 
     </span>
     <span class='ocr_line' id='line_1_30' title="bbox 147 1710 2020 1757; baseline 0.005 -17"><span class='ocrx_word' id='word_1_398' title='bbox 147 1710 260 1742; x_wconf 78' lang='lat' dir='ltr'><strong>multa</strong></span> <span class='ocrx_word' id='word_1_399' title='bbox 286 1722 356 1753; x_wconf 81' lang='lat' dir='ltr'><strong>pro</strong></span> <span class='ocrx_word' id='word_1_400' title='bbox 378 1722 414 1742; x_wconf 79' lang='lat' dir='ltr'><strong>se</strong></span> <span class='ocrx_word' id='word_1_401' title='bbox 429 1722 594 1754; x_wconf 76' lang='lat' dir='ltr'><strong>perpesso</strong></span> <span class='ocrx_word' id='word_1_402' title='bbox 622 1718 727 1755; x_wconf 78' lang='lat' dir='ltr'><strong>atque</strong></span> <span class='ocrx_word' id='word_1_403' title='bbox 749 1712 938 1756; x_wconf 79' lang='lat' dir='ltr'><strong>perfuncto</strong></span> <span class='ocrx_word' id='word_1_404' title='bbox 963 1713 1177 1750; x_wconf 78' lang='lat' dir='ltr'><strong>concederet,</strong></span> <span class='ocrx_word' id='word_1_405' title='bbox 1211 1717 1251 1743; x_wconf 83' lang='lat' dir='ltr'><strong>ut</strong></span> <span class='ocrx_word' id='word_1_406' title='bbox 1278 1712 1428 1756; x_wconf 74' lang='lat' dir='ltr'><strong>officium</strong></span> <span class='ocrx_word' id='word_1_407' title='bbox 1456 1724 1569 1743; x_wconf 84' lang='lat' dir='ltr'><strong>meum</strong></span> <span class='ocrx_word' id='word_1_408' title='bbox 1598 1724 1844 1757; x_wconf 79' lang='lat' dir='ltr'><strong>memoremque</strong></span> <span class='ocrx_word' id='word_1_409' title='bbox 1872 1717 1909 1748; x_wconf 81' lang='lat' dir='ltr'><strong>in</strong></span> <span class='ocrx_word' id='word_1_410' title='bbox 1939 1717 2020 1750; x_wconf 77' lang='lat' dir='ltr'><strong>bene</strong></span> 
     </span>
     <span class='ocr_line' id='line_1_31' title="bbox 146 1762 2018 1811; baseline 0.004 -18"><span class='ocrx_word' id='word_1_411' title='bbox 146 1762 288 1794; x_wconf 81' lang='lat' dir='ltr'><strong>meritos</strong></span> <span class='ocrx_word' id='word_1_412' title='bbox 310 1764 483 1803; x_wconf 83' lang='lat' dir='ltr'><strong>animum,</strong></span> <span class='ocrx_word' id='word_1_413' title='bbox 508 1763 688 1808; x_wconf 83' lang='lat' dir='ltr'><strong>fidemque</strong></span> <span class='ocrx_word' id='word_1_414' title='bbox 700 1764 836 1809; x_wconf 78' lang='lat' dir='ltr'><strong>fratris</strong></span> <span class='ocrx_word' id='word_1_415' title='bbox 858 1766 925 1798; x_wconf 82' lang='lat' dir='ltr'><strong>mei</strong></span> <span class='ocrx_word' id='word_1_416' title='bbox 942 1770 1175 1810; x_wconf 75' lang='lat' dir='ltr'><strong>praestarem,</strong></span> <span class='ocrx_word' id='word_1_417' title='bbox 1203 1777 1346 1808; x_wconf 77' lang='lat' dir='ltr'><strong>eumque</strong></span> <span class='ocrx_word' id='word_1_418' title='bbox 1352 1790 1363 1804; x_wconf 85' lang='lat'><strong><em>,</em></strong></span> <span class='ocrx_word' id='word_1_419' title='bbox 1396 1777 1494 1809; x_wconf 76' lang='lat' dir='ltr'><strong>quem</strong></span> <span class='ocrx_word' id='word_1_420' title='bbox 1517 1765 1640 1798; x_wconf 82' lang='lat' dir='ltr'><strong>bonum</strong></span> <span class='ocrx_word' id='word_1_421' title='bbox 1662 1767 1773 1798; x_wconf 78' lang='lat' dir='ltr'><strong>ciuem</strong></span> <span class='ocrx_word' id='word_1_422' title='bbox 1800 1779 1932 1811; x_wconf 78' lang='lat' dir='ltr'><strong>semper</strong></span> <span class='ocrx_word' id='word_1_423' title='bbox 1955 1770 2018 1802; x_wconf 78' lang='lat' dir='ltr'><strong>lia-</strong></span> 
     </span>
     <span class='ocr_line' id='line_1_32' title="bbox 147 1814 2019 1864; baseline 0.003 -18"><span class='ocrx_word' id='word_1_424' title='bbox 147 1814 293 1854; x_wconf 82' lang='lat' dir='ltr'><strong>buisset,</strong></span> <span class='ocrx_word' id='word_1_425' title='bbox 327 1815 452 1848; x_wconf 81' lang='lat' dir='ltr'><strong>bonum</strong></span> <span class='ocrx_word' id='word_1_426' title='bbox 480 1817 600 1850; x_wconf 84' lang='lat' dir='ltr'><strong>uirum</strong></span> <span class='ocrx_word' id='word_1_427' title='bbox 625 1830 695 1850; x_wconf 88' lang='lat' dir='ltr'><strong>esse</strong></span> <span class='ocrx_word' id='word_1_428' title='bbox 718 1824 912 1862; x_wconf 78' lang='lat' dir='ltr'><strong>pateretur.</strong></span> <span class='ocrx_word' id='word_1_429' title='bbox 955 1818 1104 1851; x_wconf 80' lang='lat' dir='ltr'><strong>Uidebat</strong></span> <span class='ocrx_word' id='word_1_430' title='bbox 1134 1817 1236 1859; x_wconf 87' lang='lat' dir='ltr'><strong>igitur</strong></span> <span class='ocrx_word' id='word_1_431' title='bbox 1257 1818 1321 1849; x_wconf 86' lang='lat' dir='ltr'><strong>sibi</strong></span> <span class='ocrx_word' id='word_1_432' title='bbox 1345 1818 1480 1860; x_wconf 85' lang='lat' dir='ltr'><strong>quidem</strong></span> <span class='ocrx_word' id='word_1_433' title='bbox 1501 1818 1703 1858; x_wconf 85' lang='lat' dir='ltr'><strong>conducere,</strong></span> <span class='ocrx_word' id='word_1_434' title='bbox 1737 1825 1785 1850; x_wconf 84' lang='lat' dir='ltr'><strong>set</strong></span> <span class='ocrx_word' id='word_1_435' title='bbox 1807 1830 1876 1850; x_wconf 88' lang='lat' dir='ltr'><strong>non</strong></span> <span class='ocrx_word' id='word_1_436' title='bbox 1898 1821 1949 1851; x_wconf 84' lang='lat' dir='ltr'><strong>rei</strong></span> <span class='ocrx_word' id='word_1_437' title='bbox 1972 1833 2019 1864; x_wconf 86' lang='lat' dir='ltr'><strong>p.,</strong></span> 
     </span>
     <span class='ocr_line' id='line_1_33' title="bbox 145 1867 2018 1917; baseline 0.004 -18"><span class='ocrx_word' id='word_1_438' title='bbox 145 1873 186 1899; x_wconf 92' lang='lat' dir='ltr'><strong>ut</strong></span> <span class='ocrx_word' id='word_1_439' title='bbox 207 1867 249 1899; x_wconf 80' lang='lat' dir='ltr'><strong>ad</strong></span> <span class='ocrx_word' id='word_1_440' title='bbox 276 1867 537 1901; x_wconf 84' lang='lat' dir='ltr'><strong>triumuirorum</strong></span> <span class='ocrx_word' id='word_1_441' title='bbox 567 1871 775 1903; x_wconf 83' lang='lat' dir='ltr'><strong>uoluntatem</strong></span> <span class='ocrx_word' id='word_1_442' title='bbox 803 1882 875 1903; x_wconf 89' lang='lat' dir='ltr'><strong>sese</strong></span> <span class='ocrx_word' id='word_1_443' title='bbox 905 1871 1118 1914; x_wconf 78' lang='lat' dir='ltr'><strong>adgregaret3</strong></span> <span class='ocrx_word' id='word_1_444' title='bbox 1150 1882 1233 1913; x_wconf 85' lang='lat' dir='ltr'><strong>quos</strong></span> <span class='ocrx_word' id='word_1_445' title='bbox 1261 1876 1373 1901; x_wconf 88' lang='lat' dir='ltr'><strong>tamen</strong></span> <span class='ocrx_word' id='word_1_446' title='bbox 1401 1871 1469 1903; x_wconf 89' lang='lat' dir='ltr'><strong>suis</strong></span> <span class='ocrx_word' id='word_1_447' title='bbox 1501 1872 1620 1915; x_wconf 88' lang='lat' dir='ltr'><strong>opibus</strong></span> <span class='ocrx_word' id='word_1_448' title='bbox 1646 1882 1802 1903; x_wconf 87' lang='lat' dir='ltr'><strong>coercere</strong></span> <span class='ocrx_word' id='word_1_449' title='bbox 1824 1884 1894 1904; x_wconf 87' lang='lat' dir='ltr'><strong>non</strong></span> <span class='ocrx_word' id='word_1_450' title='bbox 1917 1881 2018 1917; x_wconf 88' lang='lat' dir='ltr'><strong>pote-</strong></span> 
     </span>
     <span class='ocr_line' id='line_1_34' title="bbox 143 1921 512 1954; baseline 0.005 -3"><span class='ocrx_word' id='word_1_451' title='bbox 143 1926 204 1952; x_wconf 85' lang='lat' dir='ltr'><strong>rat.</strong></span> <span class='ocrx_word' id='word_1_452' title='bbox 250 1921 512 1954; x_wconf 80' lang='lat' dir='ltr'><strong>GARATONIUS.</strong></span> 
     </span>
    </p>

    <p class='ocr_par' dir='ltr' id='par_1_7' title="bbox 144 1974 2015 2114">
     <span class='ocr_line' id='line_1_35' title="bbox 239 1974 2015 2020; baseline 0.003 -13"><span class='ocrx_word' id='word_1_453' title='bbox 239 1974 342 2007; x_wconf 79' lang='lat' dir='ltr'><strong>Ut—</strong></span> <span class='ocrx_word' id='word_1_454' title='bbox 358 1981 398 2007; x_wconf 86' lang='lat' dir='ltr'><strong>ut</strong></span> <span class='ocrx_word' id='word_1_455' title='bbox 420 1976 493 2008; x_wconf 83' lang='lat' dir='ltr'><strong>iam</strong></span> <span class='ocrx_word' id='word_1_456' title='bbox 517 1976 604 2008; x_wconf 61' lang='lat' dir='ltr'><strong>milii</strong></span> <span class='ocrx_word' id='word_1_457' title='bbox 625 1977 805 2020; x_wconf 81' lang='lat' dir='ltr'><strong>seruirem)</strong></span> <span class='ocrx_word' id='word_1_458' title='bbox 848 1977 888 2009; x_wconf 92' lang='lat' dir='ltr'><strong>In</strong></span> <span class='ocrx_word' id='word_1_459' title='bbox 909 1977 979 2009; x_wconf 88' lang='lat' dir='ltr'><strong>mei</strong></span> <span class='ocrx_word' id='word_1_460' title='bbox 1001 1977 1070 2010; x_wconf 84' lang='lat' dir='ltr'><strong>cod.</strong></span> <span class='ocrx_word' id='word_1_461' title='bbox 1092 1977 1243 2020; x_wconf 84' lang='lat' dir='ltr'><strong>margine</strong></span> <span class='ocrx_word' id='word_1_462' title='bbox 1265 1976 1409 2019; x_wconf 87' lang='lat' dir='ltr'><strong>scriptor</strong></span> <span class='ocrx_word' id='word_1_463' title='bbox 1430 1976 1503 2020; x_wconf 84' lang='lat' dir='ltr'><strong>ipse</strong></span> <span class='ocrx_word' id='word_1_464' title='bbox 1525 1976 1705 2017; x_wconf 76' lang='lat' dir='ltr'><strong>adnotauit,</strong></span> <span class='ocrx_word' id='word_1_465' title='bbox 1728 1977 1883 2010; x_wconf 76' lang='lat' dir='ltr'><strong>abundat</strong></span> <span class='ocrx_word' id='word_1_466' title='bbox 1907 1992 2015 2012; x_wconf 82' lang='lat' dir='ltr'><strong>unum</strong></span> 
     </span>
     <span class='ocr_line' id='line_1_36' title="bbox 146 2028 2014 2066; baseline 0.003 -8"><span class='ocrx_word' id='word_1_467' title='bbox 146 2032 186 2059; x_wconf 84' lang='lat' dir='ltr'><strong>ut</strong></span> <span class='ocrx_word' id='word_1_468' title='bbox 193 2039 206 2066; x_wconf 93' lang='lat'><strong>,·</strong></span> <span class='ocrx_word' id='word_1_469' title='bbox 250 2033 301 2059; x_wconf 87' lang='lat' dir='ltr'><strong>set</strong></span> <span class='ocrx_word' id='word_1_470' title='bbox 338 2028 434 2060; x_wconf 88' lang='lat' dir='ltr'><strong>illam</strong></span> <span class='ocrx_word' id='word_1_471' title='bbox 469 2030 683 2061; x_wconf 84' lang='lat' dir='ltr'><strong>iterationem</strong></span> <span class='ocrx_word' id='word_1_472' title='bbox 714 2030 964 2063; x_wconf 84' lang='lat' dir='ltr'><strong>consuetudinis</strong></span> <span class='ocrx_word' id='word_1_473' title='bbox 1004 2042 1074 2062; x_wconf 91' lang='lat' dir='ltr'><strong>esse</strong></span> <span class='ocrx_word' id='word_1_474' title='bbox 1104 2031 1282 2062; x_wconf 81' lang='lat' dir='ltr'><strong>Tullianae</strong></span> <span class='ocrx_word' id='word_1_475' title='bbox 1317 2031 1474 2063; x_wconf 83' lang='lat' dir='ltr'><strong>obseruat</strong></span> <span class='ocrx_word' id='word_1_476' title='bbox 1501 2036 1591 2062; x_wconf 89' lang='lat' dir='ltr'><strong>recte</strong></span> <span class='ocrx_word' id='word_1_477' title='bbox 1619 2030 1805 2062; x_wconf 84' lang='lat' dir='ltr'><strong>Manutius.</strong></span> <span class='ocrx_word' id='word_1_478' title='bbox 1850 2032 1940 2064; x_wconf 91' lang='lat' dir='ltr'><strong>Uide</strong></span> <span class='ocrx_word' id='word_1_479' title='bbox 1972 2034 2014 2064; x_wconf 84' lang='lat' dir='ltr'><strong>ad</strong></span> 
     </span>
     <span class='ocr_line' id='line_1_37' title="bbox 144 2079 718 2114; baseline 0.005 -3"><span class='ocrx_word' id='word_1_480' title='bbox 144 2090 173 2111; x_wconf 89' lang='lat' dir='ltr'><strong>c.</strong></span> <span class='ocrx_word' id='word_1_481' title='bbox 192 2079 243 2112; x_wconf 84' lang='lat'><strong>24.</strong></span> <span class='ocrx_word' id='word_1_482' title='bbox 269 2079 306 2111; x_wconf 86' lang='lat' dir='ltr'><strong>in</strong></span> <span class='ocrx_word' id='word_1_483' title='bbox 327 2080 412 2113; x_wconf 84' lang='lat' dir='ltr'><strong>Pis..</strong></span> <span class='ocrx_word' id='word_1_484' title='bbox 457 2083 718 2114; x_wconf 80' lang='lat' dir='ltr'><strong>GARAroNan.</strong></span> 
     </span>
    </p>

    <p class='ocr_par' dir='ltr' id='par_1_8' title="bbox 143 2133 2013 2499">
     <span class='ocr_line' id='line_1_38' title="bbox 226 2133 2012 2181; baseline 0.001 -14"><span class='ocrx_word' id='word_1_485' title='bbox 226 2133 286 2166; x_wconf 84' lang='lat' dir='ltr'><strong>Ne</strong></span> <span class='ocrx_word' id='word_1_486' title='bbox 311 2146 440 2177; x_wconf 78' lang='lat' dir='ltr'><strong>parum</strong></span> <span class='ocrx_word' id='word_1_487' title='bbox 469 2136 557 2168; x_wconf 75' lang='lat' dir='ltr'><strong>milii</strong></span> <span class='ocrx_word' id='word_1_488' title='bbox 578 2148 647 2181; x_wconf 79' lang='lat' dir='ltr'><strong>pro</strong></span> <span class='ocrx_word' id='word_1_489' title='bbox 676 2148 731 2176; x_wconf 88' lang='lat' dir='ltr'><strong>eo,</strong></span> <span class='ocrx_word' id='word_1_490' title='bbox 770 2136 862 2181; x_wconf 83' lang='lat' dir='ltr'><strong>quod</strong></span> <span class='ocrx_word' id='word_1_491' title='bbox 887 2141 962 2168; x_wconf 84' lang='lat' dir='ltr'><strong>tum</strong></span> <span class='ocrx_word' id='word_1_492' title='bbox 985 2149 1008 2169; x_wconf 86' lang='lat' dir='ltr'><strong><em>a</em></strong></span> <span class='ocrx_word' id='word_1_493' title='bbox 1029 2149 1082 2169; x_wconf 90' lang='lat' dir='ltr'><strong>me</strong></span> <span class='ocrx_word' id='word_1_494' title='bbox 1102 2136 1257 2177; x_wconf 76' lang='lat' dir='ltr'><strong>haberet,</strong></span> <span class='ocrx_word' id='word_1_495' title='bbox 1290 2135 1511 2178; x_wconf 82' lang='lat' dir='ltr'><strong>reddidisset)</strong></span> <span class='ocrx_word' id='word_1_496' title='bbox 1556 2135 1611 2167; x_wconf 93' lang='lat' dir='ltr'><strong>Sic</strong></span> <span class='ocrx_word' id='word_1_497' title='bbox 1632 2146 1749 2167; x_wconf 89' lang='lat' dir='ltr'><strong>omnes</strong></span> <span class='ocrx_word' id='word_1_498' title='bbox 1773 2135 1845 2167; x_wconf 83' lang='lat' dir='ltr'><strong>fere</strong></span> <span class='ocrx_word' id='word_1_499' title='bbox 1869 2137 2012 2169; x_wconf 80' lang='lat' dir='ltr'><strong>editores</strong></span> 
     </span>
     <span class='ocr_line' id='line_1_39' title="bbox 143 2185 2013 2233; baseline 0.003 -16"><span class='ocrx_word' id='word_1_500' title='bbox 143 2185 363 2229; x_wconf 85' lang='lat' dir='ltr'><strong>scripserunt,</strong></span> <span class='ocrx_word' id='word_1_501' title='bbox 399 2199 603 2231; x_wconf 87' lang='lat' dir='ltr'><strong>quamquam</strong></span> <span class='ocrx_word' id='word_1_502' title='bbox 625 2196 699 2222; x_wconf 87' lang='lat' dir='ltr'><strong>tum</strong></span> <span class='ocrx_word' id='word_1_503' title='bbox 720 2189 919 2233; x_wconf 84' lang='lat' dir='ltr'><strong>particulam</strong></span> <span class='ocrx_word' id='word_1_504' title='bbox 940 2189 981 2221; x_wconf 85' lang='lat' dir='ltr'><strong>ab</strong></span> <span class='ocrx_word' id='word_1_505' title='bbox 1003 2190 1066 2222; x_wconf 90' lang='lat' dir='ltr'><strong>hoc</strong></span> <span class='ocrx_word' id='word_1_506' title='bbox 1088 2190 1161 2222; x_wconf 91' lang='lat' dir='ltr'><strong>loco</strong></span> <span class='ocrx_word' id='word_1_507' title='bbox 1183 2189 1433 2221; x_wconf 85' lang='lat' dir='ltr'><strong>alienissumam</strong></span> <span class='ocrx_word' id='word_1_508' title='bbox 1459 2200 1530 2221; x_wconf 88' lang='lat' dir='ltr'><strong>esse</strong></span> <span class='ocrx_word' id='word_1_509' title='bbox 1552 2188 1718 2220; x_wconf 86' lang='lat' dir='ltr'><strong>uiderunt.</strong></span> <span class='ocrx_word' id='word_1_510' title='bbox 1763 2189 1879 2231; x_wconf 79' lang='lat' dir='ltr'><strong>Itaque</strong></span> <span class='ocrx_word' id='word_1_511' title='bbox 1901 2191 2013 2222; x_wconf 88' lang='lat' dir='ltr'><strong>Erne-</strong></span> 
     </span>
     <span class='ocr_line' id='line_1_40' title="bbox 143 2239 2011 2287; baseline 0.003 -16"><span class='ocrx_word' id='word_1_512' title='bbox 143 2239 227 2271; x_wconf 86' lang='lat' dir='ltr'><strong>stius</strong></span> <span class='ocrx_word' id='word_1_513' title='bbox 257 2241 351 2284; x_wconf 79' lang='lat' dir='ltr'><strong>quod</strong></span> <span class='ocrx_word' id='word_1_514' title='bbox 380 2241 469 2282; x_wconf 86' lang='lat' dir='ltr'><strong>iam,</strong></span> <span class='ocrx_word' id='word_1_515' title='bbox 506 2242 707 2275; x_wconf 86' lang='lat' dir='ltr'><strong>Garatonius</strong></span> <span class='ocrx_word' id='word_1_516' title='bbox 737 2243 829 2287; x_wconf 83' lang='lat' dir='ltr'><strong>quod</strong></span> <span class='ocrx_word' id='word_1_517' title='bbox 849 2243 984 2276; x_wconf 84' lang='lat' dir='ltr'><strong>iamdiu</strong></span> <span class='ocrx_word' id='word_1_518' title='bbox 1006 2243 1241 2286; x_wconf 82' lang='lat' dir='ltr'><strong>corrigendum</strong></span> <span class='ocrx_word' id='word_1_519' title='bbox 1262 2247 1436 2286; x_wconf 83' lang='lat' dir='ltr'><strong>putarunt.</strong></span> <span class='ocrx_word' id='word_1_520' title='bbox 1481 2243 1613 2275; x_wconf 89' lang='lat' dir='ltr'><strong>Uerum</strong></span> <span class='ocrx_word' id='word_1_521' title='bbox 1640 2241 1729 2273; x_wconf 79' lang='lat' dir='ltr'><strong>uidit</strong></span> <span class='ocrx_word' id='word_1_522' title='bbox 1752 2242 1920 2282; x_wconf 73' lang='lat' dir='ltr'><strong>oremus,</strong></span> <span class='ocrx_word' id='word_1_523' title='bbox 1952 2245 2011 2286; x_wconf 92' lang='lat' dir='ltr'><strong>qui</strong></span> 
     </span>
     <span class='ocr_line' id='line_1_41' title="bbox 144 2293 2011 2340; baseline 0.003 -17"><span class='ocrx_word' id='word_1_524' title='bbox 144 2298 281 2334; x_wconf 85' lang='lat' dir='ltr'><strong>optume</strong></span> <span class='ocrx_word' id='word_1_525' title='bbox 302 2293 474 2326; x_wconf 82' lang='lat' dir='ltr'><strong>intellexit</strong></span> <span class='ocrx_word' id='word_1_526' title='bbox 494 2294 529 2327; x_wconf 90' lang='lat' dir='ltr'><strong>in</strong></span> <span class='ocrx_word' id='word_1_527' title='bbox 551 2297 578 2328; x_wconf 94' lang='lat' dir='ltr'><strong>B</strong></span> <span class='ocrx_word' id='word_1_528' title='bbox 599 2302 632 2328; x_wconf 87' lang='lat' dir='ltr'><strong>et</strong></span> <span class='ocrx_word' id='word_1_529' title='bbox 652 2296 682 2328; x_wconf 90' lang='lat' dir='ltr'><strong>E</strong></span> <span class='ocrx_word' id='word_1_530' title='bbox 705 2297 872 2339; x_wconf 83' lang='lat' dir='ltr'><strong>scriptura</strong></span> <span class='ocrx_word' id='word_1_531' title='bbox 895 2309 998 2340; x_wconf 79' lang='lat' dir='ltr'><strong>quam</strong></span> <span class='ocrx_word' id='word_1_532' title='bbox 1021 2303 1095 2329; x_wconf 81' lang='lat' dir='ltr'><strong>tum</strong></span> <span class='ocrx_word' id='word_1_533' title='bbox 1116 2297 1217 2328; x_wconf 85' lang='lat' dir='ltr'><strong>latere</strong></span> <span class='ocrx_word' id='word_1_534' title='bbox 1242 2300 1430 2340; x_wconf 80' lang='lat' dir='ltr'><strong>quamtum.</strong></span> <span class='ocrx_word' id='word_1_535' title='bbox 1475 2295 1725 2338; x_wconf 87' lang='lat' dir='ltr'><strong>Saepenumero</strong></span> <span class='ocrx_word' id='word_1_536' title='bbox 1749 2294 1839 2326; x_wconf 85' lang='lat' dir='ltr'><strong>enim</strong></span> <span class='ocrx_word' id='word_1_537' title='bbox 1861 2295 1897 2326; x_wconf 89' lang='lat' dir='ltr'><strong>in</strong></span> <span class='ocrx_word' id='word_1_538' title='bbox 1920 2297 2011 2328; x_wconf 84' lang='lat' dir='ltr'><strong>anti-</strong></span> 
     </span>
     <span class='ocr_line' id='line_1_42' title="bbox 145 2344 2008 2394; baseline 0.002 -18"><span class='ocrx_word' id='word_1_539' title='bbox 145 2344 324 2386; x_wconf 89' lang='lat' dir='ltr'><strong>quissumis</strong></span> <span class='ocrx_word' id='word_1_540' title='bbox 353 2346 449 2379; x_wconf 89' lang='lat' dir='ltr'><strong>codd.</strong></span> <span class='ocrx_word' id='word_1_541' title='bbox 479 2359 542 2392; x_wconf 85' lang='lat' dir='ltr'><strong>pro</strong></span> <span class='ocrx_word' id='word_1_542' title='bbox 573 2355 723 2393; x_wconf 78' lang='lat' dir='ltr'><strong>quantus</strong></span> <span class='ocrx_word' id='word_1_543' title='bbox 757 2349 924 2392; x_wconf 84' lang='lat' dir='ltr'><strong>reperitur</strong></span> <span class='ocrx_word' id='word_1_544' title='bbox 955 2356 1115 2394; x_wconf 80' lang='lat' dir='ltr'><strong>quamtus</strong></span> <span class='ocrx_word' id='word_1_545' title='bbox 1143 2349 1318 2392; x_wconf 87' lang='lat' dir='ltr'><strong>scriptum.</strong></span> <span class='ocrx_word' id='word_1_546' title='bbox 1362 2348 1450 2381; x_wconf 89' lang='lat' dir='ltr'><strong>Uide</strong></span> <span class='ocrx_word' id='word_1_547' title='bbox 1483 2348 1679 2380; x_wconf 87' lang='lat' dir='ltr'><strong>Schneideri</strong></span> <span class='ocrx_word' id='word_1_548' title='bbox 1709 2348 1770 2380; x_wconf 88' lang='lat' dir='ltr'><strong>Gr.</strong></span> <span class='ocrx_word' id='word_1_549' title='bbox 1799 2348 1874 2379; x_wconf 84' lang='lat' dir='ltr'><strong>Lat.</strong></span> <span class='ocrx_word' id='word_1_550' title='bbox 1908 2349 1950 2380; x_wconf 91' lang='lat' dir='ltr'><strong>T.</strong></span> <span class='ocrx_word' id='word_1_551' title='bbox 1981 2350 2008 2380; x_wconf 91' lang='lat' dir='ltr'><strong>I.</strong></span> 
     </span>
     <span class='ocr_line' id='line_1_43' title="bbox 143 2397 2008 2445; baseline 0.002 -17"><span class='ocrx_word' id='word_1_552' title='bbox 143 2407 179 2440; x_wconf 87' lang='lat' dir='ltr'><strong>p.</strong></span> <span class='ocrx_word' id='word_1_553' title='bbox 202 2397 293 2430; x_wconf 81' lang='lat'><strong>511..</strong></span> <span class='ocrx_word' id='word_1_554' title='bbox 336 2400 417 2432; x_wconf 86' lang='lat' dir='ltr'><strong>Illut</strong></span> <span class='ocrx_word' id='word_1_555' title='bbox 439 2407 607 2445; x_wconf 79' lang='lat' dir='ltr'><strong>quantum</strong></span> <span class='ocrx_word' id='word_1_556' title='bbox 636 2408 747 2434; x_wconf 82' lang='lat' dir='ltr'><strong>autem</strong></span> <span class='ocrx_word' id='word_1_557' title='bbox 778 2402 877 2433; x_wconf 89' lang='lat' dir='ltr'><strong>unice</strong></span> <span class='ocrx_word' id='word_1_558' title='bbox 898 2403 1181 2435; x_wconf 75' lang='lat' dir='ltr'><strong>accommodatum</strong></span> <span class='ocrx_word' id='word_1_559' title='bbox 1205 2403 1273 2434; x_wconf 86' lang='lat' dir='ltr'><strong>loci</strong></span> <span class='ocrx_word' id='word_1_560' title='bbox 1290 2402 1521 2441; x_wconf 84' lang='lat' dir='ltr'><strong>sententiaest‚</strong></span> <span class='ocrx_word' id='word_1_561' title='bbox 1552 2412 1614 2433; x_wconf 90' lang='lat' dir='ltr'><strong>nec</strong></span> <span class='ocrx_word' id='word_1_562' title='bbox 1640 2400 1829 2432; x_wconf 88' lang='lat' dir='ltr'><strong>inauditum</strong></span> <span class='ocrx_word' id='word_1_563' title='bbox 1850 2400 2008 2443; x_wconf 88' lang='lat' dir='ltr'><strong>loquendi</strong></span> 
     </span>
     <span class='ocr_line' id='line_1_44' title="bbox 143 2453 2006 2499; baseline 0.003 -18"><span class='ocrx_word' id='word_1_564' title='bbox 143 2461 249 2493; x_wconf 88' lang='lat' dir='ltr'><strong>genus</strong></span> <span class='ocrx_word' id='word_1_565' title='bbox 273 2457 322 2484; x_wconf 86' lang='lat' dir='ltr'><strong>est</strong></span> <span class='ocrx_word' id='word_1_566' title='bbox 339 2465 407 2496; x_wconf 79' lang='lat' dir='ltr'><strong>pro</strong></span> <span class='ocrx_word' id='word_1_567' title='bbox 429 2466 484 2496; x_wconf 86' lang='lat' dir='ltr'><strong>eo,</strong></span> <span class='ocrx_word' id='word_1_568' title='bbox 517 2460 694 2499; x_wconf 75' lang='lat' dir='ltr'><strong>quantum.</strong></span> <span class='ocrx_word' id='word_1_569' title='bbox 739 2453 809 2487; x_wconf 88' lang='lat' dir='ltr'><strong>Cfr.</strong></span> <span class='ocrx_word' id='word_1_570' title='bbox 833 2454 902 2487; x_wconf 85' lang='lat' dir='ltr'><strong>Cic.</strong></span> <span class='ocrx_word' id='word_1_571' title='bbox 927 2455 966 2486; x_wconf 78' lang='lat' dir='ltr'><strong>tle</strong></span> <span class='ocrx_word' id='word_1_572' title='bbox 982 2456 1058 2487; x_wconf 88' lang='lat' dir='ltr'><strong>Fin.</strong></span> <span class='ocrx_word' id='word_1_573' title='bbox 1080 2456 1120 2487; x_wconf 92' lang='grc' dir='ltr'><strong>Β.</strong></span> <span class='ocrx_word' id='word_1_574' title='bbox 1146 2461 1177 2487; x_wconf 87' lang='lat' dir='ltr'><strong>et</strong></span> <span class='ocrx_word' id='word_1_575' title='bbox 1199 2456 1248 2488; x_wconf 91' lang='lat' dir='ltr'><strong>M.</strong></span> <span class='ocrx_word' id='word_1_576' title='bbox 1272 2456 1342 2496; x_wconf 75' lang='lat' dir='ltr'><strong>IV,</strong></span> <span class='ocrx_word' id='word_1_577' title='bbox 1372 2466 1429 2494; x_wconf 83' lang='lat'><strong>21,</strong></span> <span class='ocrx_word' id='word_1_578' title='bbox 1457 2455 1509 2488; x_wconf 87' lang='grc'><strong>58.</strong></span> <span class='ocrx_word' id='word_1_579' title='bbox 1531 2466 1638 2499; x_wconf 82' lang='lat' dir='ltr'><strong>eaque</strong></span> <span class='ocrx_word' id='word_1_580' title='bbox 1653 2465 1721 2499; x_wconf 81' lang='lat' dir='ltr'><strong>pro</strong></span> <span class='ocrx_word' id='word_1_581' title='bbox 1741 2465 1798 2493; x_wconf 79' lang='lat' dir='ltr'><strong>ee,</strong></span> <span class='ocrx_word' id='word_1_582' title='bbox 1838 2460 2006 2497; x_wconf 81' lang='lat' dir='ltr'><strong>quantum</strong></span> 
     </span>
    </p>
   </div>
  </div>
 </body>
</html>
