2185 2720
905 118 930 148 c
951 118 980 147 A
1000 119 1038 148 P.
1059 116 1115 146 IV.
1142 113 1225 155 §.10
1244 130 1281 138 -
1300 121 1346 148 11.
2030 120 2068 149 69

265 197 362 238 Quid
391 197 515 240 cuique
544 208 568 228 a
590 207 627 227 re
643 207 681 239 p.
704 195 870 227 uideatur
902 193 1030 234 deberi)
1075 190 1278 233 Legendum
1304 201 1347 221 ex
1370 189 1502 221 Erfurt.
1528 195 1562 221 et
1583 189 1706 221 Bauar.
1734 191 1821 234 quid
1843 191 1965 235 cuique
1987 202 2007 222 a
2031 202 2069 222 re

173 265 210 295 p.
233 250 407 282 debeatur.
451 249 584 280 Firmat
605 258 692 278 unus
717 248 833 278 Oxou.
858 246 1017 277 omittens
1048 244 1183 282 deberi,
1220 249 1259 274 ut
1292 254 1335 274 ex
1364 243 1529 274 debeatur
1559 248 1676 273 ortum
1703 244 1869 275 uideatur
1897 248 2069 285 appareat.

178 304 438 335 GARATONIL‘S.
485 300 585 333 Libri
606 299 699 330 illius
725 298 932 330 Oxoniensis
955 297 1049 329 nulla
1071 307 1211 339 prorsus
1235 295 1416 327 auctoritas
1439 302 1498 326 est.
1545 296 1707 327 Ceterum
1730 296 1809 327 uide
1832 307 1917 338 quae
1934 296 2069 338 Proleg.

174 355 311 388 Lib-II.
338 355 375 386 C.
399 355 425 385 I.
451 355 480 395 §.
505 354 536 385 5.
559 364 593 395 p.
616 352 756 383 XXXI.
782 350 866 382 dixi.

260 408 324 439 Sin
351 413 468 438 autem
489 403 617 447 mauis)
642 404 728 434 Sunt
753 402 811 445 qui
835 403 996 443 doceant,
1026 401 1230 445 particulam
1254 401 1309 432 sin
1334 399 1464 431 anteire
1487 410 1622 442 semper
1645 399 1768 431 debere
1791 400 1932 432 alteram
1955 400 1996 432 si.
2042 399 2072 430 Ii

176 464 259 492 uer'o
283 458 361 490 satis
384 458 590 489 refelluntur
613 462 687 487 tum
709 456 774 486 hoc
796 456 883 496 loco,
908 462 981 487 tum
1004 466 1031 486 c.
1050 455 1113 488 VI.
1137 455 1191 486 sin
1215 455 1278 486 hoc
1293 465 1462 498 persaepe
1484 453 1625 491 accidit,
1648 458 1722 482 tum
1739 453 1832 484 Caes.
1852 454 1891 484 B.
1910 454 1947 484 C.
1965 454 1992 492 I,
2019 453 2071 484 52.

175 514 231 545 siu
264 513 385 544 timore
416 510 615 553 defizgiaat.
655 508 858 540 ORELLIFS.
904 510 1017 540 Nemo
1045 508 1129 539 istut
1159 506 1263 538 hodie
1294 506 1402 537 docet.
1449 503 1520 536 Cfr.
1543 504 1750 536 Ramshorn.
1784 506 1847 536 Gr.
1870 506 1912 537 L.
1944 506 2072 547 §.190,

176 577 211 608 p.
235 565 309 607 591.
352 563 410 594 Set
432 563 511 601 hoc,
537 561 628 603 quod
650 561 776 592 addere
800 560 943 592 debebat
967 559 1136 599 Orellius,
1167 565 1348 598 certumst,
1379 557 1503 588 debere
1527 568 1583 596 ea,
1616 562 1693 598 post
1717 568 1801 598 quae
1824 564 1984 599 sequatur
2006 558 2074 596 sin,

177 615 331 660 quamuis
363 614 436 657 ipsa
467 615 499 646 si
521 614 687 656 particula
717 614 753 644 in
782 613 823 644 iis
855 625 926 644 11011
949 613 993 645 sit
1016 613 1147 656 posita,
1185 612 1289 643 talem
1313 617 1425 642 tamen
1450 609 1653 641 sententiam
1677 609 1868 649 continere,
1907 610 1960 640 cui
1982 616 2074 640 recte

177 667 371 711 sequentia,
406 666 443 697 in
469 666 590 708 quibus
613 667 667 698 sia
691 666 856 708 particula
879 665 1038 708 positast,
1078 669 1308 707 opponantur.
1357 662 1459 704 Quod
1484 668 1517 693 et
1539 662 1575 692 in
1598 662 1689 693 huuc
1708 662 1822 693 locum
1845 661 1950 701 cadit,
1986 668 2019 693 et
2038 661 2075 692 in

178 721 330 762 reliquos
354 719 395 750 ab
421 718 554 750 Orellio
577 717 728 757 adlatos,
756 718 964 759 omninoque
986 717 1022 748 in
1047 716 1172 755 omnis,
1200 716 1236 747 in
1261 715 1382 757 quibus
1405 716 1460 747 sin
1483 714 1636 757 positast.

263 775 293 815 §.
322 785 369 804 11.
415 771 590 804 Nostrmn
616 776 668 802 est
688 776 822 808 autem,
844 769 1014 811 nostrum)
1060 767 1150 801 Uide
1172 768 1305 810 Proleg.
1331 768 1410 800 Lib.
1429 768 1472 798 II.
1498 767 1536 797 C.
1560 767 1586 797 I.
1613 767 1642 807 §-
1667 765 1697 797 3.
1720 777 1754 809 p.
1779 767 2008 800 XXXVIII..

263 826 335 866 Qui
368 825 404 856 irz
429 826 493 857 hac
516 828 716 867 tempestate
737 823 860 866 populi
891 823 1061 854 iactemur
1087 834 1128 853 ac
1144 821 1331 866 fluctibus)
1376 818 1660 858 Coniunctiuom,
1699 830 1800 860 quem
1831 819 1963 862 optumi
1995 818 2076 849 libri

179 884 337 916 tuentur,
374 876 463 907 male
487 875 673 914 Graeuius‚
711 875 888 907 Ernestius
911 876 1038 917 aliique
1061 873 1247 905 indicatiuo
1270 871 1548 916 postponendum
1577 877 1754 914 putarunt.
1798 872 1850 904 Eo
1876 872 1987 915 posito
2011 871 2077 902 hoc

181 937 315 963 tantum
339 929 467 960 diceret
491 928 629 959 Cicero:
668 927 832 958 iactamur
855 939 934 967 nos,
973 927 1031 970 qni
1054 926 1202 969 petimus
1225 927 1391 965 honores,
1428 925 1465 956 in
1489 930 1688 967 tempestate
1709 925 1847 968 populi,
1885 930 1919 955 et
1941 930 1991 955 est
2012 935 2078 954 no-

181 989 310 1023 strum,
345 981 467 1024 populi
497 981 690 1011 uoluntates
719 979 853 1011 modice
879 978 982 1010 ferre.
1029 980 1158 1011 Contra
1190 979 1424 1010 coniunctiuos
1448 978 1477 1010 si
1499 977 1656 1020 ponitur,
1697 989 1846 1009 caussam
1868 977 1950 1008 haec
1973 976 2078 1007 uerba

182 1035 377 1073 continent,
417 1044 477 1064 cur
499 1031 633 1063 modice
656 1031 816 1064 serendae
839 1032 906 1067 sint
934 1032 1055 1076 populi
1078 1032 1289 1072 uoluntates,
1322 1043 1361 1063 ac
1383 1030 1550 1063 sententia
1572 1029 1639 1061 loci
1661 1030 1743 1061 haee
1766 1036 1832 1062 est:
1867 1041 1928 1060 nos
1949 1034 2078 1068 autem,

182 1099 260 1119 cum
282 1087 319 1118 in
343 1093 411 1117 tam
434 1086 542 1116 libero
567 1086 697 1128 populo
722 1086 897 1125 uiuamus,
933 1084 1026 1116 serre
1049 1085 1151 1116 etiam
1174 1084 1245 1116 eius
1271 1085 1464 1116 uoluntates
1487 1082 1621 1114 modice
1644 1082 1816 1114 debemus.
1864 1083 1976 1123 Quam
2000 1092 2080 1112 sen-

183 1139 326 1172 tentiam
350 1138 460 1170 multo
486 1143 579 1181 patet
603 1138 773 1180 aptiorem
797 1150 878 1170 esse.
922 1140 1045 1181 Neque
1068 1148 1151 1169 uero
1179 1137 1359 1180 quisquam
1383 1136 1555 1168 editorum
1579 1134 1833 1167 coniunctiuom
1856 1133 2079 1177 repudiasset,

181 1193 211 1225 si
233 1192 275 1223 ad
297 1190 624 1233 frequentissumum
645 1191 744 1223 illum
766 1190 980 1234 pronominis
1008 1190 1146 1222 relatiui
1176 1201 1279 1221 usum
1304 1188 1383 1220 satis
1406 1188 1641 1221 adtenderent.
1687 1187 1726 1218 Id
1748 1193 1862 1218 autem
1889 1198 1959 1217 11011
1993 1185 2081 1224 fieri,

183 1256 229 1277 ex
252 1256 291 1276 eo
314 1243 541 1286 intellegitur,
570 1243 661 1286 quod
683 1244 784 1275 multi
808 1256 938 1283 eorum,
965 1243 1024 1286 qui
1045 1253 1136 1274 nunc
1159 1242 1265 1273 latino
1289 1252 1448 1272 sermone
1469 1247 1631 1280 utuntur,
1655 1240 1858 1283 particulam
1881 1251 1958 1270 cum
1978 1249 2082 1269 usur-

182 1304 266 1341 pant
287 1303 450 1340 sequente
472 1296 710 1336 coniunctium
748 1296 808 1328 ubi
830 1296 980 1329 Romani
1009 1306 1203 1339 pronomen
1226 1294 1409 1325 relatiuom
1431 1294 1546 1337 potius
1572 1304 1702 1336 ponere
1725 1297 1986 1323 consueuerunt.
2030 1291 2082 1321 Ita

183 1350 213 1383 si
236 1350 310 1392 quis
334 1350 538 1381 nostratium
562 1361 615 1389 ea,
648 1360 734 1391 quae
756 1349 875 1380 Cicero
895 1349 931 1380 in
953 1348 1067 1380 Pison.
1092 1359 1120 1379 e.
1143 1347 1242 1379 XIII.
1267 1347 1367 1386 dicit,
1401 1347 1508 1378 latino
1531 1357 1688 1378 sermone
1710 1343 1982 1387 pronuntiasset,
2011 1352 2083 1373 non

184 1409 224 1436 ut
245 1403 325 1435 ille:
350 1404 428 1446 quis
452 1416 513 1435 uos
535 1414 603 1434 non
629 1402 728 1433 modo
752 1403 918 1442 consules,
941 1407 991 1434 set
1014 1400 1139 1433 liberos
1153 1398 1273 1443 sitisse
1290 1405 1404 1443 putet,
1427 1411 1608 1443 quorum
1630 1410 1724 1430 mens
1739 1396 1896 1440 suerit
1919 1407 2084 1439 oppressa

179 1456 358 1501 praemi0‚
396 1457 524 1499 lingua
545 1455 718 1486 adstricta
739 1455 919 1486 mercede?
956 1460 990 1485 et
1010 1453 1113 1496 paulo
1136 1457 1232 1495 post:
1271 1452 1455 1495 qaisquam
1477 1464 1539 1484 uos
1563 1451 1716 1483 consules
1740 1456 1822 1482 tanc
1842 1447 1983 1492 fuisse,
2019 1452 2085 1479 aut

186 1521 279 1541 nunc
302 1520 373 1540 esse
398 1508 592 1539 consularis
609 1513 732 1551 putet,
769 1507 842 1550 qai
864 1508 938 1538 eius
961 1505 1137 1546 ciuitatis,
1169 1505 1206 1536 ia
1231 1517 1300 1548 qua
1322 1505 1359 1535 in
1377 1505 1583 1548 principum
1605 1515 1747 1535 numero
1771 1502 1876 1534 uoltis
1899 1511 1986 1538 esse,
2014 1510 2083 1530 non

186 1563 300 1605 leges,
324 1573 392 1592 non
417 1561 600 1599 instituta,
623 1572 690 1591 71on
712 1571 842 1598 mores,
864 1571 932 1590 non
955 1558 1038 1591 iura
1060 1557 1250 1590 noritis?
1272 1556 1479 1599 pronomina
1503 1556 1647 1588 relatiua
1668 1554 1846 1598 posuisset,
1869 1559 1920 1584 set
1943 1551 2086 1582 dixisset

183 1613 299 1657 potius
322 1625 401 1645 cum
427 1619 548 1645 nostra
572 1624 667 1644 mens
694 1617 775 1651 etc„
813 1617 846 1642 et
869 1623 947 1643 eum.
971 1623 1032 1643 uos
1057 1629 1097 1633 —
1123 1610 1262 1642 noritis.
1307 1608 1472 1640 Eiusdem
1502 1608 1635 1651 generis
1659 1613 1738 1639 sunt
1759 1617 1824 1648 pro
1849 1604 1958 1636 Sestio
1981 1603 2085 1641 XIX,

186 1665 240 1698 44.
264 1670 424 1697 senatum
446 1665 619 1703 consules,
642 1665 761 1704 eredo,
782 1664 831 1696 acl
851 1676 951 1696 arma
973 1668 1174 1701 uocassent,
1203 1662 1277 1705 qui
1300 1674 1343 1693 ne
1364 1663 1496 1693 uestitu
1521 1662 1660 1705 quidem
1682 1658 1823 1702 defendi
1846 1669 1917 1689 rem
1938 1669 1972 1700 p.
1997 1656 2086 1687 sis-

189 1724 305 1758 sent3
339 1731 361 1750 a
385 1718 524 1750 tribuno
544 1717 656 1761 plebis
672 1723 756 1761 post
780 1717 962 1748 interitum
984 1728 1098 1748 meum
1121 1716 1363 1754 clissidissent,
1404 1715 1475 1758 qui
1498 1715 1640 1746 eandem
1661 1713 1784 1745 horam
1806 1722 1900 1741 meae
1917 1709 2030 1752 pestis
2052 1712 2086 1739 et

189 1783 333 1804 suorum
349 1771 591 1814 praemiorum
613 1782 684 1802 esse
707 1770 983 1801 uoluissent?
1019 1775 1053 1800 et
1071 1768 1335 1799 innumerabilia
1365 1767 1430 1798 alia
1460 1767 1628 1809 exempla.
1651 1782 1693 1789 —
1738 1764 1899 1794 Ceterum
1925 1760 1989 1791 erit
2011 1758 2087 1790 for-

187 1830 285 1863 tasse,
312 1824 366 1854 cui
388 1823 596 1866 praepositio
620 1824 656 1855 in
679 1828 756 1853 ante
779 1823 843 1854 hac
866 1820 1054 1853 omittenda
1077 1820 1245 1859 uideatur,
1267 1820 1423 1852 usitatius
1439 1819 1504 1850 dici
1526 1824 1619 1850 ratus
1644 1820 1844 1859 tempestate
1866 1819 1899 1845 et
1914 1811 2087 1857 fluctibus

189 1876 334 1913 iactari,
359 1880 398 1905 ut
420 1875 454 1907 in
480 1876 543 1908 Or.
565 1875 696 1914 XXX,
731 1886 800 1916 107.
836 1875 888 1907 ita
912 1872 1297 1918 iactanturfluctibus,
1331 1879 1370 1905 ut
1392 1883 1582 1915 numquam
1604 1869 1798 1902 adluantur
1822 1871 1856 1896 et
1878 1865 1919 1896 de
1942 1866 2016 1896 Inu.
2041 1864 2086 1904 II,

191 1929 251 1969 51,
286 1929 337 1970 95.
369 1935 499 1961 nautae
529 1929 673 1973 quidam
698 1939 777 1959 cum
798 1928 949 1959 aduersa
979 1931 1181 1970 tempestate
1209 1926 1247 1957 in
1270 1926 1342 1958 alto
1375 1926 1609 1962 metarentur,
1646 1933 1747 1963 quam
1770 1921 1806 1952 in
1831 1922 2031 1962 tempestate
2053 1922 2087 1948 et

183 1981 356 2027 flactibus
379 1982 518 2014 iactari.
562 1982 679 2023 Atque
701 1980 729 2011 is
750 1980 815 2011 hoc
839 1991 974 2022 quoque
997 1979 1031 2010 in
1055 1990 1131 2010 rem
1153 1990 1248 2010 suam
1271 1977 1407 2008 adferre
1430 1975 1557 2019 possit,
1596 1974 1687 2016 quod
1711 1973 1916 2016 saepissume
1938 1980 2088 2012 praepo-

191 2033 351 2065 sitionem
374 2033 474 2064 istam
496 2033 700 2076 interpretes
723 2031 940 2063 addiderunt.
986 2030 1057 2063 Cfr.
1077 2030 1188 2062 Praef.
1201 2041 1312 2062 meam
1338 2029 1380 2060 ad
1396 2030 1497 2061 Uarr.
1512 2029 1622 2059 Lectt.
1636 2025 1710 2057 cod.
1728 2024 1801 2057 Erf.
1818 2036 1851 2067 p.
1869 2022 2022 2055 CXVIII
2036 2032 2086 2063 sq.

192 2085 428 2119 Nihilominus
460 2087 498 2118 ia
523 2085 813 2129 praepositionem
836 2096 855 2116 a
878 2084 1042 2116 Cicerone
1071 2084 1128 2115 hic
1152 2083 1304 2114 additam
1329 2093 1400 2113 esse
1427 2080 1733 2124 persuasissumum
1759 2077 1887 2110 mihist.
1931 2075 1985 2108 Ae
2012 2073 2089 2116 pri-

191 2151 289 2173 mum
314 2138 452 2181 quidem
478 2138 571 2169 idem
594 2137 757 2180 loquendi
782 2149 886 2179 genus
908 2142 1111 2180 usurpatum
1137 2135 1294 2166 uidemus
1325 2134 1426 2165 huius
1451 2145 1500 2164 or.
1532 2143 1559 2163 0.
1588 2132 1668 2164 VII.
1704 2133 1733 2173 ς.
1761 2143 1808 2173 17.
1853 2128 2029 2172 Equidem
2056 2126 2089 2158 si

195 2193 354 2237 quando,
381 2197 420 2224 ut
435 2189 508 2234 fit,
530 2191 642 2222 iactor
664 2191 701 2222 in
724 2190 842 2231 turba,
866 2190 907 2221 de
931 2190 993 2222 Or.
1017 2190 1050 2229 I,
1084 2189 1141 2228 16,
1165 2189 1217 2230 75.
1241 2187 1480 2220 tantummodo
1504 2186 1540 2217 in
1563 2185 1626 2217 hoc
1648 2183 1894 2217 declamatorio
1917 2181 1963 2212 sit
1988 2191 2089 2223 opere

195 2247 365 2282 iactatas,
399 2251 433 2276 et
461 2245 566 2285 Uerg.
595 2243 683 2275 Aen.
713 2243 746 2282 I,
779 2243 853 2274 446.
886 2244 922 2275 in
952 2243 1057 2274 undis
1090 2241 1229 2273 iactari.
1273 2239 1409 2272 Deinde
1437 2250 1520 2270 uero
1543 2237 1656 2269 sensui
1680 2236 1781 2267 etiam
1801 2232 2087 2265 accommodatius

197 2304 299 2342 puto,
329 2297 409 2328 addi
431 2297 496 2329 hoc
518 2296 592 2327 loco
615 2295 921 2338 praepositionem,
953 2306 1038 2337 quae
1064 2293 1182 2333 faciat,
1205 2299 1245 2324 ut
1266 2293 1349 2324 haec
1371 2292 1415 2324 sit
1436 2290 1621 2323 sententia:
1651 2293 1856 2328 nostrumst,
1890 2285 1949 2329 qui
1971 2296 2088 2316 uerse-

197 2362 276 2383 mur
298 2351 355 2382 uel
379 2350 536 2381 uiuamus
559 2348 595 2379 in
619 2347 786 2378 eiusmodi
808 2348 937 2390 populo
963 2353 997 2378 et
1018 2352 1218 2389 tempestate
1242 2352 1276 2377 et
1297 2345 1455 2377 fluctibus
1480 2344 1550 2375 eius
1574 2343 1749 2374 iactemur.

287 2402 506 2447 Defetigari)
529 2401 611 2433 Bau.
635 2399 752 2432 scribit
775 2398 979 2442 defetigari,
1003 2398 1044 2430 de
1067 2411 1133 2442 quo
1156 2399 1259 2431 silent
1282 2397 1522 2441 orthographi3
1546 2402 1596 2428 set
1618 2394 1697 2427 uide
1719 2394 1865 2425 Pareum
1886 2392 1974 2423 Lex.
2001 2389 2086 2421 Crit.
