2185 2720
846 191 1294 218 PRAEFATIO.
1920 193 2002 218 XIII

139 281 249 315 creui.
300 279 427 324 Itaque
459 277 519 311 hic
553 282 694 312 tantum
725 276 887 310 breuiter
921 274 1201 309 conmemorabo
1235 274 1296 308 uel
1328 274 1450 320 potius
1477 274 1656 309 lectorum
1687 275 1800 308 oculis
1827 276 2001 311 subiciam

141 354 375 399 scriptiones,
417 363 508 397 quae
543 356 669 385 contra
701 351 887 396 uolgarem
913 348 1214 383 consuetudinem
1245 348 1380 394 partim
1406 348 1551 391 inuitis,
1590 349 1720 395 quibus
1746 349 1861 383 oratio
1888 350 2002 384 Plan-

141 428 243 462 ciana
276 431 472 469 sei-natast,
512 424 715 468 codicibus,
753 423 885 470 partim
915 422 1166 456 addicentibus
1198 433 1219 455 a
1243 433 1304 455 me
1334 421 1503 456 restituta
1534 428 1630 456 sunt.
1684 422 1795 466 Quod
1820 435 1863 457 eo
1890 424 2003 469 magis

140 500 398 542 necessarium,
426 510 536 543 quom
561 497 750 532 breuitatis
777 508 901 530 caussa
924 506 1123 541 numquam
1147 495 1186 528 in
1209 495 1277 529 hac
1303 506 1346 528 re
1361 495 1506 541 quando
1531 495 1745 529 alibrorum
1771 508 1882 530 manu
1906 498 2002 531 scri—

139 579 287 619 ptorum
309 571 468 604 lectione
492 571 639 614 recessi,
664 570 839 604 lectorem
864 569 1092 614 inapparatu
1118 569 1244 603 critico
1271 569 1349 603 eius
1374 569 1430 602 rei
1457 569 1726 613 admonuerim3
1753 569 1791 602 in
1814 583 1884 616 quo
1911 571 2003 617 ipso,

140 651 181 680 ut
205 645 275 678 hoe
300 644 470 687 adiciam,
498 643 663 677 consulto
689 643 830 689 uolgari
849 655 935 676 usus
960 643 1158 687 scriptione
1183 642 1319 688 ubique
1343 642 1456 676 uerba
1479 641 1650 676 Tulliana
1675 642 1798 676 adtuli.

239 718 375 764 Scripsi
399 718 511 763 igitur
531 716 725 762 paenitere
748 729 816 762 pro
837 717 1045 762 poenitere,
1078 714 1282 761 defetigari
1306 728 1374 761 pro
1402 714 1630 760 defatigari,
1669 714 1894 761 intellegere,
1937 729 2005 751 ne·-

136 790 301 836 glegere‚
329 789 546 832 beneuolus,
577 789 779 824 maleuolus
803 803 872 836 pro
899 789 1112 835 intelligere,
1140 795 1227 824 etc..
1278 788 1331 824 Ac
1357 788 1557 834 defetigari
1583 790 1728 835 quidem
1754 795 1791 824 et
1815 790 2008 836 neglegere

144 877 227 899 cum
251 865 427 898 Bauarico
453 864 607 899 restitui.
661 865 754 898 Cum
790 864 918 898 eodem
943 864 1206 897 accussatiuom
1241 863 1386 897 numeri
1411 862 1562 908 pluralis
1590 863 1901 897 substantiuorum
1926 869 2007 898 ter-

145 938 217 972 tiae
243 938 513 981 declinationis,
551 950 707 983 quorum
732 938 913 984 genitiuos
938 937 1086 983 pluralis
1109 937 1147 970 in
1170 936 1245 970 ium
1272 937 1358 981 exit,
1387 942 1595 971 constanter
1611 936 1641 970 is
1654 937 1792 983 scripsi,
1820 942 1861 971 ut
1880 936 2008 979 omnis,

140 1011 283 1057 partis,
309 1009 497 1057 offerentis
524 1016 609 1045 etc..

247 1084 278 1117 O
301 1096 369 1130 pro
394 1083 433 1117 E
456 1084 563 1129 posui
588 1085 628 1118 in
654 1091 795 1128 uoster3
820 1085 1015 1119 Bauaricus
1041 1084 1242 1131 genitiuom
1267 1089 1407 1119 tantum
1435 1084 1580 1117 numeri
1604 1083 1754 1130 pluralis
1780 1085 2009 1130 pronominis

145 1168 211 1191 uos
237 1158 363 1192 scribit
389 1163 567 1192 nostrum.

247 1231 278 1264 O
303 1243 370 1277 pro
402 1231 440 1264 U
460 1232 605 1266 restitui
630 1232 668 1266 in
694 1232 768 1266 his:
796 1232 962 1275 auolsus,
990 1243 1092 1276 auos,
1118 1243 1262 1274 nouom,
1289 1231 1450 1273 saluom,
1478 1231 1627 1277 uolgus,
1653 1230 1838 1277 uolgaris,
1865 1232 2008 1275 uolnus,

147 1304 242 1349 uolt,
270 1305 400 1341 uoltus.

250 1377 289 1411 U
308 1390 375 1423 pro
401 1377 428 1411 I
448 1380 556 1424 posui
586 1379 747 1425 primum
779 1380 818 1413 in
844 1380 1092 1425 superlatiuis,
1136 1380 1337 1426 scripsique
1362 1390 1572 1422 maxumus,
1609 1380 1826 1424 plurumas,
1862 1390 2009 1424 proxu-

146 1449 246 1495 mus',
274 1457 358 1497 etc.;
403 1453 554 1487 eandem
581 1453 939 1487 uocalem-reuocaui
965 1455 1002 1487 in
1028 1454 1100 1487 his:
1135 1453 1354 1500 finitumus,
1387 1453 1573 1499 infirmus,
1601 1451 1839 1496 maritumas,
1866 1455 2008 1489 existu-

146 1536 270 1566 mare,
318 1525 507 1558 lacrumae
515 1549 527 1565 ,
576 1526 692 1568 lubet,
738 1525 920 1569 lubenter,
968 1526 1104 1561 lubido.
1169 1526 1291 1561 Lubet
1332 1533 1368 1562 et
1404 1532 1553 1572 cognata
1584 1532 1684 1561 recte
1722 1528 1772 1561 sic
1806 1529 1939 1574 scripta
1971 1531 2009 1564 in

148 1598 324 1632 Bauarico
351 1599 509 1633 suerunt.

254 1670 292 1703 U
312 1683 378 1716 pro
406 1671 437 1703 Ο
463 1673 607 1706 restitui
633 1674 671 1706 in
697 1674 770 1707 his:
800 1674 1036 1716 adulescens,
1063 1674 1336 1715 adulescentia,
1371 1674 1678 1708 adulescentulus.
1728 1675 1778 1710 Et
1802 1677 1852 1710 sic
1876 1677 1915 1710 iu
1940 1690 2009 1723 pa—

146 1744 333 1790 limpsesto
355 1743 594 1780 Ambrosiano
622 1748 807 1792 scriptum.

250 1818 490 1865 Diphthongo
515 1832 601 1854 usus
628 1833 707 1855 sum
732 1834 799 1867 pro
827 1822 943 1855 uocali
969 1823 1122 1868 simplici
1150 1834 1194 1856 ex
1220 1823 1387 1856 Bauarici
1413 1822 1547 1856 codicis
1574 1823 1786 1858 auctoritate
1811 1824 1850 1857 in
1876 1835 2010 1858 scaena

150 1897 186 1927 et
210 1891 392 1925 scaenicis.

247 1966 399 2011 Dempsi
425 1972 550 2000 contra
576 1968 660 2001 alibi
685 1968 840 2012 uocalis,
868 1970 1066 2015 scripsique
1093 1968 1187 2002 idem
1213 1981 1280 2015 pro
1308 1968 1431 2010 iidem,
1459 1969 1573 2003 isdem
1598 1982 1666 2015 pro
1693 1969 1833 2015 iisdem,
1860 1971 1918 2004 dis
1943 1985 2011 2018 pro

151 2036 241 2080 ‹liis5
278 2051 390 2084 porro
417 2039 573 2082 obicere,
612 2041 763 2086 reicere,
801 2041 983 2087 subicere,
1021 2042 1191 2076 conicere.
1242 2043 1316 2076 Pro
1344 2042 1504 2076 conicere
1531 2044 1705 2078 debebam
1730 2050 1852 2079 tamen
1879 2046 2013 2081 coicere

150 2112 272 2157 potius
297 2114 466 2148 scribere.
519 2114 638 2161 Atque
666 2116 759 2150 hanc
787 2117 931 2161 quidem
958 2128 1067 2150 unam
1083 2116 1096 2148 i
1113 2117 1272 2150 litteram
1298 2117 1335 2149 in
1363 2117 1420 2150 his
1448 2129 1539 2163 quae
1564 2118 1671 2163 posui
1697 2119 1871 2164 exemplis
1896 2132 2013 2165 paene

153 2185 293 2228 cuncti,
321 2198 410 2231 quos
436 2190 630 2234 usurpaui,
659 2190 800 2223 codices
828 2195 1035 2224 constanter
1062 2196 1222 2224 tuentur.
1273 2189 1438 2223 Ohiicere
1465 2197 1530 2225 etc.
1558 2191 1596 2224 in
1622 2191 1722 2224 nullo
1749 2204 1919 2237 umquam
1946 2207 2012 2227 co-

152 2259 233 2293 dice
264 2259 439 2304 scriptum
473 2261 558 2295 uidi.
611 2263 727 2296 Porro
760 2265 961 2308 genitiuom
998 2265 1145 2298 numeri
1184 2263 1375 2309 singularis
1418 2265 1668 2298 declinationis
1702 2265 1880 2299 secundae
1912 2267 1950 2300 in
1986 2266 2014 2300 ii

152 2333 260 2379 uolgo
287 2333 513 2367 desinentem
537 2335 693 2370 formaui
720 2336 752 2381 i,
780 2338 979 2384 scripsique
1005 2336 1141 2371 Planci
1167 2343 1203 2371 et
1228 2338 1368 2371 similla.
1421 2339 1536 2384 Saepe
1561 2339 1599 2371 in
1623 2338 1693 2371 hoc
1718 2339 1880 2384 genitiuo
1905 2346 2012 2375 uete-

155 2418 232 2440 rem
260 2406 555 2452 orthographiam
582 2411 741 2444 scruauit
768 2412 882 2445 codex
906 2412 1153 2457 Erfurtensis,
1180 2412 1225 2445 de
1242 2412 1407 2446 Bauarici
1434 2413 1630 2457 scriptione
1654 2413 1766 2447 tacuit
1780 2412 2011 2448 Garatonius.
