2185 2720
829 131 855 161 C
874 132 903 160 A
923 132 967 161 P.
1004 131 1168 161 XXXIV.
1193 130 1222 171 §.
1241 136 1288 165 84.
1305 136 1352 165 85.
1972 143 2025 169 211

157 218 403 242 occurrere.
457 207 531 238 Set
561 211 687 237 acute
717 206 867 249 rapuit
905 217 956 238 ex
994 206 1135 238 eodem
1171 207 1406 250 proposito
1446 207 1635 240 ualidam
1674 209 2028 254 responsionem,

155 269 200 296 ut
227 260 362 304 magis
394 270 486 291 eum
515 259 715 302 cupidum
744 258 987 291 lacessendi
1016 258 1290 301 ostenderet,
1329 260 1401 303 qui
1428 261 1514 293 sibi
1537 272 1582 292 ea
1610 261 1730 294 ultro
1758 271 2029 306 suggereret,

154 326 260 358 quae
288 312 484 357 potuisse
509 311 593 343 dici
621 311 762 344 fatere
772 318 858 352 tur,
891 323 967 344 nec
997 318 1078 344 tam
1089 323 1136 343 en
1159 311 1199 343 di
1209 318 1272 344 cta
1300 313 1395 345 sint.
1429 313 1592 345 ScuomA
1613 315 1875 348 AMBROSIANA.
1922 316 2030 348 Scho-

152 368 277 407 liastes,
301 372 335 399 et
350 365 504 398 solebant
526 376 641 397 omnes
662 366 845 398 candidati
867 366 948 399 alba
970 371 1065 399 creta
1087 365 1229 398 obliniri
1251 366 1430 405 ceruicem,
1452 372 1492 399 ut
1512 368 1641 411 populo
1663 369 1885 401 notabiliores
1908 377 2029 403 essent.

152 420 277 453 Eritne
286 443 295 459 ,
327 418 386 460 qui
409 418 521 449 credat
529 418 545 449 ’.Ρ
584 418 695 450 eritne
716 419 797 450 hinc
818 418 913 450 Persi
937 419 1099 451 acerbitas
1128 418 1189 450 illa
1211 418 1420 461 explananda
1443 419 1555 462 Satyr.
1579 421 1626 454 V.
1648 432 1683 452 u.
1710 433 1779 464 177.
1785 447 1796 462 ,
1828 433 1894 464 qua
1915 422 2029 454 candi-

151 473 250 504 datus
278 472 384 516 palpo
411 470 550 511 dicitur,
589 483 689 516 quem
718 472 817 504 ducit
844 473 1000 505 hiantem
1028 477 1163 506 cretata
1189 472 1332 505 ambitio
1342 473 1360 504 ?
1404 471 1503 503 Subit
1530 472 1682 506 animum
1710 475 1837 517 species
1862 475 2029 507 candidati

149 536 232 558 sane
258 523 418 562 ridicula,
460 534 562 565 quem
592 524 633 555 ab
662 529 757 567 tergo
788 525 1029 568 aspicientibus
1059 524 1272 568 praeclarum
1302 530 1447 556 cretatae
1476 525 1616 557 ceruicis
1648 526 1779 569 insigne
1810 528 2028 562 demonstret.

151 578 224 611 Cur
250 588 320 609 non
341 576 458 608 album
484 575 592 608 fronti
619 577 733 620 potius
754 576 941 621 inpositum
950 603 959 617 ,
995 584 1034 610 ut
1056 578 1093 609 in
1116 576 1210 619 equis
1233 584 1268 609 et
1291 577 1428 609 canibus
1457 583 1577 610 natura
1598 577 1724 610 factum
1750 580 1926 614 uidemus?
1972 582 2030 614 Set

149 636 229 674 toga
249 629 318 662 illis
340 628 483 661 candida
503 629 583 662 satis
606 635 678 662 erat
700 630 740 662 ad
765 630 1027 674 dignoscendum
1048 629 1201 672 insignis.
1244 631 1366 672 Neque
1388 629 1480 662 enim
1502 631 1649 674 uolgaris
1670 632 1780 665 inerat
1801 634 1924 666 candor
1932 659 1941 674 ‚
1977 641 2028 667 set

149 694 211 727 per
232 688 357 714 cretam
382 681 554 713 fullonum
583 682 726 715 artificio
750 684 932 726 quaesitus.
975 684 1068 717 Hinc
1095 688 1178 726 aput
1199 682 1354 715 Persium
1383 694 1453 714 non
1482 684 1618 724 ceruix,
1657 696 1779 718 uerum
1802 693 1882 730 toga
1903 694 2029 720 cretata

149 734 377 778 intellegitur,
413 740 447 766 et
471 735 642 767 quenalis
664 736 712 768 X.
740 737 809 770 Sat.
832 738 884 769 65.
915 737 1035 770 bouem
1057 741 1228 769 cretatum
1250 735 1292 766 ad
1318 734 1480 767 sacrificia
1503 744 1752 778 conmemorat,
1787 746 1826 772 ut
1847 740 1954 784 magis
1976 741 2028 773 al-

148 787 308 820 besceret.
354 788 507 831 Optume
530 799 582 819 res
605 799 649 820 ex
667 788 771 821 Liuio
793 790 997 833 perspicitur
1019 790 1071 823 IV
1083 813 1092 828 ‚
1116 790 1167 820 25.
1177 802 1186 821 z
1222 789 1347 822 Placet
1355 813 1367 828 ‚
1396 788 1568 822 tollendae
1588 791 1788 825 ambitionis
1811 806 1934 827 caussa
1960 795 2026 827 tri-

149 840 255 874 bunos
278 841 390 884 legem
404 841 635 885 promulgare
642 867 653 882 ‚
673 855 716 875 ne
737 844 795 876 cui
815 843 933 876 album
955 844 968 876 i
970 856 993 876 n
1015 842 1260 876 uestimentum
1280 841 1408 874 addere
1427 842 1608 885 petitionis
1630 857 1755 878 caussa
1776 847 1895 879 liceret
1902 872 1914 886 ‚
1937 847 1973 879 h.
1996 859 2025 878 e.

148 901 274 927 cretam
305 894 510 926 uestimento
541 894 661 925 addere
669 918 678 934 ‚
713 901 752 927 ut
776 907 847 927 non
868 896 973 928 modo
996 895 1111 927 album
1134 894 1191 934 sit,
1225 906 1346 926 uerum
1373 894 1473 926 etiam
1496 896 1708 938 splendidum
1731 898 1806 939 fiat,
1841 906 1942 942 atque
1950 925 1959 941 ,
1989 907 2028 932 ut

149 948 339 981 candidum
360 947 604 990 interpretatur
625 947 764 980 Seruius
786 948 829 980 ad
852 950 956 991 Uerg.
971 949 1032 981 III.
1057 949 1182 990 Georg.
1206 946 1270 985 82„
1295 947 1446 990 quadam
1467 949 1595 981 nitenti
1616 950 1692 983 luce
1708 952 1911 996 perficsum.
1954 953 2028 985 De-

150 1001 255 1044 nique
281 1000 446 1032 candidati
467 1012 537 1032 non
561 1000 670 1032 solum
695 1000 738 1031 ad
760 1002 990 1044 prensandum
1019 1000 1214 1045 prodibant,
1248 1004 1299 1030 set
1320 1000 1483 1032 comitatu
1513 1002 1697 1046 conspicui.
1744 1005 1816 1038 Cfr.
1840 1005 1884 1048 Q.
1909 1005 2026 1038 Cicero

147 1054 188 1085 de
208 1053 304 1096 petit.
333 1063 424 1084 cons.
457 1064 485 1084 c.
508 1053 572 1085 IX.
596 1059 630 1084 et
652 1053 771 1085 Cicero
796 1066 860 1097 pro
883 1055 976 1087 Mur.
999 1066 1027 1086 c.
1050 1054 1103 1087 52.
1115 1076 1124 1085 .
1167 1053 1428 1084 GARATONIUS.

229 1106 377 1139 Dictum
398 1106 544 1150 aliquod
564 1106 601 1138 in
618 1107 824 1150 petitionem
846 1113 944 1140 tuam
965 1107 1037 1140 dici
1052 1105 1225 1151 potuisse)
1267 1104 1360 1136 Male
1382 1105 1559 1138 Ernestius
1590 1118 1668 1140 cum
1689 1109 1725 1141 in
1748 1111 1820 1143 edd.
1843 1118 1926 1144 uett.
1950 1112 2027 1156 ple-

145 1159 262 1202 risque
285 1170 349 1202 pro
373 1159 518 1203 aliquod
537 1159 701 1202 scriptum
732 1161 871 1205 aliquid
893 1160 1114 1204 repperisset,
1152 1157 1332 1190 delendum
1364 1158 1515 1197 dictum,
1551 1166 1589 1191 ut
1609 1172 1628 1192 a
1649 1162 1834 1204 glossatore
1863 1165 2022 1206 additum,

145 1211 317 1244 iudicauit.
364 1213 490 1244 Contra
513 1223 613 1254 quem
638 1213 843 1245 Garatonius
866 1220 957 1246 recte
982 1213 1135 1246 monuit:
1161 1211 1319 1252 „dictum
1341 1210 1455 1243 [licere
1478 1211 1543 1242 hoc
1565 1224 1666 1245 sensu
1689 1222 1903 1258 optumumst
1923 1224 2025 1261 atque

145 1265 346 1298 Tullianum
355 1289 364 1305 ‚
396 1271 436 1297 ut
458 1276 536 1297 cum
563 1264 638 1297 aliis
662 1264 749 1297 uidit
770 1266 936 1309 Heusing.
966 1268 1005 1299 ad
1028 1267 1072 1299 ΙΙ.
1096 1265 1184 1298 Phil.
1212 1276 1260 1306 17.
1269 1288 1278 1304 ,
1316 1264 1478 1296 Scheller.
1502 1265 1585 1297 Obs.
1608 1278 1642 1310 p.
1670 1268 1740 1301 148.
1764 1282 1894 1313 egoque
1915 1271 2023 1303 habeo

145 1330 208 1362 pro
231 1323 406 1361 conperto.
417 1320 438 1337 “

232 1371 282 1404 Te
302 1371 418 1404 aiebas
444 1371 488 1404 de
509 1371 580 1404 tuis
603 1371 704 1404 rebus
723 1372 835 1416 gestis
857 1373 974 1405 nullas
996 1373 1134 1405 litteras
1156 1370 1309 1409 misisse,
1332 1371 1425 1414 quod
1444 1372 1533 1405 milii
1553 1384 1665 1414 meae,
1694 1387 1780 1418 quas
1802 1378 1851 1410 acl
1871 1378 2023 1422 aliquem

144 1423 333 1464 misissem,
370 1423 577 1468 obfiiissent)
634 1426 748 1457 Haec
785 1426 926 1458 omnia
961 1437 1043 1457 non
1072 1425 1118 1457 ad
1152 1435 1288 1463 reum,
1332 1423 1402 1455 sed
1437 1424 1485 1456 ad
1515 1437 1679 1458 omnem
1703 1428 1734 1469 ¹)
1766 1429 2021 1463 Ciceronem

146 1476 398 1520 pertinent,
432 1477 556 1519 quasi
576 1477 777 1521 asperius
805 1490 825 1510 a
844 1480 1085 1511 Laterense
1106 1476 1346 1521 proposita.
1391 1478 1495 1510 Nam
1524 1479 1759 1522 significat
1787 1482 2021 1526 epistulam

144 1539 229 1560 non
255 1528 521 1561 mediocrem
547 1530 596 1562 ad
624 1531 764 1563 instar
790 1531 1028 1564 uoluminis
1062 1531 1286 1573 scriptam,
1325 1542 1445 1573 quam
1471 1531 1679 1575 Pompeio
1710 1533 1754 1565 in
1782 1535 1930 1568 Asiam
1960 1546 1984 1568 D
1997 1547 2019 1569 Ε

143 1590 287 1614 REBUs
321 1591 421 1614 suls
452 1591 498 1613 IN
528 1591 736 1616 CONSULA
748 1594 803 1616 TU
834 1594 998 1617 cns'rls
1029 1584 1202 1617 miserat
1237 1583 1391 1616 Cicero
1418 1584 1664 1626 aliquanto,
1697 1593 1744 1619 ut
1768 1588 2020 1630 uidebatur,

142 1633 417 1667 insolentius
445 1635 672 1679 scriptam,
708 1643 751 1670 ut
772 1638 899 1681 Pomp
911 1638 950 1670 ei
979 1637 1252 1670 stomachum
1283 1648 1367 1668 non
1399 1637 1687 1671 mediocriter
1709 1649 2021 1683 commoneret,

144 1686 253 1729 quod
279 1687 387 1730 quad
398 1699 461 1719 am
484 1689 747 1731 superbiore
768 1691 970 1724 iactantia
998 1691 1192 1723 omnibus
1217 1701 1259 1722 se
1281 1690 1493 1733 gloriosis
1515 1691 1636 1724 ducib
1647 1705 1690 1725 us
1715 1700 2019 1737 anteponeret.

141 1739 237 1771 Hoc
270 1739 416 1782 igitur
442 1740 538 1772 uult
566 1753 656 1774 esse
689 1750 940 1787 purgatum,
986 1744 1134 1776 dicens
1166 1743 1394 1776 nuntiasse
1423 1756 1466 1776 se
1498 1745 1567 1777 Cn.
1598 1746 1809 1789 Pompeio
1847 1747 2019 1789 patriae

143 1794 546 1834 conseruationem,
579 1806 657 1826 nec
686 1796 930 1829 inscienter
956 1798 1004 1829 de
1033 1802 1168 1830 semet
1196 1797 1288 1840 ipso
1312 1797 1557 1840 gloriatum.
1603 1797 1717 1830 Obfu
1728 1806 1854 1831 erunt
1876 1806 2017 1833 autem

141 1856 189 1878 re
216 1857 336 1879 uera:
373 1858 468 1878 nam
495 1846 556 1878 sic
587 1848 795 1881 effectum
825 1855 906 1889 est,
944 1856 991 1882 ut
1022 1851 1061 1882 ei
1094 1849 1323 1892 Pompeius
1355 1858 1504 1883 contra
1536 1852 1785 1884 Clodianam
1816 1852 1903 1884 uim
1936 1865 2018 1886 non

139 1904 262 1943 patro
273 1899 310 1931 ci
321 1911 416 1932 nare
426 1906 506 1932 tur.
530 1901 693 1934 SCHOLIA
714 1902 976 1935 AMBROSIANA.
1019 1903 1191 1938 Manutius
1213 1903 1288 1935 illas
1313 1903 1356 1935 ad
1374 1904 1577 1947 Pompeium
1599 1905 1739 1947 scriptas
1762 1904 1865 1938 fuisse
1888 1907 2017 1940 litteras

139 1957 233 1984 recte
264 1953 505 1996 suspicabatur.
549 1955 608 1986 Set
633 1954 721 1986 nihil
750 1955 941 1998 suspicione
971 1969 1055 2001 opus
1079 1968 1149 1989 esse
1174 1955 1292 1988 Cicero
1317 1956 1390 2000 ipse
1413 1956 1560 1989 declarat
1579 1968 1644 2000 pro
1668 1959 1763 1990 Sulla
1787 1970 1814 1990 c.
1840 1960 1890 1992 24.
1903 1974 1912 1993 z
1944 1961 2017 1994 Hic

140 2010 181 2038 tu
205 2005 390 2048 epistulam
417 2019 529 2039 meam
553 2020 654 2052 saepe
682 2009 826 2048 recitas,
862 2021 966 2053 quam
993 2022 1056 2055 ego
1086 2011 1134 2044 acl
1165 2009 1225 2042 Cn.
1247 2010 1454 2054 Pompeium
1483 2011 1508 2044 cl
1509 2024 1525 2044 e
1556 2012 1641 2044 meis
1667 2012 1766 2045 rebus
1785 2014 1897 2056 gestis
1919 2019 1952 2046 et
1974 2015 2016 2047 de

138 2069 275 2089 summa
302 2070 339 2091 re
367 2060 508 2103 publica
536 2060 597 2103 (ita
619 2060 692 2093 cod.
716 2062 836 2093 Bauar.
861 2073 931 2094 nou
954 2065 1006 2097 rei
1024 2064 1076 2108 p.)
1105 2063 1196 2096 misi.
1243 2062 1313 2104 Qui
1340 2075 1440 2107 saepe
1469 2076 1601 2096 summa
1631 2065 1825 2107 eloquentia
1856 2077 1909 2099 res
1938 2079 2014 2099 suas

137 2115 245 2152 gestas
270 2112 452 2152 extulerit,
493 2113 649 2146 uideatur
675 2126 755 2146 sane
783 2114 820 2146 in
842 2115 901 2147 illa
932 2116 1033 2147 etiam
1057 2115 1201 2158 epistula
1227 2116 1391 2157 gloriosus
1421 2117 1543 2156 fuisseg
1583 2129 1787 2160 quamquam
1815 2125 1854 2150 ut
1879 2119 2015 2163 longior

137 2168 240 2203 esset,
264 2175 316 2196 res
338 2164 430 2208 ipsae
451 2166 651 2208 poscebant3
677 2167 760 2199 haut
783 2174 897 2200 tamen
918 2169 980 2210 ita,
1013 2175 1049 2200 ut
1071 2169 1141 2199 ullo
1166 2169 1270 2200 modo
1292 2169 1496 2212 Pompeium
1519 2169 1709 2201 offenderet
1717 2195 1725 2209 ,
1758 2171 1913 2204 omnibus
1933 2185 1957 2205 a
1978 2186 2013 2206 se

135 2215 269 2259 pictum
292 2222 326 2249 et
342 2219 497 2262 politum
519 2221 608 2253 artis
630 2220 800 2253 coloribus
808 2246 820 2260 ,
858 2227 897 2253 ut
917 2222 965 2254 ait
986 2223 1030 2254 Π.
1057 2221 1097 2252 ad
1117 2222 1191 2254 Att.
1214 2233 1230 2254 2
1239 2234 1265 2254 1.
1275 2236 1283 2254 ε
1321 2224 1420 2256 cuius
1453 2224 1500 2256 acl
1518 2224 1673 2268 gloriam
1695 2225 1893 2268 aagendam
1915 2232 2012 2258 tanto

136 2270 252 2302 studio
275 2283 311 2303 se
334 2272 495 2311 dederat,
519 2279 558 2304 ut
580 2284 658 2305 eum
684 2273 728 2315 Q.
750 2273 857 2306 frater
877 2274 1049 2307 monuerit
1071 2285 1143 2317 cap.
1166 2275 1229 2307 IV.
1252 2275 1459 2307 aduersarios
1483 2276 1525 2307 ob
1548 2276 1585 2307 id
1609 2276 1645 2307 in
1668 2278 1833 2319 petitione
1856 2279 2012 2310 cousula-

138 2325 188 2352 tus
210 2321 242 2353 ei
262 2334 332 2356 non
354 2323 548 2365 defuturos3
588 2326 642 2358 cui
666 2326 812 2370 denique
833 2326 894 2359 illo
918 2328 993 2371 ipso
1016 2333 1170 2371 tempore
1191 2328 1309 2361 consul
1336 2329 1626 2373 supplicationem
1647 2330 1801 2375 confecto
1827 2330 1912 2364 bello
1935 2333 2009 2365 Mi-

210 2429 239 2469 1)
277 2431 324 2462 Ita
340 2434 505 2474 perspicue
523 2434 662 2464 codicem
682 2445 800 2465 omnem
818 2436 955 2466 scribere
973 2437 1014 2467 A.
1035 2438 1136 2469 Maius
1155 2444 1270 2469 monet.

1528 2491 1565 2520 39
1575 2487 1589 2504 *
