2185 2720
848 195 1295 222 PRAEFATIO.
1944 194 2004 218 XV

234 283 443 330 Duplicatio
471 281 749 317 consonantium
774 282 903 316 factast
926 293 946 315 a
970 291 1030 314 me
1054 279 1094 312 in
1127 278 1186 312 his
1220 276 1413 322 exemplis:
1455 288 1606 322 caussa,
1647 287 1816 320 accusso,
1850 287 2006 318 recusso,

136 369 328 399 nummus,
353 357 474 401 immo,
500 355 711 400 comminus,
750 354 899 402 repperi
924 354 1032 399 (bene
1057 351 1355 397 distinguendum
1378 363 1398 385 a
1423 350 1590 398 reperio),
1619 350 1752 386 reccidi
1777 347 1900 396 (quam
1923 350 2006 384 sor-

135 445 232 467 mam
256 431 343 466 olim
368 432 439 464 iam
466 431 572 464 unice
597 430 817 475 probauerat
843 430 1103 471 Buttmannus,
1128 432 1184 461 set
1208 437 1388 472 usurpare
1412 431 1684 469 recussauerat,
1711 425 1809 471 quod
1833 435 2005 470 pronun-

133 506 238 541 tiatio
265 516 392 550 aspera
419 509 523 537 esset.
574 502 623 538 At
648 515 736 538 num
761 514 978 550 quemquam
1003 501 1118 547 pudet
1145 505 1182 534 et
1207 500 1368 534 scribere
1395 506 1431 535 et
1457 500 1580 534 dicere
1604 495 1797 544 accidoP),
1826 496 2005 544 querella,

134 578 292 613 litterae.
357 576 592 622 scripsissem
626 578 754 622 etiam,
805 577 837 611 si
867 587 954 610 usus
989 575 1047 610 his
1085 573 1272 609 uocabulis
1309 573 1454 608 Tullius
1487 578 1602 614 esset,
1650 570 1814 618 reppuli,
1867 570 2004 613 rettuli,

135 658 171 687 et
195 651 366 696 loquella.

234 724 369 760 Addidi
396 724 629 759 consonantis
655 724 693 757 in
721 721 872 766 totiens,
901 721 1088 769 quotiens,
1114 720 1427 755 consentientibus
1454 721 1563 763 Bau.,
1590 718 1691 760 Erfi,
1716 717 1937 760 Dresdensi,
1971 723 2006 751 et

134 798 212 832 sine
245 798 355 832 dubio
389 798 485 842 aliis,
528 798 567 831 in
592 796 766 843 septiens,
804 802 841 832 et
866 796 1153 842 condempnare,
1194 807 1286 840 quae
1312 794 1430 828 forma
1454 794 1493 826 in
1519 793 1651 826 Dresd.
1679 792 1803 826 codice
1834 797 2006 837 usurpata

134 872 338 917 reperitur,
384 872 525 918 dempsi
556 871 595 905 in
620 871 740 918 paulo
775 875 812 906 et
844 869 994 912 uilicus,
1032 870 1077 903 de
1112 881 1183 915 quo
1217 874 1404 915 postremo
1440 867 1554 901 uerbo
1590 878 1656 900 suo
1688 865 1769 899 loco
1797 865 1933 898 dictum
1965 865 2004 897 in

134 946 439 979 commentariost.

235 1019 278 1051 In
303 1019 426 1051 uerbis
453 1030 535 1052 cum
560 1017 893 1063 praepositionibus
921 1016 1137 1061 conpositis,
1182 1027 1272 1061 quae
1306 1025 1405 1048 nunc
1438 1027 1458 1047 a
1481 1014 1572 1048 uiris
1599 1012 1714 1046 doctis
1734 1012 1828 1045 miro
1855 1011 2004 1045 arbitrio

135 1092 178 1124 ab
205 1091 282 1124 aliis
309 1091 413 1125 aliter
439 1091 668 1134 scribuntur,
708 1101 875 1136 pessume
901 1095 1021 1123 autem
1048 1090 1090 1123 ab
1117 1090 1177 1133 iis,
1220 1089 1281 1134 qui
1307 1094 1370 1122 aut
1391 1087 1687 1133 consequentiae,
1728 1097 1835 1131 quam
1860 1089 2003 1128 uocant,

134 1164 277 1198 laudem
305 1165 373 1198 sibi
398 1176 529 1210 parere
554 1164 704 1207 uolunt,
743 1169 804 1197 aut
827 1175 888 1197 eos
913 1163 1184 1207 grammaticos,
1224 1164 1286 1208 qui
1312 1159 1428 1208 affari
1460 1172 1528 1206 pro
1555 1158 1683 1203 abfari
1711 1165 1746 1193 et
1772 1157 1910 1204 arripio
1935 1170 2003 1204 pro

135 1236 279 1283 abripio
307 1238 415 1271 scribi
440 1243 603 1281 monent,
629 1243 812 1282 tamquam
839 1242 1008 1282 optumos
1036 1236 1146 1270 duces
1173 1242 1356 1279 secuntur,
1383 1236 1421 1268 in
1451 1234 1520 1267 illis
1546 1234 1658 1278 igitur
1685 1233 1808 1267 uerbis
1837 1232 2003 1265 scriben-

136 1311 190 1344 dis
215 1323 293 1344 eam
318 1312 410 1344 iniui
432 1311 629 1353 rationem,
672 1322 778 1356 quam
804 1316 969 1344 secutum
994 1310 1211 1343 Ciceronem
1239 1322 1316 1344 esse
1343 1307 1640 1342 euidentissumis
1667 1306 1891 1352 argumentis
1918 1317 2002 1339 cer-

134 1384 367 1430 tissumisque
400 1384 618 1418 testimoniis
644 1384 806 1430 probabo
835 1384 937 1417 eoin
965 1382 1078 1427 libro,
1122 1395 1231 1429 quem
1265 1383 1310 1417 de
1343 1381 1604 1427 orthographia
1637 1381 1749 1414 latina
1784 1391 1900 1425 paene
1932 1379 2002 1412 iam

135 1458 288 1491 confeci.

236 1531 370 1576 Scripsi
397 1531 508 1576 igitur
534 1530 630 1575 afui,
656 1541 732 1563 non
757 1528 874 1574 abfui,
901 1529 1101 1574 afuturus,
1126 1541 1201 1563 non
1223 1528 1444 1574 abfuturus5
1469 1539 1582 1573 porro
1605 1527 1727 1573 adfui,
1753 1526 1901 1571 adfinis,
1928 1526 2000 1559 ad-

128 1602 280 1647 finitas,
307 1603 545 1648 adgnoscere,
572 1603 962 1649 adlicerekadllgare,
990 1604 1182 1649 adpetere,
1210 1603 1413 1648 adrogare,
1449 1601 1651 1643 adsentire,
1686 1600 1861 1647 adsequi,
1896 1599 2001 1633 adsi-

135 1676 239 1715 dere,
267 1677 508 1721 adspergere,
536 1676 778 1723 adstringere,
805 1677 991 1720 adsuetus,
1018 1678 1229 1720 adsumere,
1256 1683 1383 1711 contra
1408 1688 1483 1709 non
1510 1675 1722 1721 adpellare,
1748 1687 1824 1709 non
1846 1674 2001 1707 adscen-

134 1749 221 1783 dere
247 1755 282 1784 et
308 1750 523 1792 adscensus,
552 1763 624 1785 non
652 1752 892 1797 adspernari,
919 1764 994 1786 non
1021 1751 1230 1797 adspicere,
1258 1756 1313 1784 set
1339 1749 1548 1795 appellare,
1581 1749 1795 1792 ascendere,
1822 1760 2002 1789 ascensus,

133 1822 349 1869 aspernari,
375 1822 559 1869 aspicere5
584 1837 696 1870 porro
723 1825 930 1872 adtingere,
958 1826 1182 1867 adtrectare,
1209 1824 1396 1858 adtulisse.
1449 1824 1492 1857 In
1519 1823 1731 1869 quibusdam
1753 1822 1886 1855 horum
1911 1834 2000 1855 ucr-

132 1897 264 1931 borum
291 1897 372 1932 illut
396 1910 471 1931 non
497 1899 673 1942 diffiteor,
700 1899 864 1933 fortassis
893 1905 933 1933 at
958 1912 1026 1946 pro
1054 1899 1106 1933 acl
1131 1912 1151 1933 a
1178 1899 1302 1932 Tullio
1330 1899 1506 1943 scriptum
1531 1898 1661 1941 suisse;
1695 1895 2000 1942 quemadmodum

135 1970 337 2014 dubiumst,
364 1977 488 2005 utrum
513 1972 573 2006 ille
600 1972 812 2017 opstrictus,
839 1973 952 2019 opsit,
979 1985 1064 2020 aps,
1097 1984 1318 2019 opseruure,
1351 1976 1575 2017 optrectare,
1609 1969 1772 2015 suptilis,
1799 1969 1999 2015 apsimarus,

135 2044 355 2088 apsterruit,
395 2044 580 2091 optinere,
614 2051 887 2092 optemperare,
921 2046 1101 2093 optestari
1134 2053 1169 2081 et
1195 2047 1293 2090 sim.,
1334 2058 1379 2079 an
1406 2044 1600 2078 obstrictus
1628 2049 1664 2078 et
1689 2045 1740 2077 sic
1766 2055 1876 2089 porro
1904 2043 1999 2075 scri-

135 2117 259 2162 pserit.
308 2118 352 2151 In
378 2118 435 2152 his
461 2120 656 2164 postremis
682 2132 701 2154 a
727 2121 867 2166 uolgari
894 2121 1160 2157 consuetudine
1185 2132 1261 2153 non
1287 2119 1547 2153 discedendum
1572 2117 1708 2164 putaui.

236 2189 309 2223 Con
330 2196 366 2224 et
381 2191 427 2224 In
452 2194 740 2238 praepositiones
766 2200 849 2228 ante
876 2195 993 2228 omnis
1020 2193 1254 2227 consonantis
1279 2205 1390 2238 puras
1417 2192 1572 2235 seruaui,
1598 2191 1670 2224 nisi
1697 2190 1794 2236 quod
1818 2188 1999 2233 corrigere

135 2269 171 2299 et
196 2275 429 2309 corrumpere
455 2266 599 2311 scripsi:
627 2279 711 2301 nam
738 2267 923 2313 conrigere
949 2274 985 2302 et
1010 2278 1249 2312 conrumpere
1276 2266 1445 2300 Ciceroni
1470 2265 1632 2298 inaudita
1656 2264 1816 2298 fuerunt.

231 2338 421 2371 Postremo
449 2339 712 2384 ecferuescere,
740 2341 957 2386 ecfundere,
1011 2347 1047 2375 et
1070 2341 1212 2386 ecferre
1239 2340 1381 2386 scripsi,
1408 2339 1674 2383 simillumoque
1699 2336 1808 2371 modo
1836 2334 1996 2375 exilium,

134 2415 337 2455 expectare,
366 2417 505 2453 extare,
532 2412 757 2457 extinguere.
