2185 2720
841 130 865 159 C
886 130 913 156 A
935 129 973 158 P.
1012 128 1055 157 X.
1075 126 1102 168 §.
1127 133 1171 161 26.
1193 144 1230 151 --
1250 129 1309 157 XI.
1329 128 1356 168 ς.
1380 135 1424 161 27.
2045 136 2081 163 99

181 205 375 238 subiecta
397 201 682 237 α’ναὸιπλιόσει
704 204 731 248 ¹)
760 208 1016 236 numerante
1039 208 1233 243 oratore,
1267 204 1372 246 quib
1385 216 1430 236 us
1453 205 1562 236 locis
1589 204 1836 247 quibusque
1859 210 1942 235 tem
1955 205 2079 246 pori-

184 258 275 296 bus,
305 263 345 288 et
369 256 611 288 cuiusmodi
643 257 841 288 uirorum
875 254 1036 287 iudicio
1068 255 1136 286 Cn.
1160 255 1311 288 Planci
1343 269 1484 289 mores
1516 257 1791 300 comprobati
1813 256 1910 288 sint.
1956 256 2074 298 Quod

181 310 324 353 ipsum
354 310 499 341 statim
529 309 772 351 uigilanter
802 320 900 351 erga
922 319 1156 350 personam
1180 309 1395 351 Torquati
1419 309 1550 348 facit,
1592 310 1717 341 cuius
1741 308 2008 352 grauitatem
2036 315 2077 339 et

181 361 520 394 sanctimoniam
547 372 629 392 non
653 361 791 393 otiose
812 360 1085 393 testificatus
1110 367 1192 400 est,
1219 362 1290 393 sed
1315 374 1394 404 quo
1418 362 1558 404 magis
1584 362 1792 393 Plancius
1819 367 2074 400 ornaretur,

183 426 305 457 quem
332 413 618 445 familiariter
647 413 728 445 ille
761 414 986 445 dilexerit.
1033 414 1083 444 Et
1107 414 1312 455 quoniam
1335 416 1586 457 Torquatus
1616 414 1729 445 idem
1754 425 1966 457 praesens
1993 425 2074 445 non

182 473 290 506 erat,
325 466 368 497 in
398 465 488 496 eius
519 466 759 507 patruelem
790 465 1105 498 conferendam
1133 467 1310 508 putauit
1344 467 1479 498 uicem
1510 466 1775 505 testimonii,
1814 473 1859 498 ut
1887 466 2074 510 perinde

179 520 442 558 haberetur,
494 524 625 559 atque
661 517 699 548 si
740 518 908 550 adesset
949 518 1000 558 is,
1048 518 1175 549 cuius
1219 518 1417 550 ualidior
1462 525 1574 551 esset
1613 518 1863 550 auctoritas.
1909 520 2072 550 Senon-x

178 572 440 605 AMBROSIANA.
484 571 566 601 Nou
587 569 691 601 modo
716 577 767 603 est
789 571 905 611 deleo,
935 569 1027 612 quod
1049 570 1085 601 in
1107 571 1189 602 Bau.
1215 571 1328 610 deest,
1359 583 1497 610 uerum,
1528 571 1618 614 quod
1643 582 1851 613 consequens
1874 577 1938 610 est,
1971 570 2073 602 etiam

178 625 259 669 qui,
294 629 333 654 ut
361 628 500 665 optume
529 621 630 653 lectio
659 623 900 655 constituatur:
929 623 986 655 hic
1014 624 1106 655 enim
1133 624 1414 656 adulescentulus
1443 637 1521 657 cnm
1547 625 1592 657 A.
1628 625 1805 667 Torquato
1828 623 2011 666 profectas
2035 624 2071 655 in

177 677 360 720 Africam,
383 675 433 708 sic
454 673 497 706 ab
520 674 582 705 illo
605 693 649 699 -—-
670 677 818 708 dilectus
841 682 910 714 est,
933 680 973 706 ut
996 681 1057 706 etc.
1071 698 1079 706 .
1125 677 1285 708 Tulliana
1309 677 1517 708 consuetudo
1541 677 1587 707 sic
1609 676 1770 719 postulat.
1808 675 2069 707 GARATONIL'S.

176 728 268 762 Uide
291 739 377 770 quae
398 726 533 768 Proleg·
556 727 598 758 L.
622 727 648 758 Ι.
675 728 713 759 C.
736 728 797 759 ΙΙΙ.
822 730 851 770 §.
877 727 908 759 4.
933 733 966 758 et
989 728 1031 759 L.
1055 728 1098 759 H.
1126 729 1164 761 C.
1188 730 1214 760 I.
1242 730 1272 771 ξ.
1294 730 1325 760 4.
1350 735 1467 760 contra
1491 728 1718 760 Garatonium
1740 727 1871 759 monui.

261 786 350 819 Fuit
380 786 417 817 in
449 785 553 817 Creta
579 791 700 829 postea
730 785 986 818 contubernalis
1015 785 1220 826 Saturnini,
1254 788 1449 831 propinqui
1477 787 1548 828 sai,
1588 787 1689 819 miles
1717 786 1822 818 haias
1852 785 1894 826 Q.
1917 784 2068 828 Metelli)

177 839 435 872 Gratiosum
452 837 480 879 2)
503 836 655 869 fuisse
668 837 740 868 uid
753 838 819 869 eri
841 842 1035 880 poterat,
1070 837 1105 868 si
1128 838 1412 870 adseueraret
1435 851 1529 870 eum
1553 839 1793 871 Saturnino
1815 838 2067 882 propinquo

175 903 251 923 suo
274 889 514 933 placuisse3
536 889 693 920 maluit
718 889 766 920 ad
790 889 1003 920 iudicium
1028 890 1072 931 Q.
1097 891 1275 923 Metelli
1301 891 1552 933 confugere,
1576 898 1620 923 ut
1642 903 1742 922 uere
1765 891 1952 933 cognitis
1974 890 2067 921 uir-

175 943 353 974 tutibus
382 941 532 972 Planci
563 941 894 973 existimauerit
925 941 1257 975 adulescentem
1290 956 1368 987 per
1406 943 1547 975 omnia
1575 944 1953 986 spectatissimum.
1999 943 2066 974 Si-

176 994 367 1038 gnificat
388 999 529 1024 autem
554 994 595 1035 Q.
620 995 866 1033 Metellum,
898 993 972 1036 qui
996 994 1195 1027 Creticus
1224 996 1561 1039 cognominatus
1588 1003 1668 1037 est,
1699 997 1814 1028 bello
1838 1002 1937 1039 aput
1960 996 2064 1028 Cre-

175 1054 259 1079 tam
281 1045 486 1077 feliciter
511 1051 642 1087 gesto.
689 1046 840 1077 Omnia
863 1047 909 1077 ha
922 1058 965 1077 ec
988 1048 1175 1090 sunt...³)
1221 1049 1383 1080 ScnoLIA
1407 1049 1668 1080 Amssnosmm.

261 1098 459 1137 Saturnini)
487 1097 558 1139 Qui
580 1098 718 1129 uidetur
740 1109 817 1129 cum
841 1099 884 1140 Q.
908 1098 1069 1138 lSIetello,
1095 1099 1148 1130 cui
1169 1106 1287 1142 postea
1310 1100 1436 1132 Cretici
1460 1111 1646 1142 cognomen
1669 1112 1688 1132 a
1708 1101 1809 1132 Creta
1833 1100 1967 1132 deuicta
1988 1099 2064 1139 fuit,

173 1158 332 1195 quaestor
353 1149 478 1188 suisseg
505 1150 633 1191 legatus
657 1150 748 1181 enim
770 1162 840 1182 non
863 1150 946 1189 fuit,
979 1150 1058 1192 quia
1074 1147 1182 1194 'legati
1206 1151 1294 1184 infra
1316 1153 1550 1183 nominantur.
1596 1152 1811 1185 BIANL‘TIFS.

256 1204 379 1236 Huius
401 1202 445 1242 Q.
467 1203 615 1245 Metelli)
651 1203 754 1234 Recte
785 1203 850 1234 hoc
876 1214 918 1234 ex
942 1203 1016 1233 loco
1040 1204 1198 1237 Norisius
1224 1206 1343 1237 Cenot.
1369 1205 1478 1235 Pisan.
1502 1205 1529 1235 Ι.
1552 1206 1582 1236 5.
1607 1206 1772 1248 conlegit,
1803 1204 1931 1236 uixisse
1953 1205 2063 1236 adhuc

171 1257 354 1290 Metellum
378 1255 551 1286 Creticum
575 1261 654 1297 post
676 1255 846 1287 orationes
873 1267 936 1298 pro
963 1254 1065 1286 domo
1103 1263 1136 1288 et
1167 1257 1208 1288 dc
1233 1259 1316 1289 Har.
1342 1258 1444 1300 Resp.
1468 1257 1610 1289 habitas.
1656 1257 1783 1290 Confer
1805 1257 1848 1288 ad
1872 1269 1899 1289 c.
1923 1257 1975 1299 47.
1998 1269 2062 1300 pro

170 1310 273 1341 domo
316 1307 521 1340 Ferratium·
576 1308 838 1339 GARATONIUS·
904 1307 1079 1339 Manutius
1114 1309 1159 1351 Q
1190 1311 1371 1342 Metellum
1412 1311 1467 1342 uel
1497 1309 1700 1342 aduocatum
1738 1310 1795 1341 uel
1824 1310 1974 1342 iudicem
2001 1309 2062 1341 ad-

169 1361 275 1393 fuisse
296 1360 442 1392 monuit.

255 1412 320 1445 Cui
343 1425 420 1444 cum
433 1411 554 1456 faerit
569 1412 864 1456 probatissumus)
908 1413 996 1444 Cum
1020 1419 1117 1445 antea
1142 1415 1266 1458 quibas
1289 1416 1470 1457 legeretur,
1495 1417 1531 1448 id
1555 1417 1667 1460 ipsum
1690 1422 1803 1447 autem
1824 1426 1936 1457 neque
1959 1421 2063 1457 optu-

168 1477 306 1496 morum
331 1475 443 1506 neque
464 1465 707 1506 plurumorum
730 1465 884 1496 codicum
906 1465 1106 1497 auctoritate
1127 1468 1314 1506 niteretur,
1346 1468 1563 1500 scribendum
1586 1471 1643 1502 cui
1664 1468 1799 1512 putaui,
1829 1467 1921 1510 quod
1943 1473 2060 1510 aperte

167 1517 363 1549 scholiastes
392 1517 515 1549 Ambr.
539 1517 637 1559 legit,
667 1529 828 1550 monens:
860 1518 988 1550 maluit
1010 1519 1058 1550 ad
1078 1520 1250 1553 iudicium
1271 1520 1314 1561 Q.
1336 1521 1473 1553 Metella·
1496 1521 1683 1566 confugere
1706 1528 1785 1553 etc..
1829 1520 1902 1554 Cfr.
1925 1521 2060 1562 Proleg.

168 1570 212 1601 L.
235 1569 262 1600 Ι.
287 1570 326 1601 C.
346 1569 407 1600 ΙΙΙ.
433 1570 463 1611 §.
486 1569 516 1601 8.
539 1581 573 1612 p.
596 1571 714 1602 XXII.
729 1593 738 1601 .

256 1621 291 1654 C.
321 1622 504 1664 Sacerdos)
550 1623 690 1653 Praetor
719 1621 785 1654 suit
817 1634 895 1654 ann.
931 1624 1201 1656 DCLXXVIII.
1232 1623 1319 1667 (679.
1350 1625 1476 1667 Aha),
1507 1631 1546 1657 ut
1575 1636 1618 1657 ex
1640 1626 1797 1659 Uerrinis
1827 1625 2058 1669 cognoscitur3

168 1674 292 1706 deinde
314 1686 383 1706 non
407 1675 531 1717 exiguo
554 1675 737 1706 interuallo
759 1675 888 1717 legatus
911 1677 1101 1717 praetorius
1115 1677 1158 1719 Q.
1174 1678 1308 1709 Metelli
1325 1678 1450 1709 Cretici
1472 1690 1550 1709 ann.
1564 1679 1819 1710 DCLXXXV.
1843 1678 1930 1722 (686.
1947 1675 2059 1719 Alm.)

168 1732 204 1758 et
230 1726 271 1757 ab
307 1737 345 1757 ea
373 1727 542 1769 legatione
572 1739 730 1760 reuersus
763 1729 976 1759 consulatum
998 1729 1122 1771 petiuit
1148 1742 1223 1762 cum
1248 1731 1412 1762 Cicerone
1435 1742 1522 1762 anno
1546 1731 1838 1770 DCLXXXLX„
1874 1736 1913 1761 ut
1942 1734 2059 1760 narrat

168 1778 338 1810 Asconius
366 1779 404 1810 iu
427 1791 496 1821 arg.
520 1786 604 1811 orat.
629 1781 666 1812 in
690 1787 774 1823 toga
796 1781 964 1819 candida,
1000 1781 1040 1812 ab
1068 1782 1208 1824 eiusque
1241 1783 1410 1814 consulari
1438 1783 1575 1825 repulsa
1605 1783 1880 1825 undeuigesimus
1907 1781 1963 1813 hic
1985 1787 2058 1812 erat

167 1841 286 1861 annus.
341 1831 420 1862 Nisi
456 1831 547 1863 forte
587 1832 654 1864 duo
688 1832 818 1863 suerint
856 1832 976 1864 eodem
1013 1838 1169 1875 tempore
1207 1836 1246 1867 C.
1282 1836 1408 1868 Licinii
1446 1835 1642 1867 Sacerdotes
1654 1859 1663 1875 ,
1706 1835 1805 1866 ambo
1841 1834 2056 1876 magistratus

165 1881 291 1925 adepti.
337 1884 597 1916 GAnATons.

251 1935 297 1967 L.
318 1936 481 1976 Flaccus)
514 1938 546 1968 Is
570 1943 634 1977 est,
660 1949 761 1979 quem
784 1937 920 1969 Tullius
943 1939 1154 1980 praetorium
1179 1939 1391 1979 defenderat,
1420 1940 1461 1971 de
1484 1952 1552 1982 quo
1575 1939 1611 1971 in
1635 1939 1789 1971 oratione
1810 1951 1874 1982 pro
1896 1939 1971 1982 ipso
1994 1940 2056 1970 ha-

165 1986 236 2018 bita
267 1998 297 2017 c.
319 1988 366 2020 5.:
405 1989 548 2021 Bellum
570 1990 728 2023 Cretense
751 2003 792 2023 ex
813 2002 944 2034 magna
961 1996 1066 2034 parte
1085 1993 1218 2034 gessit,
1255 1999 1359 2036 atque
1381 2005 1452 2024 una
1475 2006 1553 2025 cum
1574 2005 1705 2024 summo
1728 1993 1925 2036 inperatore
1948 1993 2055 2024 susti-

165 2040 266 2078 mat,-
303 2039 499 2083 ibidemque
529 2053 556 2072 c.
581 2043 647 2074 26.:
687 2043 810 2086 quibas
841 2043 926 2074 locis
948 2055 1059 2087 nuper
1084 2045 1222 2087 legatus
1248 2046 1294 2078 L.
1315 2045 1464 2077 Flaccus
1493 2047 1690 2089 inperatore
1711 2045 1854 2076 Metello
1878 2044 2052 2088 praefuit·

161 2091 280 2133 Atque
301 2092 358 2124 hic
378 2093 506 2125 iudicio
528 2095 797 2137 repetundarum
819 2095 992 2127 absolutus
1016 2096 1053 2128 111
1074 2097 1311 2129 Macedoniam
1334 2097 1462 2139 legatus
1485 2098 1528 2129 L.
1544 2097 1659 2129 Pisoni
1680 2096 1878 2140 proconsuli
1899 2102 1948 2128 est
1970 2108 2054 2138 pro-

237 2263 266 2303 1)
302 2265 364 2294 Pro
385 2266 482 2294 uerbo
503 2275 629 2304 graeco,
650 2269 733 2307 qnod
751 2270 858 2308 posuit
877 2270 996 2307 Maius,
1017 2282 1147 2301 uacuum
1169 2273 1303 2312 spatium
1322 2273 1356 2302 in
1376 2272 1492 2301 codice.

237 2311 268 2351 2)
306 2313 381 2341 Non
400 2315 519 2352 probo,
558 2316 640 2354 quod
660 2317 762 2345 Maius
789 2323 860 2346 ante
883 2321 1074 2355 gratiosum,
1095 2321 1182 2349 nullo
1204 2322 1237 2349 in
1257 2321 1364 2350 codice
1383 2320 1496 2349 relicto
1517 2330 1614 2349 uacuo
1634 2320 1751 2359 spatio,
1770 2319 1916 2358 quoniam
1934 2318 2049 2358 posuit.

162 2358 266 2387 Multo
284 2361 479 2398 probabilius
500 2368 561 2398 est,
581 2364 664 2393 inter
684 2366 797 2393 maluit
817 2369 849 2392 et
869 2365 914 2392 acl
930 2365 1083 2394 excidisse
1103 2370 1219 2406 itaque.

237 2405 268 2445 3)
305 2409 445 2447 Spatium
466 2409 597 2439 duorum
617 2422 763 2440 uersuum
783 2411 816 2440 in
837 2411 943 2440 codice
963 2412 1018 2441 uix
1038 2415 1102 2443 ulla
1122 2416 1300 2444 coniectura
1318 2415 1510 2454 replendum.
1542 2415 1626 2443 Asa.
1646 2415 1767 2443 MAIUS·

1575 2469 1608 2494 25
1619 2464 1631 2478 *
