2185 2720
162 146 216 175 175
811 137 1384 168 COMMENTARIUS.

162 216 333 252 debere,
371 213 409 245 si
431 213 506 246 hoc
527 211 727 252 soluer03
749 224 822 245 nec
842 212 987 245 minus
1015 213 1055 245 ei
1077 213 1301 245 redderem
1329 212 1563 245 uoluntate
1589 213 1702 257 ipsa,
1737 216 1774 248 si
1801 217 1876 250 Ιιοε
1903 219 2036 252 mole-

162 269 279 301 stiae
307 278 388 299 non
416 265 510 298 acci
518 264 608 296 diss
620 270 670 297 et.
713 264 873 308 Crispum
892 277 992 304 sane,
1030 266 1163 310 inquit,
1197 277 1324 309 agmen
1345 265 1514 298 orationis
1535 265 1804 310 rotundumque,
1837 282 1878 302 ac
1899 272 2037 304 modulo

162 323 237 366 ipso
263 330 484 352 numerorum
504 323 706 356 uenustum,
728 323 779 349 set
801 319 892 361 quod
912 330 990 350 cum
1010 319 1114 350 uenia
1135 318 1319 361 legendum
1341 318 1387 350 sit
1409 318 1507 351 uerbi
1523 318 1672 362 paulum
1692 318 1769 350 ideo
1790 320 1975 362 inmutati‚
1997 329 2038 356 ut

162 374 351 407 sententiae
371 370 468 413 fides
496 370 600 402 salua
627 375 725 402 esset.
768 369 932 413 ZVamque
959 370 1085 402 debitio
1112 371 1254 414 gratiae
1281 376 1316 403 et
1330 371 1500 414 pecuniae
1529 370 1667 403 conlata
1694 366 2039 420 uerbum'utrobique

162 437 303 459 seruare
326 429 454 468 posset.
498 422 558 454 Ita
588 422 680 453 enirn
707 427 798 454 recte
820 423 978 466 opposita
1001 423 1093 455 inter
1120 435 1192 455 sese
1213 423 1355 466 gratiae
1371 423 1606 467 pecuniaeque
1629 422 1757 455 debitio
1780 425 1977 466 uidebitur,
2006 429 2038 460 si

164 486 197 512 et
214 478 366 522 pecunia
388 477 527 520 quidem
548 474 663 507 deberi
685 475 824 506 dicatur
846 480 880 507 et
898 477 1040 519 gratia,
1062 481 1113 508 set
1135 476 1221 520 quid
1242 476 1380 508 eueniat
1401 476 1438 507 in
1452 475 1605 519 pecunia
1627 475 1742 508 debita
1763 478 1933 518 solutaue,
1955 481 2041 524 quid

165 537 284 564 contra
313 530 350 561 in
370 529 494 572 gratia
515 527 630 560 debita
652 527 853 566 redditaue,
880 528 1064 561 debitionis
1091 528 1194 562 uerbo
1216 529 1392 571 utrimque
1419 533 1558 560 seruato
1582 528 1786 562 disseratur.
1830 529 1947 563 Cicero
1974 544 2041 564 au-

163 591 250 622 tem,
285 583 419 626 inquit,
457 593 561 624 quom
582 579 728 622 'gratiae
746 580 981 624 pecuniaeque
1004 581 1209 614 debitionem
1231 580 1434 613 dissimilem
1455 592 1526 612 esse
1547 581 1711 619 dixisset,
1742 582 1884 625 eiusque
1905 589 2040 616 senten-

164 637 234 668 tiae
264 635 433 667 rationem
465 633 640 670 redderet,
673 632 816 664 uerbum
843 632 966 666 debet
995 635 1031 666 in
1048 634 1201 678 pecunia
1217 633 1320 677 ponit
1329 645 1341 673 ‚-
1374 633 1410 665 in
1431 634 1554 676 gratia
1575 633 1702 666 subicit
1726 633 1855 665 babet
1880 645 1946 677 pro
1968 635 2039 667 de-

165 688 251 721 bet:
286 688 338 719 ita
359 686 450 718 enim
472 686 575 724 dicit,
612 684 817 717 Gratiam
841 691 986 718 autem
1013 692 1051 718 et
1082 687 1156 730 qui
1189 684 1352 729 refert,
1387 686 1532 725 habet,
1568 692 1607 719 et
1635 685 1709 729 qui
1735 685 1884 724 babet,
1922 686 1967 718 in
1995 699 2040 719 eo

166 742 267 784 ipso
293 739 407 783 quod
426 737 577 776 babet,
607 736 757 781 refert.
801 739 861 770 Set
881 739 920 771 id
940 738 1084 771 uerbum
1105 751 1182 771 cum
1197 739 1380 782 proposita
1399 739 1645 782 conparatione
1665 750 1732 770 non
1754 739 1841 771 satis
1863 740 2041 776 conuenit,-

165 793 294 825 debitio
318 791 408 823 enim
422 790 582 833 gratiae,
618 802 685 822 non
707 790 838 823 habitio
859 804 937 824 cum
960 792 1115 835 pecunia
1145 789 1342 833 confertur,-
1374 797 1478 835 atque
1499 791 1574 823 ideo
1597 802 1800 833 consequens
1823 791 1961 834 quidem
1971 791 2042 835 fu-

167 851 245 878 erat
267 844 317 876 sic
339 844 471 876 dicere.-
504 848 542 874 et
565 843 638 886 qui
659 842 799 882 debet,
829 845 873 876 in
895 856 939 876 eo
964 845 1056 887 ipso
1080 844 1193 887 quod
1213 842 1357 881 debet,
1381 842 1533 887 refert.
1562 844 1654 887 quod
1673 842 1862 875 absurdum
1883 849 1917 875 et
1937 845 2042 876 nimis

165 902 321 930 coactum
334 895 454 938 foret,
491 896 523 928 si
544 895 696 927 nondum
717 897 889 928 redditam
907 897 1066 939 gratiam
1087 908 1125 928 eo
1147 897 1222 940 ipso
1244 896 1418 928 redditam
1438 896 1586 934 diceret,
1621 896 1706 939 quia
1727 895 1878 928 debetur.
1919 896 2043 928 Inmu-

166 950 259 981 tauit
283 960 381 991 ergo,
410 948 545 992 inquit,
574 953 607 979 et
629 947 784 980 subdidit
805 948 949 981 uerbum
970 950 1002 980 ei
1023 948 1145 987 uerbo,
1176 949 1267 992 quod
1288 949 1466 987 omiserat,
1486 947 1718 991 finitumum,
1746 954 1787 981 ut
1807 948 1988 980 uideretur
2007 953 2042 981 et

165 1014 302 1033 sensum
324 1001 507 1032 debitionis
529 1000 684 1032 conlatae
705 1013 772 1032 non
787 1002 967 1044 reliquisse
984 1006 1018 1032 et
1039 1002 1304 1034 concinnitatem
1324 1002 1512 1033 sententiae
1535 1001 1730 1033 retinuisse.
1773 1001 1834 1033 Ad
1853 1002 1944 1033 bunc
1968 1013 2042 1033 mo-

165 1055 249 1086 dum
269 1054 433 1086 Iulianus
458 1053 626 1085 enodabat
651 1053 935 1098 diiudicabatque
957 1060 1114 1086 ueterum
1135 1055 1345 1098 scriptorum
1366 1054 1571 1091 sententias,
1607 1065 1692 1096 quas
1713 1059 1800 1097 aput
1822 1065 1899 1085 eum
1919 1054 2042 1087 adule-

166 1112 297 1139 scentes
320 1105 532 1138 lectitabant.
553 1106 598 1137 A.
625 1107 788 1138 GELLIL‘S
811 1107 857 1138 N.
881 1107 928 1139 A.
950 1107 984 1146 Ι,
1010 1107 1041 1138 4.
1085 1107 1280 1149 Legendum
1304 1113 1368 1145 est,
1391 1107 1452 1150 qui
1472 1111 1589 1138 autem
1607 1105 1718 1145 babet,
1741 1116 1820 1143 non,
1843 1107 1904 1150 qui
1924 1111 2042 1138 autem

165 1160 281 1198 debet,
320 1158 481 1202 quidquid
508 1164 588 1201 aput
608 1158 654 1191 A.
679 1159 831 1190 Gellium
858 1159 918 1190 lib.
941 1160 968 1191 Ι.
991 1171 1062 1202 cap.
1085 1159 1116 1191 4.
1140 1165 1307 1201 argutetur
1329 1158 1498 1191 Antonius
1523 1158 1646 1190 rhetor.
1692 1158 1845 1190 Ostendit
1866 1159 1958 1190 enim
1981 1160 2042 1191 Ci—

169 1223 265 1251 cero,
295 1223 334 1243 eo
355 1210 552 1242 dissimilem
574 1222 643 1242 esse
664 1212 826 1254 pecuniae
848 1212 1049 1244 debitionem
1071 1211 1229 1243 debitioni
1253 1211 1392 1254 gratiae,
1424 1211 1511 1254 quod
1533 1211 1591 1254 qui
1611 1210 1789 1254 pecuniam
1811 1210 1955 1243 debitam
1974 1211 2043 1243 dis-

168 1264 285 1303 soluit,
319 1264 427 1295 statim
450 1275 518 1295 non
544 1264 640 1296 debet
662 1264 749 1307 quod
770 1265 937 1304 dissoluit3
967 1265 1025 1307 qui
1046 1271 1158 1296 autem
1179 1264 1296 1303 habet,
1325 1264 1445 1296 retinet
1468 1275 1522 1296 aes
1544 1264 1710 1302 alie11un13
1741 1263 1778 1295 in
1800 1263 1923 1306 gratiae
1946 1263 2043 1295 debi-

167 1319 258 1350 tioue
281 1317 376 1349 aliter
398 1323 456 1348 est.
500 1318 591 1349 Nam
613 1323 645 1348 et
666 1317 724 1359 qui
743 1318 881 1359 gratiam
899 1317 1044 1349 debitam
1065 1317 1186 1357 refert,
1224 1317 1340 1356 habet,
1382 1323 1413 1348 et
1443 1318 1502 1360 qui
1523 1317 1637 1356 habet,
1676 1316 1790 1348 refert.
1835 1317 1922 1348 Tota
1941 1315 2042 1347 huius

169 1377 263 1402 acute
291 1370 368 1401 dicti
394 1370 446 1401 uis
468 1376 515 1401 est
546 1369 583 1401 111
603 1370 707 1402 uerbo
731 1370 872 1410 habere,
902 1370 959 1401 uel
980 1369 1091 1413 potius
1113 1369 1149 1401 in
1171 1369 1223 1401 his
1247 1369 1390 1409 duobus,
1423 1371 1545 1404 babere
1567 1371 1726 1415 gratiam
1748 1375 1782 1401 et
1802 1368 1933 1412 referre
1952 1379 2043 1411 gra-

169 1424 266 1455 tiam.
311 1423 407 1464 Quae
430 1423 492 1454 hac
512 1434 548 1454 re
570 1423 656 1454 inter
677 1434 712 1454 se
730 1422 897 1462 differunt,
922 1422 1008 1465 quod
1028 1422 1190 1454 habemus
1211 1423 1350 1466 gratiam
1371 1423 1501 1463 animo,
1524 1424 1701 1456 referimus
1723 1429 1835 1454 autem
1856 1421 1954 1452 facto.
1998 1420 2043 1452 Et

170 1482 281 1507 tamen
305 1475 363 1517 qui
385 1476 483 1507 habet
505 1475 660 1518 gratiam,
695 1487 799 1518 quom
820 1475 966 1518 amplius
987 1486 1057 1506 non
1079 1481 1203 1518 potest,
1239 1487 1344 1517 aeque
1365 1475 1546 1507 laudandus
1568 1483 1631 1516 est,
1668 1487 1706 1507 ac
1733 1475 1761 1507 si
1781 1473 1976 1507 rettulisset:
2011 1479 2043 1504 et

170 1528 265 1559 desiit
288 1527 355 1558 iam
378 1528 520 1560 haberet
560 1534 591 1559 et
617 1528 674 1570 qui
697 1528 839 1569 rettulit,
872 1529 983 1561 habet.
1028 1528 1129 1570 Quod
1157 1529 1193 1560 in
1214 1529 1358 1572 pecunia
1384 1540 1477 1560 secus
1503 1534 1560 1560 est.
1604 1530 1694 1562 Nam
1717 1528 1879 1572 pecuniae
1902 1526 2042 1566 debitor,

171 1581 230 1623 qui
252 1580 429 1623 pecuniam
451 1581 566 1619 habet,
589 1592 657 1611 non
679 1581 816 1612 reddidit
838 1587 869 1613 et
889 1581 1017 1613 debitor
1038 1588 1169 1621 manet3
1197 1582 1255 1624 qui
1276 1581 1429 1621 reddidit,
1454 1594 1523 1614 nou
1544 1583 1659 1622 habet3
1688 1582 1754 1614 hoc
1776 1587 1838 1620 est,
1864 1579 2043 1623 pecuniam

171 1634 293 1665 habere
316 1633 420 1663 desiit.
466 1634 558 1664 Haec
581 1639 627 1664 est
648 1633 748 1664 huius
769 1633 836 1664 loci
867 1633 1042 1673 sententia,
1080 1645 1180 1676 quam
1202 1645 1268 1665 non
1293 1633 1376 1666 uidit
1399 1634 1471 1665 siue
1493 1635 1679 1673 Antonius,
1713 1634 1785 1666 siue
1809 1632 1957 1672 Gellius,
1989 1633 2041 1664 usi

171 1686 281 1718 codice
303 1686 416 1728 aliquo
440 1685 574 1723 11111050,
598 1685 634 1716 111
657 1697 723 1728 qno
745 1686 907 1729 scriptum
927 1692 996 1718 erat
1017 1687 1113 1719 debet
1133 1698 1195 1730 pro
1217 1687 1327 1720 habet.
1369 1687 1610 1720 Admonendus
1632 1693 1742 1718 autem
1768 1691 1816 1716 est
1836 1685 1955 1723 lector,
1977 1685 2043 1716 hoc

170 1745 340 1781 praeterea
365 1737 530 1768 uarietatis
552 1738 653 1769 fuisse
675 1739 710 1770 in
733 1739 842 1771 codice
865 1738 974 1778 Gelli,
998 1739 1086 1781 quod
1109 1740 1143 1771 111
1167 1752 1206 1772 eo
1228 1739 1414 1782 legebatur,
1437 1751 1495 1771 aes
1517 1740 1641 1771 retinet
1665 1739 1829 1778 alienum,
1851 1748 1913 1780 Pro
1936 1738 1966 1769 is
1989 1749 2044 1770 re-

172 1793 259 1823 tinet
281 1792 433 1823 alienum
442 1804 454 1830 ,-
493 1802 635 1832 quarum
657 1792 839 1824 lectionum
861 1798 1001 1833 utraque
1028 1792 1210 1835 probabilis
1232 1799 1290 1824 est.
1326 1794 1532 1825 LAMBINUS.
1576 1791 1750 1823 Nimirum
1780 1790 2044 1822 emendationem

172 1855 241 1875 nou
266 1843 486 1874 neeessariam
509 1843 609 1875 nimis
633 1844 834 1877 confidenter
856 1856 893 1876 ac
916 1851 1042 1876 temere
1062 1845 1248 1878 Lambinus
1276 1845 1458 1889 proposuit.
1503 1844 1627 1876 Saltem
1648 1843 1801 1883 dixisset,
1840 1843 1950 1876 uideri
1980 1843 2044 1875 sibi

172 1897 237 1929 hoc
256 1897 330 1927 loco
354 1895 549 1937 legendum,
577 1897 637 1940 qui
657 1903 773 1929 autem
794 1898 913 1937 babet3
937 1897 972 1928 111
995 1897 1056 1928 hac
1076 1897 1149 1940 ipsa
1170 1899 1331 1931 sententia
1352 1897 1504 1930 similiter
1529 1897 1727 1929 Ciceronem
1751 1897 1795 1929 Π.
1818 1896 1858 1928 de
1881 1895 1958 1928 ΟΕ·
1974 1907 2043 1930 2o.:

167 1951 353 1995 pecuniam
376 1948 436 1993 qui
453 1948 594 1987 babeat,
617 1962 683 1981 non
705 1951 913 1990 reddidisse,
940 1951 1000 1994 qui
1021 1950 1224 1991 reddiderit,
1246 1964 1313 1984 non
1335 1951 1475 1990 Izabere3
1497 1956 1595 1992 atque
1615 1950 1715 1981 illum
1736 1950 1859 1989 locum,
1883 1949 1942 1991 qui
1964 1949 2045 1981 huic

174 2013 334 2034 maxume
358 2000 477 2032 similis
501 2006 562 2040 est,
594 2001 817 2034 coniecturam
840 2014 933 2034 suam
955 2014 1159 2046 magnopere
1181 2004 1386 2036 confirmare.
1430 2004 1571 2035 Fen-em
1594 2002 1641 2034 sic
1662 2002 1883 2045 disputantem
1902 2001 2045 2034 Lambi-

162 2060 273 2094 ‘num,
316 2053 469 2096 quamuis
492 2053 644 2095 iniquom
670 2055 729 2095 sit,
768 2054 925 2087 orationis
947 2055 1125 2086 uariandae
1145 2067 1183 2087 ac
1201 2056 1398 2099 synonymis
1420 2055 1536 2087 utendi
1561 2055 1752 2087 facultatem
1777 2054 1893 2086 Tullio
1915 2053 2045 2098 praeci-

175 2108 262 2139 dere.
309 2107 365 2139 Set
390 2106 464 2148 quis
487 2106 573 2137 serat
594 2118 789 2140 consensum
813 2108 965 2139 omnium
988 2108 1140 2140 Msorum
1161 2108 1196 2139 h.
1219 2109 1241 2139 1.
1265 2108 1361 2141 debet
1383 2108 1616 2140 exhibentium
1637 2108 1682 2140 ita
1703 2113 1985 2146 contemnentem,
2007 2111 2044 2137 ut

177 2160 267 2203 quod
294 2171 348 2192 eos
369 2159 510 2191 mirifice
534 2165 665 2199 tuetur,
707 2167 806 2204 atque
831 2161 1021 2200 conmunst,
1058 2161 1141 2192 haut
1172 2160 1268 2192 aliter
1291 2160 1384 2192 Gelli
1410 2167 1561 2204 tempore
1580 2161 1704 2192 lectum
1726 2160 1843 2200 fuisse,
1875 2159 1911 2192 id
1932 2160 2043 2202 ipsum

174 2212 317 2255 perinde
345 2212 483 2252 habeat,
518 2223 555 2243 ac
576 2212 604 2243 si
625 2213 782 2245 Gelliano
812 2219 940 2245 tantum
970 2214 1007 2244 111
1028 2212 1139 2245 codice
1168 2212 1308 2253 uitium,
1344 2219 1379 2244 ut
1400 2219 1514 2256 putat,
1547 2213 1623 2245 illut
1650 2213 1752 2244 fuerit
1777 2213 2042 2256 deprehensum?

178 2264 269 2306 Quid
300 2264 431 2296 tandem
462 2265 595 2296 absurdi
624 2272 671 2297 est
698 2266 734 2297 in
756 2267 860 2299 uerbo
890 2265 1014 2298 debet?
1057 2265 1156 2297 Nihil
1176 2265 1289 2296 hercle
1311 2266 1434 2308 magis,
1473 2276 1573 2307 quam
1594 2265 1630 2296 in
1651 2266 1754 2298 altero
1777 2266 1919 2304 retinet,
1953 2264 2043 2306 quod

176 2324 356 2358 usurpatur
384 2328 412 2349 c.
435 2328 465 2360 9.
495 2323 570 2361 post
598 2318 665 2350 red.
688 2319 727 2350 ad
751 2318 848 2361 Quir.
896 2318 1025 2362 [Atque
1051 2318 1089 2350 in
1113 2317 1223 2362 officio
1243 2318 1468 2361 persoluenda
1491 2319 1670 2350 dissimilis
1692 2324 1743 2351 est
1765 2317 1854 2350 ratio
1873 2317 2045 2360 pecuniae

177 2368 311 2402 debitae
318 2382 329 2407 ,·
358 2377 544 2414 propterea
567 2372 659 2415 quod
673 2373 860 2416 pecuniam
884 2372 945 2416 qui
967 2372 1110 2410 retinet,
1138 2383 1206 2403 non
1228 2371 1410 2410 dissoluit,
1438 2372 1498 2415 qui
1519 2371 1690 2410 reddidit,
1717 2381 1784 2402 non
1805 2368 1925 2409 lzabet3
1955 2381 2043 2413 gra·

179 2422 265 2454 tiam
287 2427 321 2454 et
342 2424 402 2465 qui
423 2424 559 2456 rettulit
580 2424 697 2462 habet,
727 2430 760 2457 et
783 2425 844 2468 qui
864 2423 983 2463 babet,
1012 2423 1198 2466 dissoluit]
1222 2422 1293 2455 siue
1315 2434 1334 2454 a
1355 2423 1471 2456 Tullio
1493 2423 1582 2467 ipso,
1613 2422 1684 2455 siue
1704 2421 1745 2453 ab
1767 2421 1852 2461 alio,
1885 2421 1943 2464 qui
1964 2432 2043 2452 sen-
