2185 2720
842 133 946 162 CAP.
985 131 1130 160 xxvii.
1156 129 1184 170 ς.
1213 136 1256 163 66.
1278 136 1324 164 67.
1970 143 2022 169 175

228 209 436 253 ZVzcmquam
473 220 514 240 ex
550 206 634 240 urbe
671 207 702 239 is
736 206 846 251 afuit)
897 207 966 238 Cur
997 208 1028 238 is
1057 217 1245 249 pronomen
1277 205 1398 238 codicis
1426 206 1579 239 Bauarici
1609 209 1803 240 auctoritate
1834 212 2022 251 adiecerim,

142 262 273 304 Proleg.
299 263 342 293 L.
362 261 405 293 ΙΙ.
431 261 469 293 C.
490 261 517 292 I.
542 261 572 302 §.
595 261 626 292 5.
653 270 688 302 p.
711 259 882 291 XXXIII.
909 259 1062 302 exposui.

224 316 346 353 Sorte,
384 314 477 357 lege,
511 311 726 354 necessitate)
771 313 853 344 Sors
885 312 1040 344 Ciceroni
1071 318 1118 344 est
1149 311 1386 343 administratio
1414 312 1632 354 prouincialis
1662 315 1733 346 siue
1761 316 1923 358 praetoris
1952 318 2022 348 siue

142 366 343 411 quaestoris,
389 377 452 409 pro
473 365 565 398 Mur.
603 375 651 407 19.
682 366 718 397 in
741 365 819 408 ipsa
834 371 1007 409 praetura
1029 365 1160 397 nihilne
1182 365 1371 397 existumas
1397 365 1488 397 inter
1511 372 1607 399 tuam
1633 375 1665 400 et
1688 370 1790 401 istius
1817 376 1942 401 sortem
1969 371 2023 402 in-

140 420 329 465 terfuisse?
374 419 459 452 Uide
480 424 513 449 et
534 417 707 459 sequentia
731 423 763 448 et
785 429 869 459 quae
892 417 939 449 ibi
960 424 1124 449 notamus.
1171 418 1270 449 Sorte
1293 417 1393 459 igitur
1418 418 1512 457 afuit,
1535 431 1611 451 cum
1630 420 1692 452 suit
1716 429 1869 463 quaestor
1892 422 1926 453 in
1941 434 2024 465 pro-

140 474 268 514 uincia,
302 474 379 516 lege
405 482 482 502 cum
502 470 600 502 miles
626 469 691 502 suit
717 470 877 513 scriptus,
914 471 1115 502 necessitate
1137 481 1214 501 cum
1237 470 1306 501 eius
1331 482 1384 502 res
1413 471 1588 503 familiaris
1612 473 1647 504 in
1670 475 1903 516 uectigalibus,
1939 488 2024 518 quae

139 533 233 570 pater
255 525 459 557 conduxerat
484 523 520 554 111
541 523 746 567 prouinciis,
781 534 858 553 eum
883 523 1018 565 cogebat
1043 523 1220 565 aliquando
1247 523 1346 555 domo
1371 524 1548 567 proficisci.
1584 526 1790 558 GRAEt‘ICS.
1836 529 1889 559 Ex
1918 529 2024 560 tribus

141 581 231 612 hisce
253 578 366 610 adlatis
389 576 555 608 absentiae
578 576 709 615 caussis,
734 586 800 618 qua
822 575 950 607 ratione
973 576 1107 614 accidit,
1131 582 1168 607 ut
1189 577 1390 608 necessitate
1410 577 1588 619 aliquando
1611 579 1651 610 ab
1679 580 1761 610 urbe
1788 581 1940 612 Plancius
1963 582 2024 612 ab·

141 633 247 664 esset?
293 631 402 672 Supra
430 630 467 660 C.
496 629 559 661 XI.
584 635 615 660 et
639 629 678 660 C.
700 630 821 662 XXV.
856 629 1008 660 Plancius
1033 629 1152 661 dicitur
1180 630 1216 659 in
1238 629 1391 660 Africam
1421 631 1590 673 profectus
1620 643 1696 663 cum
1719 633 1763 664 A.
1788 633 1961 674 Torquato
1992 640 2023 664 et

141 690 258 728 postea
278 683 377 715 miles
398 682 435 713 in
458 682 573 720 Creta,
608 681 762 713 tribunus
787 688 899 714 autem
926 682 1073 713 militmn
1100 681 1136 712 iu
1158 682 1354 713 Macedonia
1384 689 1413 714 et
1439 690 1592 725 quaestor
1613 684 1727 716 fuisse.
1770 685 1898 717 Habuit
1922 687 2023 729 igitur

140 737 199 768 tris
222 736 389 768 absentiae
411 746 556 766 caussas:
590 739 732 774 sortem,
765 746 868 778 quom
890 734 1122 767 Macedoniam
1143 735 1275 766 sortitus
1299 736 1517 777 quaestoriam
1539 737 1751 779 prouinciam
1774 739 1813 769 ab
1838 739 1920 770 urbe
1941 751 2024 782 pro-

141 788 245 820 fectus
268 795 333 827 est3
362 790 486 832 legem,
513 798 616 829 quom
638 786 792 819 tribunus
813 788 962 819 militum
986 793 1112 818 creatus
1135 798 1153 817 a
1175 789 1303 831 populo
1328 789 1363 819 in
1380 789 1492 820 eadem
1510 790 1686 832 prouincia
1707 792 1756 822 rei
1780 791 1917 823 militari
1941 803 2024 834 ope-

142 853 215 874 ram
237 842 343 881 dedit;
366 842 613 879 necessitatem,
636 851 740 882 quom
763 840 826 872 fuit
846 840 883 872 in
902 840 1021 873 Africa
1042 840 1139 871 miles
1162 840 1207 872 A.
1231 842 1404 883 Torquati,
1435 842 1471 873 in
1491 843 1589 874 Creta
1613 843 1655 884 Q.
1679 844 1828 880 Metelli,
1850 855 1888 874 ea
1909 855 2024 875 neces-

141 895 235 927 sitate
268 894 423 926 adductus
439 917 448 932 ,
494 903 560 935 qua
601 904 716 924 omnes
756 893 958 935 cogebantur
994 899 1069 935 post
1106 900 1273 936 sumptam
1306 894 1443 926 uirilem
1475 901 1586 939 togam
1621 896 1734 928 decem
1772 897 1934 940 stipendia
1972 897 2024 928 fa—

142 959 227 980 cere.
272 949 501 980 FERRATms.
1216 974 1219 975 γ

225 1000 310 1033 Non
332 999 448 1032 ualuit
470 997 571 1030 rebus
593 998 718 1039 isdem,
755 997 878 1042 quibus
892 996 1051 1041 fortasse
1072 1000 1245 1038 nonnulli)
1290 999 1528 1042 Eloquentiam
1557 999 1736 1042 significari
1767 1010 1796 1034 et
1825 1004 1908 1035 iuris
1938 1015 2023 1046 pru-

142 1052 303 1092 dentiam,
342 1062 360 1082 e
383 1051 413 1092 §.
438 1051 489 1083 62.
520 1050 645 1093 conligi
672 1056 791 1093 potest.
833 1050 949 1083 Uerbo
972 1058 1084 1083 autem
1106 1054 1266 1085 nonnulli
1288 1065 1363 1084 cum
1387 1051 1548 1095 significet
1570 1058 1655 1084 tecte
1676 1056 1910 1097 Laterensem,
1946 1069 2022 1088 cum

142 1105 317 1137 acerbitate
338 1110 429 1147 patet
450 1103 648 1136 aduerbium
660 1102 819 1147 fortasse
839 1103 986 1135 additum
1009 1115 1088 1135 esse.

229 1158 465 1190 Obseruandis
487 1155 622 1199 amicis)
666 1156 847 1188 Recentius
872 1156 986 1188 excusi
1009 1156 1243 1199 obsernamlis,
1265 1166 1312 1190 set
1337 1166 1451 1191 contra
1473 1158 1653 1200 antiquitus
1676 1161 1779 1193 editos
1801 1169 1831 1193 et
1854 1163 1934 1194 BIss.
1959 1175 2024 1194 110-

141 1217 235 1242 stros.
271 1211 489 1243 GRUTERUS.
534 1209 651 1243 Nostri
680 1220 815 1251 quoque
844 1209 925 1242 libri
951 1215 982 1240 et
1005 1209 1103 1241 editio
1136 1212 1263 1253 prima,
1299 1224 1361 1244 nec
1383 1224 1453 1250 non
1475 1212 1673 1244 uetustiores
1695 1221 1770 1245 ante
1793 1216 2022 1248 Uictor-ianam

141 1264 324 1296 seruandis
347 1269 494 1295 tuentur.
539 1262 710 1295 Sententia
730 1268 843 1294 tamen
865 1261 998 1294 uidetur
1023 1263 1190 1305 postulare
1213 1265 1452 1305 obserzcanclis,
1485 1265 1573 1307 quod
1595 1272 1670 1308 post,
1693 1267 1885 1300 Uictorium
1908 1281 2023 1300 omnes

141 1321 342 1358 receperunt
364 1316 535 1347 editiones.
579 1317 670 1348 Nam
693 1315 847 1357 quamuis
876 1315 913 1346 in
937 1315 1100 1347 Cicerone
1129 1324 1159 1348 et
1181 1318 1318 1350 fortasse
1341 1318 1414 1349 aliis
1436 1318 1551 1349 amicis
1574 1319 1746 1351 seruandis
1770 1322 1916 1353 multum
1938 1322 2023 1353 studi

143 1369 325 1400 conlocarit
351 1369 524 1409 Plancius,
564 1375 677 1401 tamen
700 1369 762 1400 ista
786 1381 839 1401 res
859 1380 930 1400 non
951 1369 1098 1401 multum
1126 1370 1265 1403 faciebat
1289 1371 1328 1402 ad
1351 1371 1383 1402 id
1406 1371 1659 1409 ostendendum,
1701 1372 1789 1412 quod
1812 1374 1867 1405 hic
1890 1375 2023 1406 uolebat

140 1420 306 1453 iudicibus
328 1433 398 1453 esse
418 1429 590 1462 testatum,
612 1422 778 1454 nimirum
798 1422 974 1454 Plancium
994 1429 1155 1465 perpetua
1177 1424 1362 1466 praesentia
1388 1431 1419 1456 et
1441 1425 1626 1456 amicorum
1645 1423 1855 1457 obseruantia
1877 1438 1914 1458 ac
1936 1427 2024 1458 libe-

141 1474 270 1506 ralitate
297 1475 525 1518 praeualuisse
552 1475 589 1507 111
619 1475 773 1507 comitiis.
818 1475 967 1507 Seruare
989 1481 1099 1506 autem
1122 1487 1183 1518 pro
1208 1477 1388 1509 obseruare
1410 1484 1613 1520 usurparunt
1635 1478 1767 1520 quidem
1793 1478 1828 1509 in
1852 1479 1946 1511 certis
1969 1480 2024 1511 lo-

143 1526 268 1568 quendi
289 1527 485 1569 generibus,
511 1534 551 1559 ut
572 1541 713 1562 seruare
735 1528 776 1560 de
799 1529 911 1567 caelo,
933 1539 1074 1560 seruare
1095 1529 1187 1560 domi
1194 1553 1202 1569 ,
1227 1542 1367 1562 seruare
1390 1532 1554 1574 uigilias,
1577 1537 1625 1562 set
1647 1543 1788 1564 seruare
1810 1533 1937 1565 cmzicos
1959 1544 2022 1575 pro

143 1579 322 1612 obseruare
343 1592 444 1612 nemo
466 1588 619 1614 ueterum
641 1581 738 1613 dixit.
778 1581 984 1613 GRAEUIL‘S.
1031 1580 1264 1615 Obserzcanclis
1293 1583 1409 1624 scripsi
1437 1595 1499 1626 pro
1530 1586 1725 1618 semendis.
1769 1586 1859 1617 Nam
1882 1598 2023 1618 seruare

142 1633 271 1665 amicos
292 1633 327 1665 h.
353 1634 376 1665 1.
399 1634 550 1667 alienum
570 1640 627 1666 est.
673 1634 709 1666 Si
730 1633 886 1665 Plancius
908 1645 1035 1665 caussas
1058 1635 1174 1677 egisset
1198 1635 1233 1666 111
1256 1636 1348 1675 foro,
1381 1643 1491 1678 posset
1514 1648 1552 1668 eo
1575 1637 1715 1677 referri3
1754 1645 1803 1670 set
1824 1639 1857 1669 id
1880 1650 1949 1669 11011
1970 1638 2023 1669 fe-

143 1686 234 1726 cisse,
258 1698 276 1717 e
298 1687 528 1729 superioribus
552 1688 597 1730 [§.
612 1688 678 1729 62.]
701 1692 803 1730 patet.
827 1686 1051 1718 ERNESTIUS.
1096 1689 1206 1720 Etiam
1228 1689 1318 1720 codd.
1342 1689 1409 1720 mei
1432 1700 1508 1720 cum
1530 1696 1609 1722 uett.
1633 1691 1706 1722 edd.
1729 1691 1852 1722 habent
1876 1703 2022 1723 seruan-

142 1739 209 1771 dis.
252 1739 384 1770 Tamen
407 1739 519 1780 Oliu.,
542 1741 705 1779 Lallem.,
730 1746 760 1771 et
782 1739 864 1771 Ern.
889 1745 1026 1781 optume
1049 1741 1191 1772 retinent
1213 1742 1465 1784 Naugerianum
1486 1743 1563 1775 illut
1585 1744 1819 1777 obseruandi&
1863 1745 1918 1775 Sic
1943 1751 2022 1787 aput

142 1791 283 1823 Liuiom
306 1798 441 1834 quoque
462 1793 506 1832 ΙΙ,
530 1795 560 1825 5.
584 1805 628 1825 ex
650 1793 788 1836 antiqua
809 1791 952 1823 lectione
974 1804 1119 1835 ueraque
1143 1794 1361 1827 obseruatum
1393 1788 1627 1828 sactum'olim
1650 1802 1696 1828 est
1718 1802 1907 1829 seruatum.
1950 1797 2023 1828 De-

144 1843 248 1885 nique
272 1843 364 1876 illius
389 1845 527 1886 codicis,
562 1847 620 1889 qui
642 1857 740 1889 saepe
763 1857 850 1877 unus
875 1850 922 1876 est
946 1845 1177 1890 incorruptus,
1216 1848 1313 1879 lectio
1342 1849 1571 1881 adseruandis
1597 1856 1758 1891 quantum
1783 1861 1903 1891 quaeso
1927 1849 2023 1880 distat

144 1907 164 1927 a
180 1897 417 1939 Naugeriana?
438 1898 603 1941 siquidem
624 1900 813 1932 adseruare
834 1898 1049 1932 confunditur
1071 1912 1147 1932 cum
1169 1900 1361 1941 obseruare,
1383 1908 1421 1933 ut
1442 1901 1586 1934 ostendit
1598 1903 1703 1935 Drak.
1718 1902 1757 1934 ad
1771 1902 1850 1934 Liu.
1866 1902 2020 1937 XXVII,

149 1960 209 1992 19.,
234 1950 322 1992 quod
344 1951 442 1983 etiam
466 1953 650 1995 generatim
673 1957 799 1984 constat
819 1951 858 1982 de
881 1953 1182 1994 praepositionibus
1204 1954 1298 1986 adet
1315 1954 1363 1995 oh,
1386 1955 1566 1998 uerbisque
1587 1955 1664 1987 inde
1687 1955 1877 1998 conpositis.
1922 1955 2021 1986 Eun-

145 2003 221 2034 dem
252 2003 345 2043 uide,
380 2011 415 2036 et
443 2017 526 2048 quos
555 2006 614 2038 ille
636 2006 712 2038 citat
741 2004 784 2036 ad
805 2004 884 2036 Liu.
906 2005 1103 2045 XXXVII,
1133 2018 1202 2048 27..
1247 2008 1296 2039 Ita
1318 2009 1355 2040 C.
1379 2008 1479 2040 XVL
1504 2007 1604 2039 huius
1628 2020 1676 2040 or.
1701 2008 1812 2040 tribus
1833 2027 1875 2033 —
1899 2020 1916 2039 ο
1944 2009 2021 2040 reiis

145 2056 187 2089 ab
210 2058 271 2090 lzoc
294 2056 492 2091 obseruatas
515 2059 602 2100 [uide
624 2059 672 2091 ibi
696 2071 785 2091 uarr.
810 2058 914 2099 lectt]
938 2064 972 2090 et
991 2059 1125 2102 passim.
1151 2059 1410 2093 GARATONJUS.
1454 2061 1508 2093 De
1530 2060 1658 2105 duplici
1680 2060 1835 2092 codicum
1857 2061 2020 2104 scriptura

142 2109 220 2142 uide
243 2120 328 2151 quae
350 2110 481 2153 Proleg.
504 2113 545 2144 L.
569 2113 613 2145 ΙΙ.
637 2113 676 2144 C.
698 2112 725 2144 I.
749 2113 779 2154 §.
800 2112 830 2144 6.
855 2123 890 2154 p.
912 2112 1084 2144 XJLKHI.
1108 2112 1287 2155 disputaui.

230 2163 317 2195 Fuit
338 2162 375 2195 in
397 2164 529 2204 oculis-3
546 2166 678 2209 petiuit
700 2178 740 2198 ea
759 2177 844 2197 usus
867 2166 1001 2197 ratione
1023 2166 1136 2204 uitae,
1159 2177 1226 2208 qua
1249 2167 1403 2199 minuma
1426 2167 1564 2200 inuidia
1585 2166 1669 2200 noui
1691 2166 1843 2199 homines
1857 2166 2020 2209 plurumi

145 2217 278 2250 eosdem
299 2217 442 2249 honores
463 2218 647 2260 consecuti)
692 2218 857 2250 Garatoni
886 2218 926 2249 ad
953 2219 1044 2250 huuc
1070 2219 1183 2249 locum
1211 2219 1415 2250 adnotationi
1446 2220 1559 2251 locum
1588 2219 1662 2251 dedi
1689 2220 1726 2251 in
1748 2218 1879 2260 Proleg.
1908 2219 1950 2249 L.
1974 2217 2019 2248 Π.

147 2269 186 2300 C.
207 2269 235 2301 I.
259 2269 290 2311 §.
313 2268 344 2301 8.
368 2281 404 2313 p.
426 2270 590 2303 XXXIV
617 2282 683 2313 sq.,
719 2271 778 2303 ubi
807 2271 872 2302 hoc
903 2271 1036 2313 quidem
1065 2283 1144 2303 uere
1166 2283 1185 2302 a
1207 2283 1262 2303 me
1283 2272 1452 2304 monitum
1473 2284 1510 2303 ac
1533 2272 1796 2305 demonstratum
1818 2277 1917 2314 puto,
1951 2270 2019 2302 fat-

146 2321 320 2354 sissumam
342 2333 412 2354 esse
433 2322 520 2354 hanc
540 2323 708 2355 librorum
729 2323 943 2366 scriptmam,
959 2326 1113 2368 petiuit3
1142 2338 1182 2358 ea
1203 2330 1253 2358 est
1275 2337 1358 2357 usus
1381 2326 1515 2358 ratione
1537 2331 1613 2366 etc.,
1639 2332 1834 2369 propterea,
1859 2323 1948 2366 quod
1975 2323 2016 2354 ad

147 2385 204 2414 ea,
240 2376 359 2417 quibus
380 2375 556 2407 Plancium
577 2376 694 2408 Cicero
716 2376 834 2408 secisse
861 2377 974 2416 docet,
1010 2385 1046 2410 ut
1067 2379 1207 2421 gratiam
1229 2378 1349 2421 populi
1371 2378 1433 2409 sibi
1456 2378 1648 2410 conciliaret
1670 2384 1701 2409 et
1724 2378 1896 2410 Laterensi
1918 2388 2016 2420 prae-

146 2433 344 2471 poneretur,
377 2428 474 2461 nullo
496 2434 591 2472 pacto
615 2428 680 2460 hoc
701 2429 822 2462 referri
844 2430 969 2473 potuit,
1001 2431 1089 2472 quod
1113 2432 1296 2475 petiuerit,
1335 2443 1411 2462 cum
1430 2431 1632 2475 petitionem
1653 2431 1788 2474 quidem
1813 2440 2015 2461 communem
