2185 2720
844 131 868 160 c
888 129 917 158 A
937 131 977 159 P.
1016 129 1142 157 XXVI.
1170 127 1197 167 §.
1222 134 1267 160 63.
1288 133 1333 160 61.
1983 132 2033 159 171

234 210 265 251 §.
292 209 343 242 64.
390 210 474 243 Non
505 221 645 247 uereor,
683 220 724 240 ne
755 206 842 239 milti
873 204 1028 249 aliquid,
1065 204 1216 243 iudices,
1257 204 1382 236 uidear
1403 204 1596 247 adrogare,
1629 204 1660 236 si
1683 204 1724 236 cle
1747 209 1933 247 quaestura
1956 215 2032 235 mea

149 263 287 304 dixero)
337 263 389 295 Ut
426 273 468 293 se
503 259 757 293 Laterensis
797 258 1053 291 ostenderet
1091 257 1329 288 aedilitate
1369 255 1509 288 fuisse
1546 256 1724 288 Plancio
1761 255 1938 298 dignior
1951 267 2030 295 em,

147 319 562 349 commemorauerat
583 324 626 345 se
647 312 758 356 apud
781 313 1016 344 Praeneste
1038 309 1164 342 ludos
1189 309 1403 348 edidisse3
1441 310 1622 352 Cyrenis
1646 309 1773 341 etiam
1795 320 1953 340 summa
1974 308 2031 339 li-

146 369 390 401 beralitate
418 367 461 398 in
483 365 741 409 publicanos
774 366 934 408 egisseg
958 364 1001 395 in
1023 362 1164 395 socios
1188 361 1333 394 fuisse
1363 361 1546 404 denique
1569 361 1870 394 iustissimum.
1918 361 2030 402 Quae

145 421 288 454 omnia
316 419 554 452 iactantius
587 419 634 449 ab
659 419 744 450 illo
776 418 892 450 dicta
921 428 1041 460 quam
1072 415 1296 458 eleganter
1324 415 1474 446 eleuet
1502 421 1540 446 et
1568 415 1733 446 abiciat
1762 415 1811 447 M.
1834 414 2030 453 Tullius,

145 473 486 506 consideremus.
528 471 800 503 Persuadere
837 470 936 502 uult
972 480 1168 511 namque,
1212 468 1356 499 omnia
1384 468 1482 507 illa,
1531 480 1583 510 qu
1596 479 1641 498 ae
1676 467 1788 499 foris
1827 468 2029 510 gesserit,

144 533 251 571 aput
273 524 590 558 conscientiam
622 525 781 568 populi
802 524 846 556 R.
873 524 1014 555 latere
1036 534 1058 566 p
1072 522 1246 554 otuisse.
1290 522 1351 553 Ac
1373 532 1422 552 ne
1445 520 1650 552 acerbius
1673 519 1853 552 animum
1876 520 2030 552 laede-

145 586 213 612 ret
232 577 467 616 audientis,
500 576 522 607 d
535 588 552 607 e
576 584 814 620 quaestura
836 587 912 608 sua
934 576 1022 618 egit
1043 588 1127 608 non
1150 575 1241 608 sine
1264 573 1411 616 figura
1437 596 1445 605 .
1470 596 1478 604 .
1503 596 1512 605 .
1537 596 1545 605 .
1563 575 1609 614 ¹);
1643 573 1772 615 quod,
1796 584 1884 605 cum
1903 574 2031 616 Lily-

143 635 247 665 baeo
275 629 485 663 decedens
509 630 717 663 Puteolos
743 630 1038 669 aduentasset,
1073 640 1218 660 omnes
1242 638 1335 658 eum
1361 627 1667 669 ignorauerint
1689 627 1831 669 primo
1856 639 1906 658 ex
1927 639 2030 670 pro-

144 685 308 723 uincia,
344 690 447 716 tunc
471 682 628 715 deinde
651 695 701 715 ex
724 683 895 722 Sicilia,
927 681 974 713 ad
997 688 1240 713 extremum
1264 692 1313 711 ex
1336 680 1632 723 Lilybaetana
1654 680 1817 711 uenire.
1864 680 2031 721 Quibus

142 739 236 781 ipse
266 737 390 768 uaria
417 736 746 768 sciscitantibus
782 735 1020 768 nouissime
1050 746 1140 765 cum
1168 733 1470 777 permistione
1503 732 1681 775 quadam
1718 733 1928 764 stomachi
1958 744 2031 764 re-

143 790 395 834 sponderit,
433 801 474 821 se
505 801 523 820 a
536 789 556 820 d
593 801 723 832 aquas
756 789 908 832 potius
938 788 982 819 in
1020 788 1148 830 Camp
1163 787 1303 818 aniam
1338 787 1530 825 uenisse,
1567 791 1612 817 ut
1651 785 1943 829 interrogatio
1956 797 2030 817 nes

144 845 343 888 ipsorum
382 843 427 874 ab
465 854 508 874 se
548 848 789 886 respueret,
836 853 938 884 quos
976 841 1161 872 moleste
1196 839 1370 871 ferebat
1409 841 1586 883 ignaros
1623 851 1714 871 esse
1750 846 2029 882 quaesturae,

145 908 266 940 quam
293 908 336 928 se
365 895 624 928 meminerat
652 906 803 937 magna
833 905 924 926 cum
953 894 1053 926 laud
1067 906 1084 925 e
1107 894 1301 937 gessisse.
1346 893 1533 925 Proficit
1554 892 1604 923 ad
1632 892 1752 923 illam
1774 892 2031 935 responsio-

144 962 238 982 nem
260 950 398 981 multa
424 950 584 981 Romae
606 947 824 990 ignorari,
856 959 962 990 quae
984 946 1096 980 foris
1123 954 1241 990 gesta
1263 953 1364 978 sunt
1386 959 1405 978 a
1427 945 1725 984 senatoribus3
1757 957 1802 977 ac
1823 951 2031 988 propter-

147 1015 193 1035 ea
211 1004 423 1035 Laterens
437 1013 496 1033 em
517 1000 684 1032 frustra
706 1000 749 1032 in
771 1001 885 1040 illis,
909 1012 1014 1043 quae
1036 1006 1158 1032 extra
1179 1000 1327 1032 urbem
1352 1005 1561 1041 gesserat,
1591 999 1795 1031 habuisse
1817 998 2030 1030 fiduciam.

148 1057 310 1088 ScnoLIA
333 1055 592 1087 AMBROSIANA.
637 1054 729 1086 Male
750 1054 919 1096 interpres
941 1053 1039 1085 initio
1063 1054 1163 1086 huius
1186 1060 1286 1084 notae
1308 1052 1484 1085 Laterensi
1508 1052 1644 1091 tribuit,
1669 1064 1754 1095 quae
1777 1051 1910 1084 Cassius
1932 1050 2032 1082 dixe-

143 1114 207 1140 rat.
252 1108 323 1139 Cur
345 1107 520 1149 uolgatum
541 1107 729 1150 adrogasse
753 1107 789 1138 in
812 1109 986 1151 adrogare
1008 1107 1169 1138 mutarim
1179 1132 1187 1146 ,
1213 1107 1346 1149 Proleg.
1370 1107 1412 1138 L.
1436 1106 1462 1137 Ι.
1488 1106 1525 1137 C.
1549 1105 1611 1137 Ill.
1636 1107 1666 1148 ἓ.
1691 1117 1720 1138 2.
1749 1104 1904 1149 exposui.

230 1161 402 1201 Quamuis
417 1160 508 1192 enim
523 1159 588 1191 illa
602 1158 783 1203 floruerit)
806 1160 859 1191 De
874 1166 1052 1202 quaestura
1068 1172 1126 1192 sua
1139 1160 1305 1203 gloriatur
1324 1159 1424 1190 etiam
1442 1158 1561 1190 Cicero
1580 1159 1623 1189 II.
1644 1158 1680 1189 iu
1697 1160 1798 1192 Uerr.
1813 1158 1858 1196 V,
1886 1157 1934 1196 14,
1960 1157 2010 1188 55.
2023 1179 2031 1186 .

226 1215 271 1247 In
293 1213 465 1246 maxumis
488 1211 646 1256 inperiis)
688 1211 887 1244 Praeturam
918 1212 1084 1254 siguificat
1113 1219 1147 1245 et
1175 1213 1398 1245 consulatum.
1445 1210 1517 1243 Cfr.
1550 1211 1728 1243 Ernestius
1760 1211 1797 1242 in
1829 1211 1924 1243 Clau.
1960 1211 2031 1242 Cic.

142 1268 204 1301 sub
227 1267 289 1299 hac
314 1278 408 1298 uoce.

235 1320 283 1352 Ut
306 1332 373 1352 non
396 1320 448 1351 ita
469 1319 557 1351 mihi
578 1318 728 1350 maltum
747 1319 885 1361 gloriae
910 1319 957 1351 sit
979 1332 1020 1352 ex
1042 1325 1249 1364 quaesturae
1271 1320 1375 1352 laude
1398 1317 1634 1362 repetendum)
1666 1317 1721 1349 Sic
1743 1316 1780 1348 in
1794 1317 1877 1349 Bau.
1901 1324 1935 1349 et
1957 1316 2031 1349 Erf.

142 1374 199 1406 hic
220 1374 314 1405 locus
336 1371 481 1414 scriptus
503 1377 615 1411 extat,
649 1371 790 1413 reliquis
821 1371 976 1404 omnibus
1005 1374 1142 1417 gloriae
1168 1373 1412 1404 omittentibus.
1457 1396 1476 1410 ‚,
1487 1373 1568 1403 Bau.
1597 1371 1762 1403 uocabulo
1787 1371 1920 1413 egregie
1942 1371 2034 1402 hunc

143 1428 258 1460 locum
287 1431 397 1467 auget.
443 1424 557 1456 Habet
587 1425 697 1456 enim:
737 1430 777 1456 ut
798 1436 866 1456 non
889 1425 940 1456 ita
962 1427 1049 1458 mihi
1072 1427 1221 1458 multum
1240 1426 1378 1469 gloriae
1404 1425 1451 1456 sit
1481 1431 1542 1456 etc.
1552 1447 1560 1456 .
1606 1426 1696 1457 Nam
1725 1436 1769 1456 ex
1793 1424 1897 1456 laude
1929 1434 2034 1466 quae-

145 1487 259 1514 sturae
279 1479 399 1523 gloria
423 1477 580 1510 Ciceroni
601 1483 700 1520 parta
725 1483 864 1520 optume
896 1477 1036 1519 dicitur,
1073 1486 1174 1522 atque
1196 1478 1280 1509 adeo
1303 1477 1424 1510 melius
1435 1503 1444 1517 ,
1483 1490 1552 1509 non
1575 1478 1723 1509 multum
1745 1477 1809 1509 sibi
1829 1477 1967 1521 gloriae
1990 1488 2033 1508 ex

144 1546 184 1566 ea
205 1533 309 1566 laude
332 1530 557 1574 repetendum
578 1530 701 1562 uideri.
746 1531 807 1562 III.
831 1531 932 1563 Tusc.
949 1543 978 1563 2.
999 1533 1119 1576 gloria
1140 1537 1190 1565 est
1216 1531 1427 1564 consentiens
1451 1532 1529 1564 laus
1552 1531 1728 1564 bonorum.
1769 1531 1812 1562 Π.
1830 1531 1871 1561 de
1886 1530 1962 1561 Inu.
1979 1530 2032 1562 55.

142 1586 263 1631 gloria
285 1590 335 1617 est
348 1583 519 1628 frequens
542 1584 583 1616 cle
606 1585 725 1628 aliquo
738 1583 845 1626 fama
867 1597 944 1617 cum
967 1586 1081 1618 Zancle.
1126 1585 1215 1618 Uide
1234 1584 1323 1616 iufra
1343 1585 1384 1615 ad
1406 1585 1444 1616 C.
1460 1584 1634 1615 XXXVI.
1646 1607 1654 1614 .
1699 1584 1898 1616 Delectatur
1919 1589 2033 1614 autem

143 1639 264 1672 Cicero
286 1637 478 1669 istiusmodi
500 1638 737 1669 coniunctione
759 1637 868 1669 laudis
898 1644 930 1669 et
958 1639 1096 1680 gloriae.
1141 1639 1168 1670 I.
1200 1638 1241 1670 de
1264 1638 1334 1671 Oss'.
1356 1638 1407 1670 52.
1442 1638 1600 1678 Quorum
1623 1649 1705 1669 uero
1723 1643 1845 1681 patres
1870 1642 1934 1669 aut
1956 1649 2032 1669 ma-

144 1692 234 1724 iores
255 1691 376 1734 aliqua
395 1690 515 1733 gloria
532 1691 804 1734 praestiterant,
832 1691 861 1722 ii
882 1692 1021 1724 student
1041 1693 1247 1736 plerumque
1272 1693 1388 1724 eodem
1410 1692 1447 1723 ia
1467 1702 1593 1734 genere
1616 1690 1734 1722 laudis
1757 1690 1931 1722 excellere.
1967 1689 2031 1721 IV.

143 1744 180 1776 in
201 1743 300 1775 Catil.
327 1754 376 1774 10.
408 1744 494 1775 Erit
510 1742 670 1787 profecto
694 1744 786 1775 inter
807 1745 930 1777 horum
952 1745 1073 1778 laudes
1095 1746 1234 1789 aliquid
1255 1746 1322 1778 loci
1343 1750 1481 1777 nostrae
1498 1742 1644 1786 gloriae.
1689 1753 1752 1784 pro
1776 1742 1894 1773 Flacco
1926 1752 1954 1772 c.
1981 1753 2030 1773 11.

146 1797 183 1829 in
205 1808 274 1840 qua
296 1808 456 1828 maxume
477 1796 609 1842 florere
628 1797 768 1840 generis
791 1797 848 1829 sai
866 1798 1020 1841 gloriam
1048 1799 1207 1837 uiderat,
1243 1799 1382 1830 laudem
1398 1797 1541 1841 patriae
1565 1797 1601 1827 ia
1624 1795 1820 1827 libertatem
1841 1795 2032 1827 nendican-

145 1850 210 1881 dae
228 1854 370 1892 praetor
398 1850 592 1882 adamauit.
634 1860 698 1892 pro
720 1849 796 1892 Lig.
819 1861 847 1881 e.
874 1861 922 1882 12.
946 1852 1054 1891 Noli,
1083 1852 1236 1891 obsecro,
1269 1851 1446 1889 dubitare,
1469 1849 1504 1882 C.
1528 1849 1674 1887 Caesar,
1703 1849 1851 1880 similem
1872 1848 1928 1879 illi
1951 1848 2032 1891 glo-

145 1902 221 1935 riae
241 1901 380 1934 laudem
402 1914 506 1946 qaam
528 1904 737 1947 saepissume
760 1906 965 1947 quaerere.“
1004 1905 1264 1936 GARAToxlrs.
1310 1903 1488 1936 Eiusmodi
1511 1903 1601 1933 locos
1629 1908 1795 1933 sescentos
1818 1901 1847 1933 si
1870 1901 1944 1943 quis
1970 1900 2032 1932 ad-

144 1955 257 1993 deret,
279 1954 366 1986 nihil
388 1955 468 1987 inde
493 1955 698 1987 firmamenti
716 1957 743 1987 B
768 1961 801 1987 et
822 1957 851 1988 E
873 1957 1041 2000 scriptura
1068 1958 1245 2000 acciperet.
1291 1957 1526 1990 Nihilominus
1555 1967 1574 1986 a
1597 1954 1761 1986 Cicerone
1784 1954 1937 1986 additum
1960 1965 2031 1986 esse

142 2007 286 2040 uerbum
307 2007 446 2050 gloriae
472 2008 807 2052 persuasissumumst
834 2010 937 2051 mihi,
973 2016 1006 2043 et
1037 2011 1173 2053 quidem
1202 2018 1383 2054 propterea
1394 2036 1402 2049 ,
1439 2009 1529 2052 quod
1562 2021 1601 2040 eo
1634 2008 1757 2039 omisso
1780 2007 1823 2038 ad
1846 2006 2032 2039 sententiae

143 2060 372 2103 integritatem
400 2061 527 2103 aliquid
557 2062 661 2094 deest.
706 2064 798 2095 Nam
828 2075 904 2095 cum
935 2071 1087 2108 repetere
1109 2065 1247 2108 aliquid
1268 2077 1309 2097 ex
1330 2065 1451 2108 aliqua
1474 2076 1510 2095 re
1540 2061 1628 2093 nihil
1657 2061 1742 2092 aliut
1764 2060 1928 2104 significet
1953 2060 2029 2099 nisi,

144 2126 217 2146 rem
238 2113 394 2156 aliquam
407 2112 548 2156 fontem
563 2121 712 2159 putare,
749 2128 790 2148 ex
812 2129 878 2161 quo
899 2118 1037 2162 aliquid
1059 2123 1172 2149 ortum
1199 2118 1257 2150 uel
1279 2117 1515 2150 deducendum
1539 2117 1605 2154 sit,
1638 2115 1736 2147 nobis
1760 2121 1866 2148 etwas
1888 2126 1954 2146 von
1980 2113 2030 2145 ei-

144 2178 206 2199 ner
227 2166 336 2198 Saclze
364 2167 550 2207 lzerleiten,
579 2180 732 2200 mancam
759 2169 913 2212 profecto
943 2171 1144 2202 sententiam
1168 2181 1239 2202 esse
1261 2170 1487 2212 intellegitur,
1520 2169 1549 2201 si
1576 2168 1618 2200 ad
1641 2180 1767 2200 nomen
1789 2168 1938 2201 multum
1959 2178 2029 2198 nou

142 2218 286 2251 addatur
308 2218 360 2259 id,
397 2220 491 2252 cuius
514 2221 609 2264 origo
634 2234 678 2254 ex
702 2228 900 2265 quaesturae
922 2223 1022 2256 laude
1045 2224 1240 2256 deducenda
1262 2223 1316 2256 sit.
1360 2224 1432 2254 Iam
1455 2233 1533 2253 cum
1554 2221 1772 2254 manifestum
1791 2222 1852 2261 sit,
1887 2221 1951 2252 hoc
1974 2219 2028 2251 di-

144 2282 219 2303 cere
245 2272 337 2303 uelle
359 2272 576 2316 Ciceronem,
610 2286 766 2318 magnam
792 2276 921 2319 glomae
947 2284 1100 2321 partem,
1136 2288 1238 2319 quam
1267 2281 1464 2308 consecutus
1493 2276 1553 2316 sit,
1587 2275 1652 2308 sibi
1682 2287 1752 2307 nou
1781 2286 1825 2307 ex
1848 2280 2026 2317 quaestura

214 2430 244 2474 1)
277 2434 460 2473 spatiolum,
489 2435 571 2475 quod
592 2435 624 2465 in
648 2435 752 2465 codice
774 2440 834 2474 est,
862 2436 899 2466 A.
920 2438 1021 2467 Maius
1044 2439 1181 2478 expleuit
1202 2438 1354 2467 uocabulo
1378 2437 1567 2476 oryuploswg.

1551 2491 1611 2519 34*
