2185 2720
913 130 1325 172 CAP.1.§.1—3.
2024 142 2059 168 61

258 214 286 255 §.
301 223 331 244 2.
348 212 556 255 Conspectus
570 216 602 243 et
616 207 806 253 consessus)
834 208 905 241 Cfr.
920 209 963 241 H.
980 208 1016 240 in
1033 210 1134 242 Uerr.
1147 209 1189 240 L.
1205 207 1232 239 Ι.
1260 208 1299 239 C.
1316 207 1397 239 VII.
1420 207 1450 249 §.
1471 219 1519 251 19.
1545 209 1622 253 quis
1646 215 1718 242 tam
1738 222 1910 243 nouarum
1933 224 2060 251 rerum,

171 266 395 304 iudiciorum,
420 265 643 308 iudicumque
667 263 827 306 cupidus,
852 263 912 306 qui
933 274 1000 294 non
1023 273 1208 304 001111Ρο(-
1219 267 1262 293 tu
1289 273 1576 304 consessuque
1599 269 1750 295 nostro
1774 267 2062 297 commoneretur?

254 319 436 350 Summum
457 316 635 360 meritum)
681 315 785 357 Quod
808 315 942 358 peiores
965 313 1096 345 codices
1120 308 1261 353 habent,
1294 325 1397 345 suzam
1418 315 1599 352 meritum,
1633 316 1815 347 alienumst
1836 318 1876 348 ab
1899 318 1963 349 1100
1985 319 2061 349 loco

164 377 365 415 propterea,
391 370 482 412 quod
506 369 547 400 de
567 381 637 400 uno
661 367 852 410 eodemque
876 367 1041 405 omnium⁷
1070 366 1128 408 qui
1152 366 1273 397 delecti
1297 372 1403 405 erant,
1430 365 1581 397 iudicum
1605 368 1728 399 merito
1754 369 1872 401 Cicero
1896 370 2060 412 loquitur.

166 424 249 455 Erat
271 429 386 454 autem
410 423 490 460 hoc,
522 420 613 463 quod
638 432 716 451 eum
740 421 776 452 in
797 421 942 452 comitiis
968 420 1009 450 de
1031 419 1143 450 reditu
1168 419 1238 450 eius
1262 418 1386 450 habitis
1411 418 1578 460 suffragiis
1604 421 1671 451 suis
1695 423 1926 454 reuocandum
1950 423 2064 454 decla-

166 481 294 507 rarant.
338 476 457 516 Itaque
482 473 519 504 111
542 474 760 515 sequentibus
790 473 892 504 etiam
915 485 985 504 11011
1008 470 1254 514 beneficiorum
1284 478 1335 503 set
1357 470 1502 514 benefici
1536 471 1705 504 dictumst.
1751 476 1861 507 Suum
1891 481 2004 507 autem
2034 475 2063 507 si

166 529 355 571 legeretur,
378 525 512 567 singula
534 525 749 568 singulorum
772 525 924 556 iudicum
949 525 986 556 in
1010 524 1209 556 Ciceronem
1232 525 1354 556 merita
1379 525 1532 556 extitisse
1554 526 1770 557 statuendum
1794 535 1888 567 esset,
1912 529 1946 559 id
1971 529 2061 571 quod

167 593 206 613 eo
232 581 346 612 minus
369 579 471 610 statui
494 585 624 622 potest,
663 591 730 621 quo
753 578 859 620 magis
884 578 1004 609 Cicero
1028 588 1100 620 cap.
1122 577 1196 609 XV
1218 596 1260 604 —
1283 578 1385 610 XIX.
1408 577 1542 620 ignotos
1565 579 1630 610 sibi
1653 579 1780 611 iudices
1804 586 1837 611 et
1859 580 2063 613 inhumanos

168 639 202 665 et
227 632 374 665 crudelis
399 643 469 663 esse
493 631 648 674 quamuis
673 637 760 662 tecte
783 630 941 662 ostendit.

250 686 353 730 Aput
375 684 442 726 eos)
488 684 587 726 Aput
609 683 749 714 iudices.

253 740 313 772 Me
337 739 419 782 ipsi)
465 737 520 768 Sic
544 736 646 767 etiam
672 736 744 768 sine
771 734 868 767 codd.
892 735 1093 767 auctoritate
1121 746 1185 779 pro
1208 737 1345 779 uolgato
1375 749 1427 769 me
1451 737 1566 780 ipsum
1586 736 1803 768 scribendum
1826 737 1930 770 fuisse
1954 740 2064 771 Gara-

168 790 282 823 tonius
305 789 452 822 monuit.
499 790 644 827 Caussa,
670 799 772 830 quam
793 800 863 819 non
885 788 963 819 satis
987 789 1164 831 perspexit
1187 789 1372 827 XVolffius,
1398 790 1456 831 qui
1476 789 1568 820 idem
1592 789 1772 828 iudicauit,
1797 790 1878 822 haec
1901 798 1960 823 est.
2006 795 2066 826 Ille

170 845 284 888 ipsum
307 843 335 874 si
362 842 504 873 dixisset
526 842 662 879 Cicero,
704 840 884 872 manifesto
907 852 942 872 se
966 841 1023 871 alii
1048 841 1281 883 opposuisset,
1327 841 1420 872 cuius
1444 842 1532 873 salus
1555 842 1669 873 minus
1693 854 1795 883 quam
1816 855 1875 875 sua
1897 845 2065 877 iudicibus

170 907 270 927 curae
292 894 424 927 fuisset.
467 894 578 936 Atqui
602 893 643 924 de
665 893 752 933 alio,
795 905 897 935 quem
919 893 1033 935 potius
1059 905 1159 935 quam
1183 893 1383 925 Ciceronem
1415 895 1546 925 saluom
1577 896 1667 926 nelle
1690 896 1882 937 potuerint,
1925 898 2066 940 cogitari

170 949 272 992 plane
293 959 363 979 non
386 953 509 990 potest.
554 947 673 988 Itaque
703 945 893 988 requiritur
916 958 969 977 nze
992 947 1080 989 ipsi,
1121 959 1187 989 quo
1218 946 1364 977 declarat
1388 953 1502 978 orator
1532 959 1567 979 se
1589 959 1659 978 non
1680 949 1810 987 uereri,
1849 961 1893 980 ne
1914 950 1965 981 illi
1989 951 2064 994 ipsi,

173 1002 294 1044 quibus
317 1001 406 1032 salus
429 1011 488 1031 sua
511 1010 588 1030 cara
614 999 697 1030 olim
716 998 838 1038 fuerit,
870 999 1007 1029 Plancio
1032 1010 1121 1029 nunc
1144 1006 1287 1041 propter
1310 1000 1497 1031 custodiam
1524 1000 1640 1031 salutis
1664 1013 1742 1032 suae
1764 1001 1878 1033 infesti
1901 1002 1979 1033 sint.

256 1055 400 1086 Saluom
422 1052 555 1094 uidere)
601 1051 804 1083 Guilielmio
828 1057 862 1082 et
887 1052 1046 1083 Ernestio
1071 1059 1264 1095 suspectum
1288 1051 1352 1082 suit
1376 1053 1506 1091 uidere,
1531 1053 1608 1094 quia
1633 1054 1752 1084 Cicero
1776 1066 1910 1096 semper
1933 1056 2066 1089 saluom

173 1107 264 1140 uelle
299 1107 452 1150 aliquem
481 1105 580 1136 dicat.
627 1104 815 1136 Garatonio
838 1116 906 1135 non
938 1104 1105 1151 ineptum
1122 1105 1279 1144 uidetur,
1302 1105 1474 1136 monenti:
1516 1106 1659 1145 „Habet
1682 1106 1772 1137 0111111
1796 1107 1881 1137 hanc
1903 1108 1993 1149 uim,
2029 1116 2068 1141 ut

173 1161 299 1192 horum
332 1159 485 1190 iudicum
509 1169 587 1200 erga
614 1168 649 1188 se
677 1156 829 1188 studium
853 1157 1203 1188 uehementissumum
1228 1158 1383 1189 ostendat
1405 1157 1528 1197 fuisse,
1575 1158 1632 1199 qui
1656 1171 1725 1189 11011
1749 1159 1962 1201 quieuerint,
2001 1161 2067 1193 nisi

174 1224 251 1243 cum
274 1212 406 1243 saluom
428 1210 633 1242 uiderunt.“
679 1210 768 1241 Cum
791 1221 810 1240 a
832 1210 980 1249 Plancio,
1005 1211 1063 1252 qui
1086 1211 1121 1241 id
1144 1217 1276 1242 tantum
1300 1210 1443 1250 fecerat,
1466 1217 1505 1241 ut
1528 1212 1609 1243 exul
1631 1211 1671 1241 ab
1695 1211 1826 1242 insidiis
1850 1212 2068 1246 inimicorum

175 1272 267 1298 tutus
290 1271 394 1305 esset,
427 1264 546 1296 Cicero
570 1263 715 1295 salutem
736 1273 833 1294 suam
856 1269 890 1294 et
914 1263 1021 1294 uitam
1044 1270 1213 1294 seruatam
1238 1263 1380 1302 diceret,
1411 1270 1551 1306 optumo
1575 1265 1649 1295 iure
1671 1264 1784 1306 potuit
1809 1275 1880 1303 eos,
1915 1266 1973 1307 qui
1996 1266 2070 1297 suf-

173 1318 290 1361 fragiis
313 1317 381 1350 suis
405 1317 637 1349 reuocandum
658 1326 738 1346 ,eum
762 1314 1033 1354 declax-auerant,
1071 1329 1231 1348 maxume
1254 1329 1289 1348 se
1311 1318 1446 1348 saluom
1469 1317 1589 1349 uidere
1618 1318 1770 1349 uoluisse
1794 1317 1926 1358 dicere,
1962 1319 1997 1350 id
2020 1326 2070 1352 est

176 1372 362 1415 cupffiisse,
386 1377 426 1402 ut
446 1381 623 1401 reuersum
646 1369 682 1399 in
706 1367 851 1411 patriam
876 1369 1036 1400 uiderent
1060 1369 1153 1399 omni
1176 1369 1332 1400 restituta
1353 1369 1498 1411 pristina
1520 1368 1657 1400 fortuna
1680 1382 1717 1400 ac
1740 1370 1912 1412 dignitate.

263 1425 491 1468 Saepiusque,
513 1420 858 1464 iudices,—fecisse
883 1422 1059 1461 uideatur)
1106 1421 1207 1462 Quod
1231 1421 1426 1452 Laterensis
1451 1421 1625 1452 Plancium
1649 1423 1833 1454 accussauit
1856 1429 1890 1454 et
1914 1424 2070 1456 miratio-

177 1489 256 1508 nem
270 1477 391 1508 Cicero
414 1482 448 1507 et
469 1482 599 1507 metum
618 1474 686 1505 *sibi
709 1473 862 1505 iniecisse
881 1474 971 1505 dicit.
1016 1473 1248 1512 Blirationem,
1274 1474 1376 1516 quod,
1400 1485 1477 1505 cum
1496 1474 1601 1504 alium
1627 1485 1669 1505 ex
1683 1476 1950 1517 conpetitoribus
1972 1489 2071 1510 reum

179 1529 244 1561 sibi
267 1529 415 1571 deligere
438 1527 591 1571 potuerit
614 1526 705 1570 (0011.
739 1538 766 1558 0.
789 1527 869 1559 VH.
899 1527 1033 1568 §.17.),
1058 1528 1232 1558 Plancium
1255 1527 1481 1570 potissumum
1507 1527 1746 1565 accussauerit,
1775 1528 1832 1569 qui
1856 1539 1931 1559 cum
1952 1529 1992 1560 ab
2016 1530 2072 1561 111-

181 1583 283 1614 teritu
311 1582 511 1614 Ciceronem
534 1580 718 1618 liberasset,
741 1579 936 1611 Laterensis
960 1579 1071 1618 etiam,
1099 1580 1153 1610 cui
1175 1580 1241 1622 ipsi
1265 1579 1438 1612 Ciceronis
1462 1580 1550 1611 salus
1575 1591 1649 1610 cara
1672 1579 1775 1611 suerit
1798 1581 1887 1622 (coll.
1905 1592 1931 1611 c.
1949 1582 2071 1614 XXX·

183 1637 212 1677 §.
237 1634 315 1678 75.),
340 1632 614 1665 beneuolentiam
638 1633 703 1664 sibi
725 1633 906 1664 conciliare
931 1632 1102 1671 debuerit3
1126 1640 1268 1670 1110111111,
1297 1633 1387 1675 quod
1410 1633 1585 1663 Plancium
1613 1644 1651 1662 ea
1669 1644 1728 1675 spe
1751 1644 1935 1664 accussasse
1960 1634 2072 1666 uideri

178 1687 304 1731 possit,
326 1685 420 1725 fore,
443 1690 482 1715 ut
503 1684 531 1715 is
554 1685 611 1716 uel
633 1691 816 1727 propterea
837 1684 1148 1727 condempnaretur
1170 1697 1187 1716 a
1209 1686 1397 1725 iudicibus,
1423 1685 1513 1728 quod
1534 1685 1666 1716 inimici
1691 1685 1863 1716 Ciceronis
1887 1693 2008 1718 essent.

264 1739 454 1772 Hominem
476 1739 780 1770 studiosissumum
803 1745 836 1771 et
858 1739 1046 1781 dignitatis
1070 1743 1103 1769 et
1127 1739 1253 1771 salutis
1276 1739 1385 1780 meae)
1431 1740 1530 1771 Hanc
1553 1737 1766 1779 scripturam,
1795 1749 1895 1779 quam
1917 1740 1973 1771 1101
1989 1752 2075 1783 pro-

179 1799 258 1837 pter
279 1791 660 1835 praestantissumorum
684 1792 837 1823 codicum
864 1792 1101 1822 auctoritatem
1124 1792 1275 1834 recipere
1304 1791 1425 1830 debui,
1469 1790 1636 1823 YVolllius
1669 1796 1781 1820 tamen
1805 1791 2074 1832 posthabendam

181 1845 282 1877 alteri
302 1850 417 1887 putat,
456 1845 628 1877 hominem
649 1846 954 1877 studiosissummn
978 1850 1010 1875 et
1028 1844 1349 1886 diligentissumum
1371 1845 1498 1876 salutis
1520 1856 1634 1882 meae,
1672 1842 1737 1873 hoc
1760 1853 1838 1873 usus
1861 1852 2073 1886 argumento,

184 1898 275 1941 quod
299 1897 498 1940 dignitatem
522 1897 694 1929 Ciceronis
716 1898 807 1929 tueri
827 1896 982 1939 profecto
1005 1897 1200 1928 Laterensis
1225 1909 1293 1928 non
1316 1897 1478 1939 potuerit.
1523 1897 1574 1929 At
1595 1907 1663 1926 non
1687 1894 1845 1925 meminit
1867 1895 1922 1926 uir
1946 1896 2073 1936 doctus,

182 1950 409 1983 accussatione
427 1950 495 1981 hac
517 1950 666 1981 multum
693 1950 795 1981 etiam
819 1950 860 1981 de
883 1949 1047 1992 dignitate
1071 1950 1245 1981 Ciceronis
1266 1949 1419 1992 potuisse
1442 1949 1592 1989 detrahi,
1623 1947 1730 1989 quod,
1763 1947 1791 1977 si
1813 1947 1949 1979 uicisset
1969 1949 2076 1980 Late-

184 2003 311 2043 rensis,
335 2002 467 2033 inimici
491 2002 663 2034 Ciceronis
686 2003 822 2045 gloriati
843 2002 1007 2040 fuissent,
1036 2002 1164 2035 iudices
1189 2003 1312 2034 oblitos
1335 2002 1402 2034 iam
1427 2001 1600 2034 Ciceronis
1624 1999 1739 2031 salutis
1766 2000 1853 2039 eius,
1883 2012 1901 2031 a
1925 2013 1992 2042 quo
2016 2002 2077 2033 Ci-

183 2055 315 2088 ceronis
338 2055 426 2086 salus
450 2062 647 2087 conseruata
670 2062 765 2095 esset,
792 2055 899 2087 hostis
924 2055 1086 2086 extitisse.
1135 2055 1231 2096 Quae
1252 2062 1331 2087 sunt
1354 2056 1458 2098 ipsius
1482 2054 1625 2085 oratoris
1649 2053 1752 2083 uerba
1765 2064 1792 2083 c.
1811 2054 1924 2084 XLII.
1942 2054 1971 2094 §.
1993 2054 2075 2085 105..

272 2109 409 2151 Magna
433 2109 567 2140 ratione
583 2108 727 2152 secisse)
772 2109 798 2140 I.
823 2120 851 2139 e.
876 2119 1015 2151 sperans
1036 2107 1128 2148 fore,
1166 2114 1205 2139 ut
1227 2119 1288 2138 1105
1313 2119 1352 2139 00
1375 2107 1506 2138 facilius
1530 2105 1705 2137 Plancium
1730 2104 1975 2147 dampnaretis,
2007 2117 2074 2147 quo

184 2161 393 2195 inimiciores
415 2161 502 2191 mihi
524 2160 649 2192 essetis.

270 2214 329 2248 Ne
350 2213 447 2246 uobis
471 2213 509 2245 icl
529 2212 716 2256 -fecisse
738 2213 917 2256 uideatur)
964 2213 1096 2246 Callide
1119 2213 1208 2245 dixit
1230 2214 1328 2246 uobis
1351 2213 1517 2245 uideatur
1529 2211 1662 2255 fecisse
1683 2222 1746 2253 pro
1770 2210 1917 2253 simplici
1931 2209 2076 2254 feeerit,

186 2267 277 2310 quod
301 2266 376 2309 quis
400 2271 571 2308 expectet,
601 2271 641 2296 ut
662 2276 697 2296 se
720 2265 760 2295 ab
784 2266 1013 2297 sollicitudine
1037 2267 1100 2298 ista
1121 2267 1223 2309 plane
1245 2266 1391 2297 liberum
1415 2265 1601 2296 simularet.

271 2322 303 2361 §.
327 2319 356 2351 5.
388 2324 608 2351 consecutum
623 2318 759 2361 putem)
805 2317 860 2348 Sic
882 2329 926 2349 ex
946 2319 973 2350 B
1001 2325 1034 2350 et
1056 2320 1085 2350 E
1115 2331 1179 2362 pro
1203 2319 1340 2361 uolgato
1363 2323 1628 2350 consecuturum
1643 2323 1766 2360 putem
1789 2316 1963 2359 rescripsi,
1991 2329 2076 2360 pro-

188 2372 287 2403 bante
313 2371 518 2410 Garatonio,
552 2369 611 2412 qui
634 2370 716 2401 haec
738 2370 890 2401 monuit:
930 2372 1090 2410 „Melius
1117 2373 1153 2403 in
1176 2373 1203 2404 B
1227 2382 1298 2402 esse
1321 2370 1470 2401 arbitror
1492 2376 1722 2402 consecutum.
1765 2369 1862 2400 Patet
1889 2369 1980 2400 enim
2010 2370 2076 2400 ali-

189 2430 314 2467 quanto
335 2424 448 2464 latius,
472 2434 549 2454 cum
573 2422 727 2454 omnium
749 2433 867 2452 rerum
888 2422 1117 2464 inpunitatem
1139 2424 1175 2456 in
1189 2431 1366 2467 posterum
1386 2423 1628 2465 conplectatur,
1652 2422 1820 2463 habetque
1842 2422 1950 2453 acrius
1975 2421 2075 2464 quid-
