2185 2720
918 124 943 154 C
963 123 993 153 A
1014 123 1054 155 P.
1094 122 1357 164 VI.§.14-15.
2036 132 2073 161 79

188 200 300 244 ptelae
325 199 474 243 speciem
495 210 577 242 prae
599 210 635 231 se
657 198 786 240 ferant,
809 211 880 231 non
901 198 1029 243 poterit
1050 210 1202 231 summae
1222 199 1380 230 audaciae
1402 197 1531 230 crimen
1553 198 1717 241 eflugere,
1748 197 1808 241 qui
1829 198 1866 230 in
1887 199 1988 243 longe
2010 201 2076 232 alia

187 253 293 285 uerba
315 253 543 284 conmutanda
573 252 743 294 simulque
771 252 1023 295 transponenda
1059 251 1260 294 suspicetur.
1310 253 1428 294 Itaque
1458 252 1544 283 nihil
1577 263 1637 294 ego
1671 252 1794 284 certius
1826 252 1931 292 duco,
1972 266 2074 295 quam

185 306 291 338 uerba
314 306 374 337 illa
396 305 593 349 interpretis
616 304 789 336 sedulitati
814 305 949 344 deberi3
974 315 1058 347 quae
1080 304 1246 335 sententia
1268 305 1367 336 unice
1390 304 1610 336 confirmatur
1632 305 1735 336 etiam
1761 316 1812 345 eo,
1838 305 1928 347 quod
1943 307 2074 347 Cicero,

183 358 212 390 si
235 358 347 390 simile
371 359 454 400 quid
477 357 679 396 addidisset,
715 357 864 388 dubitari
892 358 994 401 plane
1016 368 1085 388 non
1109 362 1222 399 potest
1246 358 1328 399 quin
1357 357 1463 388 uerba
1492 357 1592 388 etiam
1624 359 1717 390 nillil
1751 359 1842 402 quod
1865 359 2073 401 repetiturus

181 409 297 442 fuerit.
343 412 465 453 Neque
494 416 607 441 tamen
639 409 686 440 sic
718 410 758 440 ab
781 409 969 453 interprete
990 410 1094 441 uerba
1116 409 1175 440 illa
1203 410 1316 441 addita
1338 416 1439 452 puto,
1480 416 1519 440 ut
1542 410 1728 452 genitiuom
1758 411 2035 454 magistratuum
2057 424 2076 444 a

181 463 289 495 uerbo
313 463 522 506 supplicatio
545 461 617 504 regi
639 461 800 502 uoluerit,
823 473 901 493 cum
915 462 977 494 uix
1000 461 1161 493 credibile
1183 462 1236 499 sit,
1261 462 1437 504 antiquom
1460 463 1563 494 istum
1586 463 1809 505 interpretem
1832 470 1901 495 tam
1923 464 2075 507 ineptam

181 516 380 548 additurum
406 514 510 546 fuisse
533 514 757 554 sententiam,
794 521 845 546 set
867 515 1013 546 uerbum
1043 515 1309 558 supplicationis
1332 514 1374 546 ad
1399 515 1599 558 explicanda
1621 515 1726 546 uerba
1747 517 1879 559 populo
1902 518 2077 561 supplice-

182 575 258 609 tur,
282 574 320 599 ut
341 567 446 610 magis
471 579 548 598 cum
571 566 712 608 reliquis
736 567 954 599 substantiuis
977 573 1214 610 congruerent,
1242 573 1275 598 et
1297 579 1331 599 n.
1355 569 1630 611 magistratuum
1652 567 1694 598 ad
1718 569 1971 611 explanandum
1994 582 2076 601 uer—

180 621 264 652 bum
289 620 560 652 renuntiationis
584 619 619 650 in
642 620 795 662 margine
820 619 924 651 fuisse
945 620 1114 662 adscripta
1141 626 1173 651 et
1202 620 1325 651 deinde
1348 620 1554 651 coniunctim
1582 620 1617 651 in
1641 627 1775 652 textum
1800 634 1870 653 esse
1894 622 1999 653 inlata
2020 622 2076 654 iu-

178 674 265 705 dico.
312 674 473 705 Ceterum
496 684 560 716 pro
583 672 708 715 spuriis
732 673 815 704 haec
840 672 945 703 uerba
967 673 1068 704 etiam
1093 684 1113 703 a
1134 672 1307 711 Manutio,
1330 672 1509 713 Ernestio,
1533 672 1712 714 VVeiskio,
1736 673 1907 713 Schutzio,
1932 680 1964 704 et
1988 685 2076 715 quo-

180 725 362 757 dammodo
392 725 494 756 etiam
517 724 558 755 ab
584 724 717 756 Orellio
740 731 820 756 sunt
842 725 967 757 habita.
1015 725 1147 757 Orellio
1172 731 1285 756 autem
1310 725 1420 756 miror
1442 725 1587 756 uerbum
1611 726 1712 757 etiam
1735 726 1991 770 suffragiorum
2014 726 2076 757 de-

177 779 319 811 lendum
344 789 413 810 esse
436 778 567 817 uisum,
593 776 684 819 quod
707 782 839 809 tantum
863 778 975 817 abest,
1007 784 1045 809 ut
1067 777 1189 808 inutile
1208 778 1269 817 sit,
1298 784 1337 809 ut
1358 777 1400 808 ad
1425 777 1610 809 sententiae
1632 778 1862 820 integritatem
1884 779 2072 811 necessario

179 832 387 874 requiratur.
433 832 524 862 Nam
546 840 735 870 numquam
758 830 862 861 uerba
885 830 1100 862 diribitionis
1121 836 1154 861 et
1177 832 1447 863 renuntiationis
1471 841 1540 861 non
1562 830 1678 862 addito
1703 831 1808 862 uerbo
1831 831 2073 874 suffragiorum

178 890 237 915 aut
260 884 462 915 tabellarum
488 884 550 915 isto
574 882 737 913 comitiali
759 894 859 914 sensu
883 883 971 913 dicta
993 889 1083 914 sunt.

264 937 337 978 Qui
359 938 430 969 sint
445 934 623 979 professi)
669 934 828 967 Profiteri
851 946 942 967 nunc
965 935 1143 977 dicuntur,
1179 934 1237 978 qui
1262 934 1498 978 magistratum
1519 940 1644 979 petunt
1666 941 1768 979 atque
1789 935 1926 980 publice
1948 948 2074 969 nomen

179 986 286 1019 edunt
307 999 418 1019 suum.

267 1041 296 1082 §.
324 1041 372 1072 15.
417 1041 507 1073 Esse
529 1053 571 1073 ex
593 1041 746 1084 equestri
768 1040 855 1085 loco)
901 1039 1036 1073 Codicis
1059 1040 1262 1073 Dresdensis
1290 1054 1331 1074 ex
1354 1040 1542 1073 omittentis
1564 1041 1659 1073 nulla
1680 1042 1783 1085 plane
1804 1042 1986 1075 auctoritas
2011 1049 2071 1075 est.

179 1092 251 1126 Cfr.
275 1093 408 1136 Proleg.
438 1096 477 1125 L.
504 1095 547 1125 ΙΙ.
573 1094 611 1125 C.
636 1093 662 1123 Ι.
688 1093 818 1134 §.16..

266 1146 373 1178 Cedat
397 1146 574 1178 consulari
595 1145 718 1188 generi
734 1147 976 1188 praetorium,
1010 1158 1071 1178 nec
1103 1147 1287 1179 contendat
1314 1159 1391 1179 cum
1414 1147 1595 1190 praetorio
1625 1146 1763 1178 nomine
1785 1154 1940 1190 equester
1962 1150 2072 1191 locus)

179 1199 252 1230 Cur
274 1209 319 1229 ex
342 1198 491 1240 optumis
515 1198 686 1229 codicibus
711 1199 847 1230 nomine
870 1198 1080 1241 receperim,
1122 1199 1254 1241 Proleg.
1277 1200 1320 1231 L.
1344 1200 1387 1230 IL
1422 1200 1459 1230 C.
1484 1199 1509 1229 Ι.
1535 1200 1565 1240 §.
1593 1200 1641 1230 16.
1663 1209 1697 1239 p-
1724 1199 1802 1230 LV.
1827 1200 2071 1233 demonstraui-

265 1251 305 1283 Sc·
335 1263 477 1294 campus
517 1257 622 1295 atque
657 1251 741 1282 illae
781 1251 896 1283 undae
932 1252 1151 1283 comitiorum
1178 1269 1222 1274 —
1254 1252 1426 1292 recedant)
1475 1250 1602 1294 Campo
1637 1250 1870 1292 significantur
1905 1253 1963 1295 qui
1993 1260 2073 1285 sunt

178 1304 216 1335 in
239 1314 358 1346 campo
381 1302 526 1342 Martio,
554 1309 587 1334 et
607 1304 714 1335 undis
737 1303 956 1335 comitiorum
979 1304 1145 1335 fluctuans
1168 1304 1316 1345 populus
1339 1302 1498 1344 suffragia
1520 1302 1643 1334 ferens.
1688 1304 1782 1346 Apte
1804 1305 1872 1336 iam
1895 1306 2071 1338 Uictorius

179 1355 379 1399 conparauit
402 1356 581 1387 Demosth.
604 1355 683 1398 περὶ
705 1355 990 1398 παραπρεσβείας.
1014 1368 1048 1398 p.
1065 1356 1139 1387 583.
1164 1356 1214 1387 ed.
1231 1355 1367 1387 Reisk.:
1400 1353 1442 1391 οἷς
1466 1354 1483 1386 ό
1501 1356 1569 1396 μὲν
1591 1353 1697 1397 δῆμός
1720 1359 1812 1389 ἐστιν
1834 1355 1940 1402 ὄχλος,
1966 1357 2072 1393 dovot-

176 1405 402 1451 θμητότατον
416 1409 558 1451 πρᾶγμα
572 1408 640 1440 τῶν
656 1403 820 1441 ἁπάντων
844 1408 898 1440 καὶ
922 1406 1217 1449 ἀσυνθετώτατον,
1242 1406 1347 1448 ὥςπερ
1371 1409 1407 1439 ἓν
1427 1403 1584 1450 θαλάττῃ
1607 1409 1743 1451 πνεῦμα
1767 1408 2003 1445 α’κατιὶστατον
2027 1413 2070 1452 οἷς

178 1460 223 1494 ἄν
245 1457 339 1504 τύχοι
361 1458 581 1503 κινούμενον.
606 1459 623 1493 ὁ
642 1462 709 1502 μὲν
734 1457 859 1501 ἦλθεν,
887 1458 904 1492 ὁ
927 1459 955 1492 δ’
977 1459 1125 1502 ἀπῆλθε,
1149 1462 1243 1503 μέλει
1263 1457 1291 1493 δ’
1311 1457 1422 1492 oster}
1444 1460 1513 1491 τῶν
1535 1461 1670 1500 κοινῶν,
1693 1459 1763 1494 ἄλλ’
1784 1461 1861 1495 οὐδὲ
1882 1464 2067 1508 μέμνηται.

177 1513 310 1544 Similia
331 1513 402 1544 uid.
428 1525 493 1556 pro
515 1514 608 1546 Mur.
633 1513 758 1550 XVII,
782 1512 833 1544 55.
879 1513 982 1552 Quod
1007 1514 1097 1545 enim
1109 1512 1270 1556 fretum,
1293 1525 1392 1556 quem
1414 1512 1592 1555 Euripum
1615 1519 1666 1544 tot
1687 1519 1818 1554 motus,
1843 1521 1972 1556 tantas,
1996 1525 2069 1553 tam

178 1567 301 1598 uarias
330 1566 454 1598 habere
477 1567 618 1610 putatis
646 1565 858 1609 agitationes
882 1565 1082 1610 fluctuum,
1118 1572 1265 1610 quantas
1288 1563 1572 1609 perturbationes
1596 1570 1628 1596 et
1651 1572 1798 1609 quantos
1827 1575 1944 1602 aestus
1967 1573 2069 1605 habet

176 1619 269 1651 ratio
291 1619 533 1650 comitiorum?

265 1671 379 1703 Tanto
402 1683 463 1702 nos
486 1672 607 1714 inpetu
630 1670 828 1702 studiorum
852 1676 886 1702 et
902 1676 999 1703 motu
1022 1671 1229 1703 temeritatis
1251 1671 1391 1703 modum
1413 1669 1565 1713 aliquem
1587 1676 1620 1703 et
1637 1671 1821 1704 consilium
1842 1679 1876 1705 et
1898 1677 2070 1711 rationem

174 1724 431 1768 requiremus-P)
468 1723 778 1766 Praepositionem,
804 1734 888 1764 quae
911 1724 1013 1765 uolgo
1041 1730 1119 1754 aute
1142 1730 1238 1756 tanto
1261 1723 1419 1761 additur,
1445 1727 1667 1763 optumorum
1691 1724 1845 1756 codicum
1868 1729 2069 1762 auctoritate

176 1776 286 1807 eicere
309 1775 421 1807 debui.
467 1775 537 1807 Cfr.
559 1776 693 1818 Proleg.
720 1776 798 1807 Lib.
825 1775 869 1806 Π.
894 1775 931 1806 C.
955 1776 982 1806 I.
1009 1777 1039 1818 ς.
1066 1788 1094 1808 1.
1118 1777 1204 1808 conl.
1228 1776 1308 1807 Lib.
1333 1775 1376 1806 II.
1402 1775 1439 1806 C.
1463 1775 1489 1805 I.
1514 1775 1544 1816 ς.
1566 1786 1614 1818 9..
1659 1777 1738 1808 Dici
1767 1784 1881 1810 autem
1904 1780 1967 1812 uix
1988 1789 2070 1825 pot-

140 1848 144 1850 *
175 1834 245 1868 est,
272 1827 427 1870 quotiens
451 1829 486 1860 in
507 1828 715 1871 praepositio
739 1828 780 1859 ab
804 1827 1048 1869 interpretibus
1074 1828 1174 1860 etiam
1198 1834 1314 1859 contra
1336 1827 1572 1858 Romanorum
1599 1829 1762 1870 loquendi
1785 1833 2068 1867 consuetudinem

174 1880 289 1912 addita
312 1880 366 1911 sit.
413 1879 484 1912 Cfr.
508 1880 615 1923 praef.
638 1892 749 1912 meam
772 1879 814 1911 ad
838 1881 938 1913 Uarr.
964 1882 1076 1912 Lectt.
1100 1892 1144 1913 ex
1167 1881 1240 1912 cod.
1269 1880 1344 1913 Erf.
1369 1885 1458 1911 enot·
1481 1891 1515 1922 p.
1544 1881 1696 1914 CXVIII
1718 1894 1785 1924 sq..
1828 1884 1897 1915 Hic
1927 1887 2066 1928 quidem

175 1933 238 1965 etsi
260 1931 339 1964 addi
361 1944 424 1975 per
450 1933 727 1965 consuetudinem
761 1932 927 1975 loquendi
955 1933 1073 1974 licuit,
1114 1946 1220 1977 aeque
1247 1940 1361 1966 tamen
1387 1939 1478 1964 recte
1502 1933 1666 1966 omissast.
1711 1935 1824 1967 Multo
1849 1937 1938 1970 enim
1964 1939 2066 1973 latius

175 1996 277 2028 quam
300 1984 401 2027 uolgo
424 1992 564 2028 putatur
587 1985 816 2017 ablatiuorum
841 1985 900 2027 qui
923 1985 1083 2017 dicuntur
1118 1986 1376 2029 consequentiae
1406 1997 1486 2016 usus
1509 1992 1592 2028 aput
1613 1987 1786 2020 Romanos
1810 1990 1930 2031 patuit.
1973 1993 2066 2026 Nam

173 2050 274 2081 saepe
297 2037 398 2069 etiam
421 2037 516 2069 nullo
545 2037 676 2069 adiecto
706 2038 887 2081 participio
916 2039 1029 2070 solum
1057 2039 1305 2071 substantiuom
1328 2050 1405 2069 cum
1431 2037 1598 2070 adiectiuo
1624 2041 1680 2071 uel
1702 2041 1853 2083 genitiuo
1876 2042 1961 2075 alius
1984 2046 2067 2077 sub-

173 2090 314 2124 stantiui
337 2101 415 2121 casu
437 2090 584 2122 ablatiuo
608 2089 756 2122 ecfertur
778 2091 899 2123 eodem
921 2104 1038 2131 sensu,
1077 2104 1143 2134 quo
1167 2093 1225 2135 qui
1245 2092 1348 2134 uolgo
1373 2091 1532 2123 dicuntur
1554 2092 1694 2125 ablatiui
1717 2096 1975 2137 consequentiae
1999 2110 2066 2141 po-

174 2150 316 2176 nuntur.
360 2143 594 2185 Maxumeque
625 2142 667 2174 ad
697 2155 776 2175 eum
799 2156 899 2176 usum
923 2144 1075 2176 adhibita
1104 2151 1184 2176 sunt
1205 2145 1415 2177 substantiua
1437 2145 1605 2185 uerbalia,
1644 2147 1756 2188 qualia
1778 2153 1858 2178 sunt
1879 2149 2064 2190 aduentu-⁹,

173 2208 378 2234 concursus,
411 2196 613 2235 comitatus,
638 2202 843 2236 conuentus,
867 2198 1038 2238 decessus,
1062 2197 1250 2237 discessus,
1279 2200 1435 2242 inpetus,
1462 2205 1594 2239 motus,
1616 2199 1791 2242 profectio
1815 2205 1848 2230 et
1869 2200 1946 2231 alia.
1991 2202 2064 2234 Cu..

172 2249 225 2284 ius
254 2248 305 2280 rei
327 2247 414 2279 ratio
438 2247 545 2278 cuiuis
569 2254 690 2290 sponte
720 2249 875 2291 liquebit.
921 2250 976 2281 Sic
999 2249 1070 2281 Cic.
1094 2250 1135 2281 de
1158 2250 1291 2293 inperio
1317 2252 1378 2283 Cn.
1402 2251 1522 2293 Pomp.
1547 2252 1650 2290 VIII,
1682 2262 1733 2283 20.
1766 2252 1842 2283 dico
1865 2253 1960 2285 eius
1986 2255 2064 2287 ad-

175 2307 314 2334 uentu
343 2312 526 2333 maxumas
556 2300 780 2333 Mithridatis
817 2303 934 2346 copias
973 2303 1130 2336 omnibus
1152 2304 1251 2336 rebus
1281 2309 1422 2336 ornatas
1455 2309 1560 2346 atque
1592 2305 1783 2336 instructas
1801 2304 1931 2348 fuisse.
1974 2306 2001 2337 Ι.
2025 2307 2062 2338 in

176 2353 276 2385 Catil.
299 2354 366 2394 III,
392 2365 422 2396 7.
446 2366 524 2386 cum
547 2358 584 2384 tu
609 2353 806 2385 discessu
830 2361 1073 2388 ceterorum
1095 2363 1214 2389 nostra
1237 2362 1369 2397 tamen,
1393 2356 1453 2399 qui
1476 2358 1776 2396 remansissemus,
1800 2358 1902 2389 caede
1923 2365 2062 2391 conten—

178 2410 253 2437 tum
277 2410 309 2437 te
331 2417 402 2438 esse
424 2405 571 2438 diceba&
593 2405 676 2436 ibid.
700 2406 786 2446 VII,
813 2407 862 2439 16.
886 2408 988 2450 quid,
1015 2410 1107 2454 quod
1127 2410 1321 2443 aduentu
1345 2415 1422 2442 tuo
1445 2409 1515 2442 ista
1537 2409 1702 2442 subsellia
1724 2408 1933 2453 uacuefacta
1954 2412 2062 2444 sunt?
