2185 2720
898 128 923 157 C
943 127 971 156 A
993 127 1034 157 Ρ.
1073 124 1151 155 ΧΧ.
1180 122 1208 164 §.
1229 130 1275 158 49.
1295 132 1341 158 50-
2003 132 2056 159 143

171 208 293 254 quodsi
320 205 491 250 triumphi
515 203 804 248 praerogatiuam
821 209 928 247 putas
949 200 1239 246 supplicationem
1262 206 1294 231 et
1316 200 1408 239 alibi,
1422 200 1590 244 faustum
1611 214 1707 234 omen
1730 200 1903 244 significet.
1948 201 2058 233 Simul

167 260 434 305 perspicuumst,
464 258 609 289 uerbum
633 257 781 288 comitiis
804 268 871 287 non
895 256 1015 288 inutile
1044 253 1314 284 additamentum
1344 265 1432 292 esse,
1461 260 1512 284 set
1534 254 1576 284 ad
1607 261 1796 286 structurae
1829 254 2057 297 integritatem

167 313 354 345 necessario
381 311 523 354 requiri.
567 311 673 342 Recte
696 315 809 340 autem
833 309 964 340 datiuos
991 319 1026 341 se
1048 307 1160 339 habet.
1208 305 1279 337 Cfr.
1305 306 1409 338 Ouid.
1434 307 1573 338 Metam.
1598 309 1650 349 V,
1681 309 1754 340 550.
1788 308 1906 340 dirum
1928 313 2058 340 morta-

170 367 261 399 libus
285 378 381 398 omen
405 364 501 398 bubo.

255 418 286 460 §.
306 418 357 449 50.
389 417 484 457 Quin
507 416 617 448 omnis
639 415 687 448 ad
708 420 741 447 te
763 426 975 446 ronnei-sura
987 413 1107 458 ficet-it
1128 411 1332 454 multitado)
1377 412 1432 444 Sic
1452 412 1609 456 plerique
1632 414 1762 446 codices
1785 425 1862 445 cum
1885 412 2057 446 Arusiano

170 472 309 505 Messio.
352 470 445 503 Ante
470 468 698 500 Garatonium
722 473 800 498 ante
816 466 936 510 fuerit
960 477 1151 509 pronomen
1174 477 1209 497 se
1235 464 1433 496 addebatur.
1479 467 1585 505 „Hoc
1608 467 1713 498 eiecto
1735 465 1940 510 pronomine
1962 465 2059 496 loeu-

170 525 218 556 tio
244 523 400 555 exoritur
423 522 557 563 elegans
580 527 613 552 et
631 521 786 562 antiqua,
823 519 947 550 criticis
979 525 1155 562 perspecta
1185 518 1251 549 iam
1282 523 1315 548 et
1337 518 1488 560 probata.
1534 519 1624 552 Uide
1653 520 1810 563 inprimis
1834 518 1990 551 Cortium
2018 516 2059 549 ad

170 577 305 608 Sallust.
329 576 400 616 Iug-
431 574 515 605 Exc.
540 574 623 612 VI„
665 574 722 615 qui
753 579 843 604 recte
865 572 1004 604 Lucreti
1034 583 1171 604 uersum
1196 571 1263 610 IV,
1295 571 1367 601 511.
1401 570 1448 602 ita
1476 583 1518 603 ex
1543 573 1624 604 Mss.
1656 580 1690 605 et
1712 580 1794 605 uett.
1819 571 1912 603 editt.
1936 569 2058 608 adfert,

169 630 255 661 Inde
278 633 469 660 retrorsum
492 627 583 658 redit
606 632 639 658 et
662 626 832 658 conuertit
855 625 988 657 eodem.-
1024 625 1088 656 nisi
1113 623 1204 667 quod
1235 624 1357 655 melius
1388 624 1423 655 in
1448 624 1562 664 editis,
1596 627 1765 671 Indeque,
1798 631 1857 656 aut
1881 631 1971 655 certe
1994 624 2060 654 alia

169 680 200 712 ei
221 679 312 724 parti
344 678 556 721 [particulae]
592 678 784 720 quaerenda
806 683 856 709 est
880 677 1062 715 medicina,
1097 685 1174 707 cum
1198 683 1314 708 contra
1341 677 1445 709 libros
1470 679 1586 710 reddit
1610 691 1645 711 se
1667 691 1685 710 a
1707 679 1875 711 Lambino
1899 677 2061 708 emenda-

169 739 242 764 tum
271 732 440 763 uideatur.
464 750 508 755 ——
550 730 715 764 Arusiani
743 729 978 761 auctoritatem
1011 730 1043 760 in
1073 728 1284 771 praefatione
1315 730 1499 761 uoluminis
1530 732 1675 773 septumi
1705 732 1821 763 adieci.
1869 731 1991 762 Caesar
2013 729 2061 761 si-

168 785 325 817 millume
351 785 397 817 V.
420 785 454 816 Β.
473 785 516 816 G.
540 784 592 827 49.
617 795 815 827 omnemque
836 783 884 814 ad
905 795 983 814 eum
1004 783 1266 814 multitudinem
1289 783 1518 823 conuertisse5
1542 784 1599 825 qui
1621 784 1714 816 locus
1738 791 1809 816 erat
1832 783 1918 815 mihi
1939 783 2061 814 aCor-

169 838 217 870 tio
242 837 385 869 fortasse
407 837 610 868 sumendus:
635 837 792 868 lubenter
815 835 939 866 etenim
963 846 1039 866 cum
1064 835 1204 866 Dauisio
1227 835 1275 866 sic
1297 835 1476 877 intellegO,
1502 838 1710 879 perscribit,
1746 839 1858 870 hostes
1881 836 1922 868 ab
1944 848 1980 867 se
2002 834 2059 876 (Q.

173 892 354 930 Cicerone,
379 901 479 932 quem
503 888 715 930 obsidebant)
738 889 952 927 discessisse,
977 900 1176 931 omnemque
1198 889 1246 920 ad
1267 901 1344 921 eum
1367 888 1574 932 (Caesarem)
1599 891 1859 922 multitudinem
1883 887 2061 932 (hostium)

172 944 400 981 conuertisse,
435 941 524 983 quod
555 941 749 972 confirmari
779 941 843 972 hoc
865 941 974 971 Marci
1007 941 1081 972 loco
1110 940 1259 972 uidetur.
1306 943 1395 973 Nam
1422 941 1450 972 si
1480 953 1555 972 culn
1581 943 1698 973 Cortio
1727 943 1919 985 intellegas,
1954 941 2061 973 hostis

173 1007 309 1028 omnem
332 994 585 1026 multitudinem
610 993 651 1024 ad
678 994 855 1025 Caesarem
880 993 1102 1032 conuertisse,
1127 994 1238 1026 minus
1262 994 1440 1037 perspicue
1463 1007 1562 1026 suam
1583 994 1732 1027 arbitror
1754 995 1939 1027 subaudiri.
1983 995 2062 1026 An-

174 1060 251 1092 ceps
276 1054 390 1079 tamen
413 1054 462 1078 est
486 1047 598 1086 locus,
633 1057 740 1088 eoque
769 1047 874 1089 magis
899 1046 1076 1078 Tullianus
1108 1047 1167 1077 ille
1195 1059 1259 1090 pro
1284 1047 1442 1079 Cluentio
1471 1049 1544 1079 55..
1590 1048 1648 1079 Set
1677 1048 1712 1079 in
1735 1047 1949 1080 Academicis
1979 1052 2063 1089 aput

171 1101 404 1144 Augustinum
427 1101 487 1132 ΠΙ.
512 1105 630 1130 contra
654 1099 760 1132 Acad.
785 1111 814 1142 7.
839 1100 900 1132 uix
924 1099 1058 1138 dubito,
1076 1099 1164 1140 >quin
1188 1106 1220 1132 te
1246 1100 1376 1130 deleam
1398 1100 1593 1142 legamque,
1623 1102 1764 1133 Rursus
1786 1101 1835 1132 ad
1856 1101 1958 1132 illum
1982 1112 2062 1131 con-

173 1161 270 1188 uerte
293 1161 326 1187 et
349 1165 473 1198 quaere
497 1159 577 1183 etc..
601 1153 750 1184 ‘Totum
773 1151 892 1194 fragm.
917 1151 996 1183 uide
1019 1158 1101 1194 aput
1121 1152 1242 1183 Pau-ic.
1267 1153 1307 1183 T.
1323 1153 1383 1183 III.
1407 1164 1441 1195 p.
1458 1153 1509 1184 50.
1534 1159 1567 1184 et
1590 1154 1724 1184 Ernest.
1751 1154 1793 1184 T.
1807 1154 1869 1185 IV.
1892 1164 1928 1195 p.
1951 1152 2062 1184 1105..

175 1208 308 1241 Gellius
331 1213 422 1238 certe
447 1206 623 1248 antiquam
645 1206 853 1237 locutionem
874 1205 1072 1244 renouauit,
1096 1211 1134 1235 ut
1156 1205 1259 1245 solet,
1282 1206 1387 1243 XIII,
1413 1205 1482 1237 24.:
1514 1206 1568 1239 Ac
1591 1206 1714 1238 deinde
1739 1207 1786 1238 ad
1807 1219 1883 1238 eum
1907 1204 2063 1246 (Fauori-

174 1262 271 1303 num)
294 1260 465 1293 conuertit
488 1265 568 1298 ete.3
600 1259 681 1290 item
707 1260 740 1299 I,
766 1260 816 1291 26.
847 1261 884 1292 Is
902 1278 945 1284 --
971 1259 1141 1292 conuertit
1163 1259 1212 1290 ad
1231 1271 1303 1297 me,
1337 1259 1397 1301 qui
1419 1259 1732 1302 interrogaueram.
1775 1259 1825 1290 Ita
1851 1258 2062 1298 Gronouius,

174 1322 208 1348 et
230 1327 274 1347 ex
295 1315 384 1347 Mso.
410 1311 566 1344 Gisanius
590 1311 680 1343 inter
701 1312 830 1344 Mureti
854 1313 962 1356 Epist.
985 1313 1018 1350 I,
1044 1312 1094 1353 76.
1120 1317 1221 1353 atque
1244 1311 1291 1343 ita
1312 1311 1438 1353 legitur
1460 1312 1495 1343 in
1519 1313 1634 1344 codice
1657 1312 1888 1345 Barberino.“
1934 1312 2064 1342 GARA-

173 1377 324 1401 TONIUS.
366 1366 405 1398 In
433 1364 543 1397 Praef.
574 1365 653 1398 Uol.
684 1366 764 1398 VII.
795 1364 847 1396 ed.
879 1366 987 1407 Neap.
1020 1376 1053 1407 p.
1074 1365 1137 1397 IX.
1168 1365 1250 1396 haec
1277 1365 1412 1397 monuit
1443 1366 1668 1398 Garatonius:
1711 1366 1820 1405 „Duo
1851 1371 1930 1397 sunt
1961 1364 2063 1395 etiam

171 1421 371 1455 Plancianae
393 1418 476 1458 loci,
501 1418 542 1449 de
569 1418 689 1460 quibus
714 1418 772 1448 ille
797 1417 1014 1459 [Arusianus]
1040 1419 1124 1449 bene
1146 1424 1314 1456 meretur,
1341 1418 1369 1448 si
1390 1429 1452 1449 nos
1476 1417 1624 1449 uicissim
1647 1418 1688 1448 ab
1710 1417 1787 1457 illo,
1813 1418 1904 1459 quod
1927 1417 2064 1449 facillu-

172 1487 268 1508 mum
290 1473 380 1505 factu
403 1478 466 1510 est,
490 1471 640 1502 inmania
662 1471 882 1502 librariorum
906 1477 1015 1502 errata
1039 1471 1258 1514 depellamus.
1303 1471 1515 1509 Conuersus,
1549 1470 1677 1512 inquit,
1709 1471 1759 1502 ad
1780 1477 1812 1502 te
1828 1483 1895 1514 pro
1919 1483 2063 1503 conuer-

176 1528 311 1562 tendas.
355 1526 423 1558 Cic.
441 1537 508 1569 pro
533 1525 658 1556 Plane.
704 1524 788 1557 Non
809 1523 948 1563 dubito,
980 1525 1064 1568 quin
1089 1536 1201 1556 omnes
1225 1536 1350 1556 conum
1372 1522 1452 1567 fif.
1474 1536 1518 1555 m.
1541 1524 1649 1565 Lege,
1684 1524 1923 1556 Conuersurus
1949 1525 1997 1556 ad
2019 1529 2063 1562 te,

175 1587 276 1623 atque
299 1579 334 1610 in
359 1579 539 1620 exemplo,
577 1576 668 1620 quod
693 1583 742 1608 est
769 1588 811 1608 ex
835 1588 862 1607 e.
888 1588 937 1608 20.
960 1588 1024 1620 pro
1047 1577 1200 1616 Plancio,
1239 1579 1323 1622 quin
1346 1577 1455 1609 omnis
1478 1577 1525 1608 ad
1550 1582 1582 1608 te
1605 1588 1815 1608 conuersum
1829 1576 1950 1620 fuerit
1972 1577 2064 1609 mul-

175 1634 331 1666 titudo.“
374 1633 455 1663 Non
478 1630 590 1661 minus
613 1636 773 1673 corrupte
796 1628 850 1660 hic
872 1629 1034 1660 Arusiani
1061 1630 1154 1661 locus
1177 1637 1259 1673 aput
1281 1630 1411 1662 Maium
1433 1641 1467 1672 p.
1491 1629 1562 1660 504.
1584 1629 1728 1672 scriptus
1752 1635 1856 1660 extat.
1901 1630 2064 1662 Ceterum

176 1687 219 1718 de
240 1686 305 1718 hoc
327 1696 360 1716 n.
384 1684 607 1716 conuertendi
630 1695 692 1714 usu
716 1682 873 1713 uideatur
893 1682 994 1713 etiam
1018 1682 1128 1713 Kritz.
1152 1682 1194 1713 ad
1218 1684 1354 1715 Sallust.
1382 1684 1454 1715 Cat„
1477 1683 1548 1722 VI,
1576 1695 1627 1725 7..

262 1738 468 1781 „Numquam
490 1737 581 1768 enim
606 1736 786 1774 nobilitas,
826 1736 967 1779 integra
993 1738 1204 1779 praesertim
1233 1742 1336 1780 atque
1358 1738 1538 1776 innocens,
1576 1749 1599 1768 a
1615 1736 1747 1779 populo
1769 1733 1928 1779 supplex)
1971 1733 2064 1765 Ex-

177 1792 368 1836 probrat
391 1789 631 1821 identidem
654 1788 920 1831 superbiam,
960 1789 1070 1830 quod
1092 1790 1228 1821 nimia
1250 1788 1419 1821 fiducia
1439 1788 1698 1821 nobilitatis
1725 1787 1986 1829 dedignatus
2008 1786 2064 1819 sit

178 1843 346 1889 populo
377 1842 633 1885 supplicare
659 1853 703 1872 ac
726 1847 964 1884 propterea
993 1853 1078 1873 non
1100 1843 1399 1885 inpetrauerit
1428 1842 1729 1881 aedilitatem,
1766 1852 1869 1884 quae
1892 1852 1911 1872 a
1934 1841 2065 1872 Plan-

178 1898 247 1930 cio
269 1894 565 1927 uerecundius
588 1901 717 1937 atque
752 1894 984 1926 demissius
1008 1901 1250 1937 peteretur.
1284 1897 1447 1927 ScnoLiA
1471 1897 1680 1928 UATICANA.
1726 1894 1855 1925 Eadem
1887 1906 1972 1937 quae
2000 1905 2062 1936 ego

177 1951 258 1984 huic
286 1948 414 1980 scholio
442 1947 625 1990 praeposui
654 1947 758 1978 uerba
786 1947 821 1978 in
850 1948 1069 1990 palimpsesto
1096 1949 1260 1982 Uaticano
1296 1950 1491 1992 praeposita
1520 1948 1750 1991 reperiuntur.
1808 1948 1846 1979 In
1880 1959 1946 1989 quo
1984 1958 2062 1978 cum

179 2003 341 2036 omissum
361 2000 444 2044 fere
473 2000 673 2031 aduerbium
701 2000 760 2039 sit,
799 2001 889 2042 quod
918 2001 982 2032 soli
1005 2002 1031 2032 B
1062 2008 1095 2033 et
1117 2003 1145 2033 E
1175 2001 1321 2041 addunt,
1365 2003 1521 2044 spurium
1552 2002 1670 2043 utique
1700 2000 1812 2032 uideri
1839 2005 1951 2042 potest
1980 2010 2063 2031 esse.

179 2059 311 2091 Uerum
339 2054 446 2086 multa
472 2066 548 2085 cum
573 2054 614 2085 ab
638 2065 694 2092 eo,
728 2053 785 2096 qui
809 2055 1090 2086 commentarium
1113 2055 1211 2086 illum
1235 2055 1387 2098 scripsit,
1422 2055 1527 2086 uerba
1549 2053 1709 2086 Tulliana
1730 2055 1884 2086 consulto
1910 2064 1979 2084 non
2002 2051 2064 2083 de·-

179 2110 301 2152 scripta
327 2118 397 2138 esse
421 2113 550 2138 certum
577 2106 634 2145 sit,
660 2118 744 2149 quae
767 2107 806 2138 ad
830 2107 992 2145 membri,
1024 2108 1114 2149 quod
1139 2108 1368 2151 explicaturus
1394 2115 1482 2148 erat,
1517 2119 1632 2139 sensus
1657 2108 1885 2150 iutegritatem
1910 2118 1979 2137 non
2000 2117 2063 2137 ne-

178 2161 321 2194 cessaria
350 2166 461 2199 erant,
494 2159 662 2190 incertum
693 2159 861 2199 manebit,
902 2166 1019 2191 utrum
1041 2171 1060 2191 a
1082 2161 1198 2192 Tullio
1221 2173 1264 2193 an
1286 2162 1328 2193 ab
1352 2162 1540 2205 interprete
1553 2160 1637 2204 fere
1658 2160 1850 2204 profectum
1872 2160 1926 2191 sit.
1972 2159 2063 2192 Uide

178 2215 311 2256 Proleg·
336 2214 377 2244 L.
402 2213 444 2243 ll.
471 2213 508 2244 C.
532 2213 558 2243 I.
584 2212 613 2253 ξ.
636 2212 666 2244 8.
688 2223 722 2254 p.
745 2213 813 2244 XL
838 2225 929 2254 sqq..

263 2267 300 2300 A
315 2266 447 2310 populo
469 2266 515 2297 R.
538 2265 683 2308 supplex
707 2267 890 2308 repudiata
904 2265 998 2310 fuit)
1042 2267 1165 2299 Uenet.
1188 2278 1271 2308 sec.‚
1294 2268 1402 2306 Iunt.‚
1427 2266 1537 2305 Crat„
1560 2271 1610 2304 et,
1634 2270 1673 2296 ut
1695 2263 1870 2307 probabile
1893 2270 1952 2304 est,
1976 2264 2063 2296 aliae

182 2319 276 2350 editt.
299 2320 474 2360 antiquae,
499 2318 635 2361 Populo
657 2319 816 2349 Romano
838 2320 993 2362 supplex,
1017 2319 1106 2361 quod
1130 2331 1229 2351 nemo
1251 2319 1502 2357 animaduertit,
1529 2325 1580 2349 set
1603 2318 1692 2360 quod
1716 2329 1794 2349 sane
1819 2317 1966 2349 deterius
1991 2328 2063 2348 non

183 2377 243 2402 est.
286 2372 324 2402 In
351 2371 486 2412 uolgata
512 2371 601 2401 enim
633 2377 806 2413 expectes:
840 2372 984 2414 supplex
1016 2385 1038 2404 a
1060 2373 1192 2416 populo
1213 2374 1280 2406 Ro.
1312 2374 1496 2417 repudiata
1516 2372 1607 2416 fuit.
1650 2372 1768 2413 Itaque
1789 2384 1831 2410 a,
1865 2371 1955 2413 quod
1983 2371 2062 2401 illae

184 2423 363 2462 omittunt,
387 2422 518 2454 uncinis
542 2422 674 2454 inclusi.
700 2423 902 2454 ORELLlrs.
949 2424 1135 2456 Prudenter
1157 2424 1236 2457 fecit
1260 2426 1427 2466 ofellius,
1459 2425 1548 2467 quod
1572 2425 1608 2455 in
1633 2435 1722 2455 noua
1745 2423 1892 2455 editione
1913 2434 2062 2466 praepo-
