2185 2720
781 119 806 149 C
826 119 855 148 A
874 119 910 148 P.
947 119 1026 148 XX.
1048 118 1076 160 §.
1097 124 1142 152 50.
1161 132 1200 140 -·
1217 118 1312 148 XXI.
1332 116 1360 158 §.
1380 122 1426 150 52.
1992 123 2047 150 145

161 201 389 236 Plancium
420 211 469 231 ex
497 199 576 230 1100
604 197 886 242 probaretur,
925 194 1037 237 quod
1065 193 1347 237 praepositus
1380 199 1493 226 esset
1521 194 1805 227 nobilissimo
1837 196 2043 227 senatori.

160 256 244 288 Hic
273 265 372 296 ergo
404 252 522 295 quasi
555 263 605 283 ex
634 261 823 294 persona
851 248 991 292 patris
1023 248 1110 279 eius
1134 253 1173 279 et
1195 247 1262 278 aui
1286 247 1334 278 de
1356 247 1454 278 aliis
1482 248 1609 278 etiam
1632 248 1857 280 nobilibus
1888 248 2045 280 intulit

159 308 443 345 mentionem,
481 317 586 347 quos
609 304 814 347 repulsos
837 302 884 333 ab
907 301 1075 333 honore
1099 300 1342 332 constabat.
1386 300 1469 332 Illo
1494 302 1630 344 igitur
1651 300 1792 332 tendit
1813 312 2044 342 argumen-

158 360 341 393 tationis
366 358 575 396 effeetus,
611 369 679 388 eos
702 356 774 387 uel
802 355 1002 394 maxime,
1027 353 1100 396 qui
1122 353 1279 385 blande
1303 359 1342 384 et
1363 354 1628 397 suppliciter
1657 359 1827 396 petant,
1861 353 2041 386 facilius

158 412 383 455 designari
410 411 568 448 solere3
607 408 776 452 quando
806 407 1009 450 superbia
1037 406 1308 438 nobiliorum
1340 406 1387 437 ad
1413 406 1627 438 inuidiam
1654 406 1741 437 siue
1768 405 1909 437 odium
1936 418 2043 449 pro-

159 465 326 497 cliuior
356 476 444 496 esse
474 462 706 495 consuerit.
741 461 904 491 SCHOLIA
930 461 1138 492 UATICANA.
1183 460 1223 491 In
1251 460 1322 500 his,
1359 471 1444 502 quae
1471 459 1663 502 praeposita
1692 459 1797 490 uerba
1824 459 1920 491 Tulli
1951 465 2040 499 sunt,

157 518 245 551 nihil
267 529 286 549 a
307 517 441 558 uolgata
462 516 629 559 scriptura
655 513 836 547 Uaticanus
860 513 1040 556 discrepat,
1069 513 1135 545 nisi
1158 513 1248 555 quod
1272 514 1394 545 uitiose
1420 513 1468 545 ibi
1490 524 1553 555 pro
1578 512 1641 543 tibi
1663 511 1790 543 scribit.

240 572 285 604 P.
314 568 483 609 Nasicae)
531 567 683 611 Scipioni
713 566 907 609 Serapioni,
941 567 1000 609 qui
1029 567 1107 598 Tib.
1133 566 1326 598 Gracchum
1354 567 1508 609 priuatus
1537 563 1724 604 interfecit3
1759 563 1836 596 ideo
1867 564 2038 607 sequitur:

158 637 224 671 quo
246 625 322 656 ciue
343 623 513 655 neminem
535 633 597 664 ego
621 626 737 652 statuo
760 620 796 652 ia
821 621 886 652 hac
909 633 945 652 re
960 620 1105 664 publica
1118 618 1377 663 fortiorem.
1421 620 1635 651 BIAxt‘Tlt‘s.
1707 652 1709 654 ,

239 675 388 709 Duabus
420 673 659 707 aedilitatibus
689 673 866 717 repulsus)
911 673 1004 704 Haec
1034 673 1097 704 etsi
1126 672 1226 703 unius
1256 678 1306 703 est
1335 671 1545 704 Erfurtensis
1574 671 1655 702 libri
1677 670 1860 714 scriptura,
1897 669 2039 713 reliquis

155 729 289 762 duabus
311 728 505 760 aedilitatis
528 727 676 770 acceptis
700 727 848 770 repulsis
872 725 1129 765 exhibentibus,
1162 731 1275 756 tamen
1301 737 1389 765 eam,
1425 737 1444 756 a
1467 724 1654 757 Garatonio
1683 725 1724 756 ad
1746 725 1846 756 huius
1878 724 1908 765 ς.
1933 723 2038 754 uerba

155 782 312 826 Appium
334 781 521 813 Claudium
543 779 641 811 unice
662 779 857 822 probatam,
894 790 963 809 non
987 779 1139 810 dubitaui
1162 784 1304 821 propter
1328 790 1400 809 eam
1424 778 1548 821 ipsam,
1583 789 1684 819 quam
1708 777 1913 809 Garatonius
1937 775 2038 807 adtu-

153 835 212 875 lit,
236 845 385 865 caussam
405 833 568 875 recipere.
614 832 702 863 Plut.
726 832 762 863 in
785 832 854 863 uita
876 833 963 864 Mar.
986 843 1013 863 c.
1037 833 1067 864 5.
1092 832 1196 862 uerba
1217 832 1299 862 haec
1321 838 1418 864 sunt:
1468 828 1536 865 Δύο
1559 829 1621 874 γάρ
1645 833 1707 862 εἱσι
1740 829 1846 868 τάξεις
1869 827 2036 873 ἀγορανο-

154 887 263 931 μιῶν,
305 885 327 928 ἦ
350 888 416 928 μὲν
441 883 509 918 ἀπὸ
538 886 606 917 «τῶν
634 884 758 927 δίφρων
786 885 855 917 τῶν
887 881 1144 928 ιῖγκυλοπόὸων,
1189 882 1239 927 ἐφ’
1263 881 1309 917 ὧν
1338 883 1560 927 καθεζόμενοι
1589 883 1867 928 χρηλιιατίζουσιν,
1911 885 2034 926 ἔχουσα,

153 937 307 982 τοῦνομα
328 939 388 980 τῆς
409 937 529 982 ἀρχῆς·
552 936 616 979 τήν
649 937 678 970 δ’
699 937 943 979 ’ὑποδεεστέραν
967 936 1153 980 δημοτικήν
1179 939 1350 970 καλοῦσιν.
1389 937 1493 971 “Ovem
1516 937 1550 969 δὲ
1572 935 1651 972 ’τούς
1674 936 1908 978 ἐντιμοτέρους
1931 936 2036 967 θων-

154 1007 227 1035 ται,
255 992 331 1035 περὶ
353 992 421 1024 τῶν
444 991 565 1033 ἑτέρων
588 986 691 1022 πάλιν
713 989 776 1032 τήν
798 992 918 1034 ψῆφον
949 987 1197 1034 λαμβάνουσιν.
1240 990 1299 1028 Ὡς
1326 989 1387 1024 οὖν
1410 990 1427 1024 ὁ
1451 987 1586 1033 ,Πάριος
1609 988 1752 1032 φανερός
1773 988 1816 1031 ἦν
1839 984 2034 1030 λειπόμενος

153 1050 190 1080 ἐν
213 1045 337 1089 ἐκείνῃ,
376 1043 459 1088 ’ταχύ
489 1042 659 1086 μεταστάς
689 1041 760 1088 ᾔτει
788 1043 851 1086 τήν
881 1044 1007 1087 ἑτέραν.
1051 1041 1154 1081 Δόξας
1184 1044 1218 1077 δὲ
1243 1045 1375 1088 θρασύς
1405 1045 1494 1078 εἶναι
1515 1043 1570 1076 καὶ
1599 1039 1754 1085 αὐθάδης
1779 1040 1938 1085 ἀπέτυχε·
1974 1039 2029 1072 καὶ

152 1100 249 1134 δυσὶν
270 1101 306 1131 ἐν
328 1097 436 1140 ἡμέρᾳ
465 1097 527 1140 μιᾷ
550 1096 738 1139 περιπεσών
761 1095 995 1137 ἄποτεῦξεσιν,
1043 1097 1198 1141 &sti-156&
1228 1100 1360 1131 ἔπειθεν
1384 1097 1499 1138 ἄλλος,
1550 1094 1626 1129 οὐδὲ
1647 1095 1769 1139 μικρὸν
1791 1091 1944 1138 ὑφήκατο
1968 1088 2031 1125 τοῦ

151 1150 381 1198 φρονή,ιιατος.
428 1150 589 1182 Ceterum
615 1149 676 1181 cfr.
701 1161 784 1192 quae
808 1150 938 1192 Proleg.
963 1152 1002 1182 L.
1027 1151 1070 1182 II.
1095 1151 1132 1182 C.
1157 1152 1182 1182 I.
1209 1152 1238 1192 §.
1261 1151 1292 1182 4.
1316 1152 1379 1183 hoc
1403 1152 1444 1183 de
1467 1152 1540 1182 1000
1563 1149 1769 1182 monuimus.

238 1211 268 1252 ς.
292 1210 343 1241 52.
377 1208 538 1251 Benigne
566 1221 588 1240 a
607 1209 735 1253 populo
761 1207 898 1250 factum
921 1209 1110 1249 uideretur)
1154 1209 1314 1241 Detracto
1338 1216 1494 1253 sumptu,
1533 1208 1591 1251 qui
1612 1208 1648 1239 111
1670 1207 1768 1239 ludos
1803 1207 1843 1239 ab
1867 1204 2030 1238 aedilibus

150 1263 323 1297 faciendus
346 1266 434 1298 erat,
467 1271 543 1291 cum
566 1260 631 1303 ipsi
654 1273 723 1292 non
749 1267 859 1293 essent
882 1261 980 1292 ualde
1007 1261 1140 1293 diuites.
1184 1262 1410 1295 Eas-Esncs.

237 1315 413 1349 Tribunus
435 1314 588 1345 militzmz
610 1314 654 1346 L.
679 1315 869 1358 Philippus
890 1333 932 1339 —
952 1315 1051 1359 facti
1072 1328 1138 1348 non
1161 1315 1254 1358 sunt)
1300 1316 1391 1348 Miro
1415 1326 1531 1347 errore
1554 1314 1590 1345 in
1614 1315 1787 1358 plerisque
1813 1312 2029 1349 editionibus,

152 1369 297 1407 Graeui,
330 1366 483 1405 Ernesti,
519 1366 674 1406 Schutzi,
707 1368 920 1410 aliorumque
950 1380 1081 1400 comma
1109 1375 1186 1412 post
1216 1369 1369 1401 militum
1397 1375 1446 1400 est
1474 1368 1634 1411 positum.
1680 1369 1776 1410 Quae
1804 1379 1857 1399 res
1885 1365 2030 1398 adduxit

149 1420 352 1457 Wolffium,
376 1426 414 1451 ut
437 1425 572 1461 putaret
595 1421 795 1452 Ciceronem
818 1421 945 1461 dicere,
968 1424 1010 1454 L.
1033 1423 1248 1464 Philippum,
1273 1423 1310 1454 C.
1336 1422 1498 1460 Caelium,
1523 1427 1556 1452 et
1580 1421 1727 1463 reliquos
1753 1420 1810 1462 qui
1832 1430 2029 1451 conmemo-

150 1480 269 1505 rantur
299 1472 470 1504 aedilitate
499 1484 568 1503 esse
597 1474 808 1516 praeteritos.
853 1475 962 1517 Atqui
989 1475 1091 1506 modo
1130 1475 1263 1517 negauit
1299 1482 1413 1507 orator
1443 1487 1478 1507 se
1507 1475 1675 1506 aedilicias
1703 1468 1848 1518 amplius
1876 1473 2028 1516 repulsas

151 1526 382 1557 conlecturum
408 1537 496 1565 esse;
535 1526 622 1557 nihil
646 1533 682 1558 ut
704 1539 860 1559 moneam
885 1528 926 1559 de
952 1529 1083 1571 reliqua
1105 1528 1393 1570 interpretationis
1416 1529 1510 1561 istius
1536 1529 1768 1572 peruersitate.
1813 1528 1932 1560 Cicero
1963 1525 2029 1558 tri-

150 1577 280 1609 bunum
302 1578 451 1609 militum
474 1590 542 1609 11011
567 1590 637 1610 esse
658 1579 784 1612 factum
808 1583 850 1613 L.
876 1582 1074 1625 Philippum
1101 1581 1195 1620 dicit,
1233 1581 1291 1622 qui
1311 1588 1427 1624 postea
1454 1581 1557 1613 fuerit
1579 1583 1709 1620 consul,
1739 1588 1820 1613 etc..

234 1631 405 1670 Quaestor
428 1631 462 1664 C.
485 1632 637 1673 Caelius)
684 1634 740 1665 Sic
767 1635 947 1676 legendum
976 1640 1044 1673 est,
1080 1645 1166 1672 non,
1202 1641 1241 1665 ut
1264 1636 1383 1677 uolgo,
1419 1635 1460 1675 Q.
1485 1635 1632 1668 Caelius.
1675 1635 1742 1667 Hic
1771 1634 1862 1666 enim
1892 1638 1942 1665 est
1969 1631 2028 1663 ille

150 1682 189 1715 C.
221 1683 354 1715 Caelius
386 1684 527 1726 Caldus,
565 1686 623 1727 qui
653 1687 824 1729 repulsam
851 1688 932 1719 tulit
966 1687 1001 1718 in
1033 1693 1227 1729 quaestura3
1269 1688 1479 1719 consulatum
1508 1694 1620 1719 autem
1651 1687 1798 1719 obtinuit
1827 1699 1880 1718 an.
1911 1687 1956 1719 U.
1987 1685 2025 1717 C.

147 1737 309 1768 DCLIX.
333 1738 506 1780 conlegam
531 1744 646 1769 nactus
669 1740 710 1771 L.
727 1740 918 1771 Domitium
941 1739 1220 1772 Ahenobarbum.
1244 1741 1449 1772 LAMBINFS.
1493 1742 1604 1773 Nemo
1628 1741 1735 1772 ullum
1760 1741 1886 1772 librum
1908 1739 2028 1771 lauda-

147 1788 215 1828 uit,
242 1789 300 1830 qui
322 1789 357 1822 C.
379 1791 518 1823 Caelius
539 1792 697 1830 haberet3
722 1804 842 1824 uerum
865 1804 942 1824 cum
966 1793 1013 1823 ita
1034 1804 1241 1835 praenomen
1265 1793 1497 1824 emendassent
1520 1793 1688 1825 Corradus
1710 1793 1751 1824 ad
1774 1794 1870 1825 Brut.
1893 1805 1928 1836 p.
1953 1793 2025 1834 287,

149 1840 201 1873 ed.
223 1841 335 1880 Flor.,
369 1843 559 1882 Manutius,
592 1851 626 1876 et
647 1845 851 1886 Lambinus,
883 1846 917 1876 id
947 1853 1121 1888 receptum
1151 1846 1374 1888 omnibusque
1395 1846 1628 1878 transmissum
1661 1858 1680 1877 a
1703 1847 1853 1878 Grutero
1879 1845 1958 1883 suit,
1993 1851 2027 1877 et

148 1893 298 1936 aPighio
321 1895 502 1937 probatum
524 1896 565 1927 ad
587 1909 639 1929 an.
656 1898 827 1938 DCLIX.,
851 1910 928 1930 cum
951 1910 1065 1929 omnes
1088 1905 1165 1930 ante
1184 1899 1303 1930 Lamb.
1330 1899 1411 1930 editi
1434 1906 1467 1931 et
1491 1900 1563 1931 cod.
1588 1899 1686 1931 Barb.
1709 1899 1861 1937 habeant,
1885 1899 1926 1939 Q.
1943 1899 2027 1931 Cae-

148 1946 229 1978 lius.
274 1947 454 1980 Sollemnis
487 1956 600 1981 autem
626 1951 716 1983 illast
743 1952 960 1993 permutatio.
1005 1951 1095 1984 Uide
1128 1963 1212 1994 quae
1244 1952 1285 1983 de
1309 1953 1346 1984 C.
1373 1952 1519 1984 Seruilio
1542 1952 1654 1984 Ahala
1681 1952 1830 1984 diximus
1852 1951 1895 1983 ad
1920 1963 1948 1983 c.
1972 1952 2023 1984 52.

148 2010 212 2043 pro
236 1998 348 2032 domo.
396 2001 656 2036 GARATONIUS.

236 2052 295 2085 Cn.
318 2053 469 2097 Orestes)
514 2056 569 2087 Sic
590 2058 786 2100 legendum,
810 2070 889 2097 non,
912 2064 950 2089 ut
971 2059 1094 2090 uolunt
1117 2058 1263 2100 quidam,
1287 2059 1323 2092 C.
1347 2059 1503 2092 Orestes.-
1528 2058 1583 2090 hic
1605 2064 1655 2090 est
1677 2058 1766 2090 enim
1788 2058 1847 2090 ille
1871 2059 1932 2091 Cn.
1945 2059 2024 2092 Au-

147 2103 246 2136 fidius
275 2105 430 2145 Orestes,
467 2108 525 2149 qui
553 2111 670 2142 consul
699 2111 804 2144 sactus
834 2118 884 2144 est
912 2123 1000 2143 anno
1030 2112 1070 2143 ab
1100 2113 1144 2145 U.
1169 2112 1206 2143 C.
1233 2113 1484 2144 DCLXXXH.
1516 2123 1593 2143 cum
1617 2112 1654 2143 P.
1687 2112 1846 2144 Cornelio
1874 2113 2022 2145 Lentulo

146 2157 243 2189 Sura.
285 2159 490 2191 Lmissixvs.

230 2211 324 2251 Quos
348 2217 461 2244 tamen
484 2215 594 2247 omnis
616 2217 769 2249 consules
781 2217 902 2261 fizctos
932 2219 1059 2250 scimus
1084 2216 1168 2258 esse)
1195 2235 1237 2241 —
1260 2218 1291 2258 ¹)
1321 2223 1548 2250 exsecutus
1580 2217 1799 2260 congestis
1832 2217 2023 2249 nomini-

147 2260 222 2295 bus
253 2265 545 2308 plurimorum
567 2269 747 2303 uidetur
768 2271 877 2302 mihi
897 2271 1065 2314 aliquid
1090 2277 1130 2303 et
1151 2270 1199 2302 ad
1223 2270 1542 2302 consolandum
1564 2271 1845 2303 Laterensem
1865 2269 2021 2312 facere,

225 2417 252 2458 ι)
289 2420 406 2462 Supple
427 2425 486 2455 duo
507 2426 605 2456 ferme
624 2428 783 2458 uocabula.
822 2428 860 2458 A.
880 2429 999 2459 Mnus.

1568 2482 1603 2510 31
