2185 2720
114 159 167 186 192
763 145 1340 176 COMMENTARIUS.

117 224 419 263 existimetur,
458 220 688 253 adseuerat
719 221 918 265 Cispium
948 221 1029 254 hoc
1059 231 1158 253 suae
1191 218 1416 251 orationis
1450 217 1629 251 adfectu
1656 232 1743 252 non
1771 221 1989 264 indignum

115 278 266 317 fuisse,
304 287 392 307 cum
421 273 539 317 quo¹)
570 280 669 317 post
704 274 926 306 amicitiae
955 272 1364 305 reconciliationem
1394 272 1456 304 ita
1482 271 1757 315 participatu
1786 274 1992 306 fortunae

115 341 218 364 suae
240 329 434 360 dolorem
466 327 672 367 senserit,
704 334 751 359 ut
778 327 959 370 inpense
985 325 1109 367 diligi
1137 331 1390 356 mereretur.
1420 326 1583 357 SCHOLIA
1608 325 1868 360 AMBRosIANA.
1911 329 1993 361 Non

116 382 360 426 neglegendum
383 386 446 420 est,
480 380 586 411 uerbo
609 380 824 413 lacrumulae
851 378 1031 422 significari
1053 389 1129 408 cum
1151 378 1232 409 alibi
1260 390 1395 421 semper
1417 384 1490 409 tum
1513 378 1578 409 hoc
1599 377 1674 408 loco
1697 377 1882 410 laci-umam
1904 380 1995 413 eius-

115 437 221 475 modi,
255 445 354 477 qumn
376 432 450 475 quis
472 443 543 464 non
564 433 673 465 uictus
694 433 788 465 luctu
811 431 983 473 ecfundat‚
1013 437 1064 463 set
1085 429 1266 462 simulandi
1288 430 1412 463 doloris
1437 442 1551 462 caussa
1575 429 1690 461 oculos
1713 430 1918 463 conterendo
1939 432 1997 464 uel

117 490 181 521 alia
203 488 333 520 ratione
356 484 461 516 oculis
488 490 700 526 extorqueat.

209 540 314 578 Uide,
345 550 449 582 quam
470 549 523 570 me
544 537 640 569 uerbi
663 538 717 570 tui
733 537 927 582 paeniteat)
969 537 1061 571 Male
1083 537 1111 569 B
1134 542 1168 568 et
1187 535 1217 568 E
1239 547 1298 575 ¹me
1319 546 1511 578 pronomen
1533 533 1706 567 omittunt.
1750 535 1841 568 Uide
1862 536 1996 581 Proleg.

118 596 159 628 L.
184 594 227 625 II.
255 593 293 625 C.
315 594 342 624 Ι.
370 591 400 633 §.
422 590 452 624 5.
477 601 513 635 p.
535 590 692 623 XXXI..

875 671 904 706 C
931 670 963 706 A
988 672 1029 705 P.
1079 669 1239 704 XXXII.

205 745 234 786 ς.
260 756 309 787 77.
351 745 397 778 L.
417 743 552 786 Racili)
597 743 746 776 Racillii
776 742 847 774 uidi
875 743 1025 786 primum
1052 742 1089 773 in
1110 739 1360 780 Lambinianis‚
1397 750 1478 782 quas
1502 740 1623 780 Grut.,
1658 741 1802 780 Graeu.‚
1838 747 1870 774 et
1891 741 1997 774 Uerb.

119 797 225 830 secuti
254 802 350 837 sunt,
382 803 431 829 set
456 797 550 830 Oliu.
579 807 616 828 ac
637 796 781 828 Lallem.
810 795 933 827 rectius
964 795 1018 827 hic
1041 801 1074 826 et
1095 795 1196 838 paulo
1219 793 1307 825 infra
1330 794 1484 833 Racilii,
1516 799 1557 825 ut
1577 793 1650 824 cod.
1673 793 1771 825 Barb.
1795 800 1828 826 et
1847 806 1943 827 meus
1965 801 2000 827 et

120 861 251 889 omnes,
289 849 423 893 opinor.
467 850 518 881 Ita
545 849 646 880 huius
675 860 800 880 nomen
824 848 983 880 scribitur
1014 847 1113 879 etiam
1135 848 1178 878 II.
1202 847 1241 878 ad
1265 847 1308 888 Q.
1332 845 1374 879 fr.
1401 858 1428 878 1.
1463 852 1496 877 et
1518 847 1545 878 I.
1567 846 1609 877 ad
1633 846 1714 878 Diu.
1739 858 1788 888 7.‚
1825 847 1884 890 qui
1905 847 1999 879 locus

119 913 326 946 praenomen
355 902 387 933 ei
416 901 518 934 fuisse
542 903 655 935 Lucio
683 901 876 942 confirmat,
911 899 1000 943 quod
1029 899 1104 931 heic
1131 898 1221 931 infra
1242 905 1375 931 mutant
1403 898 1440 929 in
1462 899 1514 931 M.
1535 899 1692 941 plerique
1713 899 1853 931 codices.
1895 899 1999 932 Alius

119 962 170 987 est
190 956 232 987 L.
250 955 401 987 Racilius
426 956 469 986 II.
492 955 528 986 in
551 956 652 988 Uerr.
679 965 746 995 12.,
782 954 840 996 qui
863 965 940 985 cum
958 953 1024 984 hoc
1048 951 1084 982 in
1105 951 1180 983 Ind.
1200 951 1291 983 Hist.
1315 952 1377 983 cel.
1400 951 1537 983 Ernesti
1562 950 1792 982 confunditur.
1835 951 2001 984 Incertam

119 1014 250 1040 tantum
272 1008 351 1039 licet
373 1007 598 1039 coniecturam
620 1006 748 1047 facere,
786 1006 885 1038 illum
907 1011 1038 1049 patrem
1060 1003 1160 1035 huius
1181 1003 1300 1044 fuisse,
1334 1003 1393 1046 qui
1413 1015 1514 1045 eques
1537 1003 1712 1035 Romanus
1741 1003 1777 1034 iu
1799 1003 1915 1036 Sicilia
1937 1016 2002 1036 ne-

119 1061 311 1104 gotiaretur.
356 1060 486 1092 Tamen
516 1060 575 1093 ille
602 1071 736 1102 quoque
763 1059 855 1090 locus
884 1057 1070 1101 conprobat
1097 1056 1276 1089 Raciliam
1305 1062 1458 1098 gentem,
1495 1067 1565 1087 non
1593 1056 1809 1096 Racilliam3
1848 1063 1887 1089 ut
1916 1064 2000 1101 aput

119 1114 198 1146 Liu.
221 1114 290 1152 III,
314 1113 365 1145 26.
395 1114 538 1146 Racilia
561 1112 753 1145 Cincinnati
774 1124 880 1152 uxor,
912 1117 946 1142 et
967 1111 1065 1143 uicus
1086 1109 1295 1141 Racilianus
1316 1107 1354 1139 in
1375 1108 1466 1140 XIV
1467 1130 1476 1139 .
1499 1107 1592 1140 urbis
1616 1108 1754 1150 regione
1774 1116 1857 1152 aput
1878 1110 2001 1144 Uicto-

119 1177 205 1198 rem.
248 1166 404 1198 Notanda
426 1178 507 1198 uero
537 1165 596 1197 illa
618 1172 696 1197 sunt
717 1165 759 1197 ad
780 1166 823 1207 Q.
846 1164 887 1196 fr.
909 1164 932 1196 1.
955 1175 1002 1195 c.:
1041 1165 1082 1195 de
1105 1161 1252 1194 tribunis
1270 1160 1383 1205 plebis
1412 1161 1515 1204 longe
1536 1166 1715 1204 optumum
1736 1163 1916 1195 Racilium
1937 1164 2002 1197 ha-

121 1219 255 1258 bemus3
278 1220 418 1251 uidetur
441 1220 545 1252 etiam
566 1219 745 1252 Antistius
767 1219 899 1251 amicus
922 1216 1016 1249 nobis
1029 1215 1133 1260 fore.-
1155 1227 1237 1247 nam
1257 1213 1428 1247 Plancius
1451 1219 1543 1245 totus
1566 1219 1681 1246 noster
1698 1219 1760 1246 est.
1804 1214 1937 1258 Scripta
1953 1222 2004 1249 est

123 1271 267 1315 epistula
286 1271 436 1304 Lentulo
460 1278 494 1303 et
514 1272 655 1304 Metello
678 1283 761 1304 coss.
782 1281 899 1302 mense
918 1268 1101 1302 Decembri
1123 1279 1177 1300 an.
1200 1268 1285 1310 697„
1308 1277 1412 1309 quom
1434 1265 1549 1308 paucis
1570 1265 1639 1298 illis
1663 1266 1779 1300 diebus
1802 1268 1932 1301 tribuni
1952 1269 2003 1313 pl.

123 1325 359 1367 magistratum
382 1324 532 1356 inissent.
579 1325 839 1356 GARATONIUS.

206 1377 305 1409 Sicut
329 1379 366 1410 in
387 1378 551 1419 Plancio)
595 1378 649 1409 Sic
671 1378 783 1420 inepte
806 1376 933 1408 codices
957 1375 1000 1407 ad
1021 1386 1128 1406 unum
1151 1384 1266 1405 omnes
1289 1371 1459 1410 scribunt3
1496 1371 1685 1404 Lambinus
1705 1373 1829 1416 igitur,
1865 1373 1921 1406 cui
1941 1373 2005 1406 ad-

122 1430 265 1463 sentitur
289 1429 511 1469 Gai-atomus,
545 1431 650 1463 sicuti
671 1432 818 1464 Plancio
841 1429 1051 1461 scribendum
1074 1426 1182 1459 duxit.
1226 1426 1364 1465 „Immo
1391 1424 1428 1456 in
1449 1423 1528 1455 illut
1549 1430 1664 1456 ortum
1687 1432 1737 1458 est
1757 1438 1801 1458 ex
1823 1433 1904 1459 uota
1924 1427 2003 1461 Cn..-

123 1494 331 1527 praenomen
354 1482 445 1513 enim
467 1483 613 1524 requirit
635 1483 796 1515 orationis
823 1482 1045 1520 concinnitas,
1077 1491 1154 1511 cum
1175 1477 1266 1509 idem
1289 1477 1323 1509 h.
1347 1477 1371 1508 l.
1392 1477 1515 1510 Racili
1536 1478 1669 1509 nomini
1689 1485 1935 1522 praeponatur,
1967 1486 2006 1512 ut

122 1534 214 1568 infra
236 1535 396 1579 (Plancio
419 1535 591 1575 deberem,
624 1537 744 1569 Racili
767 1534 951 1578 beneficiis)
975 1540 1052 1564 ante
1074 1539 1256 1572 utrumque
1278 1529 1460 1561 omittitur.
1503 1529 1586 1561 Eius
1608 1530 1658 1562 rei
1683 1531 1862 1574 uestigium
1881 1543 2006 1576 super-

125 1595 174 1620 est
195 1589 296 1619 etiam
318 1588 354 1620 in
375 1588 479 1619 schol.
505 1588 586 1620 Mai.
609 1600 644 1631 p.
667 1599 735 1630 172.
759 1593 1006 1621 extenuaturus
1030 1586 1154 1618 merita
1176 1584 1235 1616 Cn.
1257 1583 1385 1616 Planci
1407 1600 1448 1607 —-
1472 1583 1514 1615 de
1537 1582 1583 1615 L.
1605 1584 1712 1616 etiam
1731 1584 1873 1617 Racilio
1896 1597 2004 1630 quae-

126 1642 207 1674 dam
219 1642 422 1674 Laterensis
446 1647 768 1674 conmemorauerat.
791 1641 853 1672 etsi
874 1641 956 1672 haec
975 1637 1142 1670 adnotatio
1165 1637 1205 1669 ad
1219 1636 1421 1668 inferiorem
1440 1635 1555 1667 locum
1572 1635 1775 1678 pertineat.“
1798 1637 2002 1671 ORELLIUS.

125 1695 225 1726 Hanc
248 1693 518 1725 emendationem
543 1693 771 1736 recipiendam
794 1693 923 1737 putaui.

210 1747 416 1791 Semperque
431 1759 522 1791 prae
542 1759 594 1779 me
606 1746 742 1790 feram)
787 1745 909 1778 Monui
931 1745 999 1777 iam
1023 1744 1153 1786 Proleg.
1175 1744 1218 1776 L.
1240 1743 1284 1775 Il.
1309 1743 1347 1775 C.
1370 1742 1397 1774 Ι.
1422 1741 1527 1784 §.14.
1551 1751 1587 1784 p.
1610 1740 1689 1780 LI.‚
1711 1740 1821 1773 uideri
1841 1741 1892 1774 M.
1915 1742 2005 1774 Tul-

127 1799 213 1831 lium
242 1812 440 1844 semperque
462 1799 666 1843 praeferam
696 1799 876 1842 scripsisse.
919 1798 1042 1837 Addo,
1078 1797 1193 1828 eodem
1222 1795 1382 1838 loquendi
1403 1805 1526 1837 genere
1550 1805 1649 1825 usum
1670 1794 1893 1836 interpretem
1914 1795 2004 1828 Am·-

127 1848 322 1884 brosianum
345 1863 414 1883 esse
441 1851 484 1882 ad
505 1852 542 1883 C.
565 1852 665 1884 XIV.
689 1852 718 1893 §-
743 1852 794 1884 55.
836 1852 993 1884 Grauius
1010 1862 1215 1895 praeconem
1236 1861 1314 1881 cum
1336 1847 1521 1885 inrisione,
1562 1858 1665 1890 quam
1686 1848 1886 1880 Romanum
1906 1849 2005 1892 equi-

129 1911 197 1938 tem
218 1917 296 1937 cum
318 1905 434 1937 dolore
455 1905 583 1936 dixisse
590 1916 602 1943 ,-
624 1916 701 1936 cum
723 1905 820 1937 dolor
840 1910 1040 1937 excussatus
1062 1904 1108 1935 sit
1131 1903 1250 1946 inpetu
1273 1901 1425 1945 cogentis
1448 1900 1612 1939 iniuriae,
1635 1901 1727 1933 risus
1751 1901 2003 1934 inmoderatam

124 1958 329 2002 plerumque
353 1958 617 1991 contumeliosae
638 1958 806 1990 audaciae
827 1958 1003 1991 licentiam
1027 1955 1221 2001 praeferat.
1263 1955 1346 1988 Alia
1366 1953 1466 1985 huius
1489 1952 1669 1985 locutionis
1693 1953 1851 1996 exempla
1871 1953 2005 1997 Proleg.

129 2011 152 2042 l.
178 2010 202 2042 1.
225 2010 344 2041 adtuli.

214 2062 332 2106 Atque
353 2063 489 2095 utinam
495 2087 506 2102 ‚
541 2076 643 2107 quam
665 2075 728 2107 ego
750 2076 826 2096 sum
848 2064 885 2096 in
907 2063 1008 2095 illum
1028 2067 1176 2106 gratus,
1211 2067 1283 2093 tam
1305 2060 1461 2092 licuisset
1475 2072 1542 2104 per
1560 2059 1736 2092 hominum
1758 2059 1831 2091 uim
1853 2065 1886 2092 et
1911 2060 2006 2093 iniu-

130 2115 222 2147 riam
248 2116 375 2159 populi
401 2117 554 2148 Romani
581 2117 614 2149 ei
640 2117 798 2160 gratiam
825 2115 964 2159 referri)
1009 2114 1064 2146 Sic
1092 2120 1233 2157 excepto
1261 2114 1344 2145 Bau.
1372 2111 1409 2143 in
1432 2112 1587 2144 omnibus
1616 2111 1708 2142 codd.
1730 2111 1908 2153 scribitur,
1940 2111 2006 2144 nisi

131 2167 220 2209 quod
239 2168 338 2199 multi
363 2179 427 2211 pro
444 2169 571 2212 populi
590 2169 744 2202 Romani
766 2168 994 2211 conpendium
1014 2179 1049 2211 p.
1070 2167 1117 2200 R.
1140 2167 1276 2198 habent.
1320 2165 1536 2205 „Lambinus
1560 2163 1660 2204 dedit,
1687 2170 1758 2197 tam
1778 2165 1866 2198 mihi
1886 2164 2007 2198 licuis-

131 2226 182 2253 set
204 2226 238 2252 et
259 2219 409 2264 referre,
436 2231 535 2252 uoces
551 2222 678 2265 populi
698 2222 850 2254 Romani
875 2220 1032 2259 retinuit,
1068 2230 1137 2250 esse
1157 2225 1269 2250 tamen
1290 2217 1429 2250 fortasse
1451 2217 1606 2250 delendas
1632 2218 1765 2249 notauit
1785 2217 1821 2248 in
1842 2214 2006 2256 margine·

131 2273 212 2305 Non
232 2271 305 2304 fero
328 2274 496 2307 iniuriam
514 2275 641 2318 populi
661 2275 832 2314 Romani,
854 2285 924 2305 non
946 2272 1024 2316 quia
1045 2271 1146 2304 nimis
1169 2278 1218 2304 cst
1238 2283 1360 2315 graue,
1383 2283 1506 2303 uerum
1522 2270 1704 2315 praecipue
1727 2269 1806 2313 quia
1825 2265 2006 2312 praecedit,

208 2400 235 2439 1)
272 2399 407 2430 Uidetur
433 2400 648 2440 corrigendum
673 2411 743 2429 cum
768 2402 805 2429 is.
842 2398 922 2428 Nam
943 2398 1069 2438 Cispius
1098 2397 1198 2428 exulis
1218 2396 1379 2427 Ciceronis
1398 2397 1542 2428 misertus
1562 2396 1680 2433 fuerat,
1712 2399 1748 2425 ut
1774 2393 1861 2423 uides
1885 2392 1920 2422 in
1945 2391 2005 2422 1100

132 2446 201 2476 loco
222 2447 380 2477 orationis.
417 2449 456 2479 A.
475 2450 595 2478 MAms.
