2185 2720
142 156 194 184 126
789 147 1354 178 COMMENTARIUS.

140 231 283 258 matur
319 222 649 267 conspiratione
690 222 822 266 magis
867 222 1122 264 iniquorum
1164 221 1375 263 iudicum,
1420 235 1542 266 quam
1582 226 1775 259 criminis
1818 227 2003 259 ueritate

141 277 384 309 conuictus.
424 278 587 309 ScnomA
608 276 868 308 AMBROSIANA.
913 274 1003 309 Uide
1025 275 1157 318 Proleg.
1181 276 1223 306 L.
1247 275 1307 306 III.
1331 275 1369 307 C.
1392 277 1452 308 III.
1481 278 1510 319 §.
1534 277 1564 309 3.
1587 289 1621 321 p.
1643 280 1830 313 LXXIX..

228 330 257 372 §.
280 329 332 360 41.
362 330 445 363 ,Non
468 331 560 362 enim
574 329 759 360 -idcirco
782 329 851 360 ista
872 329 977 360 editio
993 341 1060 373 per
1082 341 1117 361 se
1138 341 1205 361 non
1228 327 1350 360 acerba
1367 330 1429 370 est)
1472 330 1778 362 Periculosius
1800 331 1917 374 aliqu
1928 344 2002 364 an-

140 390 226 415 tum
252 382 400 413 suerat
423 388 611 420 euectus,
639 386 685 411 ut
705 380 783 412 hoc
811 381 1004 422 dicendo,
1036 381 1221 413 uoluisti
1242 381 1477 422 Plancium,
1512 383 1783 423 Laterensis,
1811 390 1913 426 aput
1934 385 2004 416 in-

140 436 292 468 imicos
320 435 485 468 iudices
513 432 724 471 accusari,
760 432 1007 465 offenderet
1037 433 1204 466 animos
1236 446 1396 474 eorum,
1430 436 1503 476 qui
1533 441 1654 466 erant
1685 435 1733 466 de
1760 446 1883 468 causa
1903 448 2004 480 pro-

140 487 400 522 nuntiaturi.
444 487 701 529 Uigilanter
723 485 842 528 itaqu
856 497 874 516 e
897 486 1024 518 illum
1048 486 1216 529 quidem
1239 487 1318 518 hoc
1339 487 1469 519 animi
1491 487 1695 520 habuisse
1717 495 1901 521 testatus
1927 496 2005 529 est,

140 549 184 575 ut
212 552 308 572 reus
338 540 499 582 iniquis
529 537 752 570 iudicibus
782 545 1001 580 uteretur,
1045 546 1107 572 set
1136 539 1361 572 fortunam
1394 540 1532 571 multo
1561 539 1819 583 prosperius
1849 552 2007 573 secun-

140 596 277 633 dasse,
319 599 360 625 ut
388 592 477 623 uiri
507 597 724 635 spectatae
753 590 1040 625 humanitatis
1076 599 1117 625 et
1143 593 1430 636 incorruptae
1459 592 1693 634 religionis
1724 592 1766 624 in
1797 594 1901 625 hanc
1932 605 2006 626 co-

141 647 384 690 gnitionem
407 644 627 683 uenirent,
663 655 767 686 quae
791 644 1014 677 innocenti
1036 657 1108 677 reo
1132 645 1282 678 obesse
1304 657 1391 678 non
1412 651 1568 689 posset.
1613 645 1780 677 Iudices
1803 657 1901 688 ergo
1923 658 2005 678 non

141 700 284 738 laesit,
320 704 359 729 et
380 696 654 740 propositum
679 696 898 728 malitiosi
922 698 1187 730 accusatoris
1220 698 1418 730 ostendit.
1449 699 1611 730 SCHOLIA
1633 699 1891 731 AMBROSIANA.
1935 699 2006 730 Ea-

141 753 218 784 dem
241 757 311 782 arte
332 762 410 781 usus
434 756 483 781 est
506 749 622 781 Cicero
645 761 706 792 pro
731 749 825 781 Sulla
845 750 1014 788 XXXIII,
1040 761 1091 793 92.
1123 750 1191 782 Uos
1212 752 1393 784 reiectione
1415 752 1619 795 interposita
1640 753 1731 784 nihil
1751 751 2005 795 suspicantibus

140 805 235 838 nobis
260 803 430 847 repentini
455 803 492 834 in
509 815 570 834 nos
594 804 724 835 iudices
747 803 959 841 consedistis,
981 803 1023 834 ab
1040 805 1313 837 accussatorihas
1331 806 1453 837 delecti
1474 806 1522 837 ad
1542 817 1636 848 spem
1656 804 1867 843 acerbitatis,
1889 803 2004 847 afor-

140 866 227 892 tuna
249 857 343 889 nobis
366 857 413 887 ad
428 856 648 898 praesidium
671 856 884 888 innocentiae
907 857 1097 888 constituti.

226 910 286 942 Ad
309 906 505 950 carnifices)
549 909 627 940 Uno
658 908 796 939 nomine
829 907 1035 952 carniste-mn
1065 908 1308 951 conprehendit
1333 921 1416 952 quos
1443 909 1546 952 paulo
1575 914 1652 940 ante
1677 907 1918 947 inexorabilis,
1950 909 2004 941 in-

140 965 325 999 humanos,
349 961 498 993 crudelis
522 960 666 993 dixerat.

224 1015 361 1048 Idcirco
393 1015 462 1046 ista
495 1015 599 1046 editio
627 1026 690 1058 per
720 1027 755 1047 se
787 1026 853 1045 non
885 1013 1053 1056 acerbam)
1098 1014 1138 1045 In
1172 1025 1240 1045 uno
1270 1014 1340 1048 Ox.
1376 1020 1426 1045 est
1458 1014 1619 1046 conditio.
1661 1013 1771 1044 Immo
1808 1011 1927 1044 acerba
1956 1019 2006 1044 est

140 1069 290 1101 conditio
308 1079 374 1111 per
397 1079 448 1105 se,
482 1078 549 1099 non
572 1067 764 1098 Laterensis
788 1067 916 1106 editio3
949 1077 1010 1096 nec
1033 1065 1200 1098 defensori
1223 1066 1322 1097 aliter
1344 1066 1464 1098 licebat
1485 1065 1590 1108 loqui.
1625 1066 1883 1097 GARATONIUS.
1927 1064 2006 1096 Pri-

139 1133 234 1154 mum
272 1119 365 1151 nulla
403 1130 539 1161 prorsus
577 1118 676 1150 unius
710 1119 789 1150 libri
822 1119 890 1150 Ox.
928 1118 1020 1151 illius
1059 1119 1236 1151 auctoritas
1274 1125 1333 1152 est.
1378 1119 1508 1151 Deinde
1545 1130 1625 1149 uero
1659 1117 1850 1148 rectissume
1880 1127 1915 1148 se
1941 1116 2004 1148 ha·-

140 1175 195 1206 bet
218 1173 333 1205 editio.
377 1173 467 1203 Nam
489 1171 600 1203 uerbis
624 1173 693 1204 ista
716 1173 821 1204 editio
845 1171 1051 1214 significatur
1074 1172 1237 1204 eiusmodi
1260 1171 1407 1203 iudicum
1432 1171 1552 1210 editio,
1575 1176 1610 1201 ut
1631 1175 1814 1200 accussator
1837 1180 1920 1210 quos
1942 1181 2005 1200 ue-

140 1227 181 1258 lit
204 1225 329 1256 iudices
353 1236 395 1256 ex
418 1225 523 1256 tribus
546 1224 697 1255 tribubus
722 1225 838 1267 eligat,
876 1236 1021 1266 quorum
1053 1238 1152 1257 nemo
1186 1226 1225 1256 ab
1249 1237 1307 1256 reo
1332 1224 1413 1256 reici
1435 1224 1551 1266 possit.
1597 1223 1681 1255 Eam
1704 1234 1770 1266 per
1792 1234 1827 1254 se
1847 1221 2005 1254 acerbam

141 1291 218 1310 cum
242 1277 338 1316 dicit,
363 1276 526 1319 significat
546 1276 700 1306 acerbam
723 1288 793 1308 esse
817 1278 917 1309 etiam
940 1290 1008 1309 non
1032 1278 1144 1309 habita
1166 1278 1296 1309 ratione
1318 1277 1416 1309 huius
1438 1288 1587 1315 caussae,
1611 1276 1647 1306 in
1669 1286 1734 1317 qua
1755 1274 1845 1306 forte
1868 1274 2004 1306 fortuna

141 1330 314 1371 acciderit,
342 1336 377 1361 ut
398 1329 522 1361 iudices
546 1340 613 1361 nou
637 1335 747 1361 essent
773 1330 957 1371 carnifices,
991 1331 1098 1373 qualis
1121 1331 1217 1361 edere
1242 1330 1390 1361 uoluerit
1411 1329 1612 1362 Laterensis.

908 1418 936 1451 C
963 1417 994 1453 A
1018 1419 1065 1453 P.
1116 1418 1236 1453 XVII.

225 1491 282 1524 An
307 1501 387 1522 uero
410 1501 519 1533 nuper
542 1489 738 1520 clarissumi
760 1489 851 1521 ciues
875 1502 995 1522 nomen
1018 1491 1069 1522 ecl.
1094 1491 1166 1523 iud.
1188 1502 1255 1521 non
1282 1489 1450 1532 tulerunt)
1496 1489 1663 1532 Opinatus
1686 1488 1768 1520 olim
1791 1498 1883 1518 eram
1914 1493 1947 1518 et
1968 1487 2003 1518 in

145 1546 208 1577 hoc
230 1545 304 1574 loco
329 1548 361 1572 et
383 1542 418 1572 in
441 1553 501 1572 sex
525 1541 598 1572 aliis
622 1541 788 1572 Tullianis
811 1542 1027 1573 scribendum
1049 1543 1121 1575 Ain
1145 1545 1251 1575 uero?
1274 1555 1335 1586 pro
1358 1543 1416 1576 An
1440 1554 1521 1574 uero
1545 1554 1633 1580 esse,
1656 1541 1718 1572 hac
1741 1540 1857 1571 ductus
1882 1551 2004 1579 caussa,

143 1597 232 1640 quod
259 1607 341 1638 quae
372 1605 542 1636 proxume
570 1601 728 1625 secuntur
758 1595 877 1633 uerba,
901 1607 1010 1638 nuper
1032 1613 1074 1619 —
1100 1607 1166 1626 non
1190 1596 1363 1633 tulerunt,
1393 1608 1470 1626 cum
1492 1613 1533 1618 —
1553 1600 1735 1638 parerent,
1767 1593 2003 1636 interrogando

144 1648 266 1681 ecferri
290 1652 478 1688 nequeunt,
516 1658 591 1677 cum
621 1658 673 1678 res
696 1647 768 1690 ipsa
790 1647 922 1686 doceat,
959 1648 1114 1679 Tullium
1137 1648 1200 1678 hoc
1224 1654 1255 1678 et
1277 1648 1365 1678 uelle
1389 1653 1422 1677 et
1445 1647 1566 1677 debere
1597 1658 1672 1677 cum
1695 1645 1927 1677 adfirmatione
1951 1646 2005 1677 di-

145 1714 234 1733 cere:
269 1700 394 1743 Nuper
417 1699 500 1731 clar.
524 1700 614 1731 ciues
637 1712 757 1731 nomen
780 1701 898 1733 editici
921 1701 1047 1732 indicis
1069 1714 1136 1733 non
1160 1701 1333 1739 tulerunt,
1356 1712 1432 1731 cllln
1453 1717 1494 1722 -—
1515 1705 1688 1742 parerent.
1731 1697 1884 1736 Accedit,
1915 1700 2003 1740 quod

148 1768 189 1787 ex
212 1759 377 1798 perpetuo
410 1751 468 1784 An
491 1752 675 1793 particulae
705 1765 783 1791 usu,
820 1753 847 1784 si
871 1753 974 1783 uerba
1002 1753 1060 1786 An
1089 1766 1170 1786 uero
1196 1771 1237 1777 —
1265 1765 1331 1785 non
1355 1752 1511 1783 tulerunt
1533 1757 1620 1781 arcte
1643 1751 1819 1782 cohaerere
1841 1756 2006 1793 putaren-

145 1815 218 1846 tur,
253 1805 431 1842 manifesto
454 1804 550 1844 haec,
587 1816 670 1847 quae
698 1805 962 1844 alienis-suman,
996 1807 1159 1838 sententia
1185 1805 1357 1836 existeret:
1393 1803 1519 1847 Nuper
1543 1804 1633 1836 ciues
1661 1816 1781 1835 nomen
1804 1804 1855 1835 ed.
1878 1804 2005 1837 indicis

147 1861 312 1893 tulerunt.
356 1856 588 1889 Nihilominus
622 1868 734 1888 sanam
766 1869 854 1888 1111110
889 1858 988 1889 liuius
1028 1859 1094 1890 1001
1127 1858 1327 1900 scripturam
1364 1857 1533 1898 uolgatam
1564 1856 1721 1887 arbitror.
1767 1856 1884 1888 Solent
1914 1858 2005 1890 enim

147 1921 401 1951 nonnumquam
424 1909 569 1940 Romani
592 1921 681 1940 1111110
702 1910 760 1942 An
784 1922 873 1940 1111110
894 1911 953 1943 An
976 1925 1056 1944 uero
1084 1910 1259 1956 particulis
1282 1909 1565 1949 enuntiationem,
1603 1920 1687 1951 quae
1708 1908 1836 1940 duobus
1858 1909 1922 1940 sibi
1944 1923 2006 1954 op·-

147 1963 262 2007 positis
285 1962 446 1994 membris
469 1969 613 2001 constat,
638 1963 683 1993 ita
705 1962 881 2001 incohare,
905 1970 943 1994 ut
964 1965 1129 2006 posterius
1151 1970 1281 1996 tantum
1302 1962 1492 1993 membrum
1516 1974 1592 1993 cum
1614 1961 1876 2003 interrogatione
1899 1974 2006 1995 enun-

148 2017 265 2055 tietur,
299 2015 393 2057 prius
423 2026 506 2046 uero
535 2015 646 2056 aliqua
676 2021 753 2057 post
782 2015 960 2057 particulas
990 2017 1063 2048 illas
1091 2028 1194 2060 pausa
1223 2015 1309 2047 facta
1336 2026 1399 2058 pro
1428 2015 1592 2046 sententia
1618 2014 1675 2045 uel
1704 2014 1922 2046 condicionali
1950 2017 2007 2048 uel

149 2068 287 2100 caussali
310 2067 517 2109 proferatur,
556 2079 620 2109 qua
642 2067 786 2098 alterum
810 2068 942 2099 nitatur.
987 2069 1038 2100 Eo
1060 2070 1163 2101 modo
1186 2069 1243 2103 An
1267 2080 1348 2100 uero
1375 2067 1554 2110 particulas
1577 2067 1711 2098 Tullius
1735 2073 1768 2097 et
1790 2066 1844 2098 hic
1866 2078 2008 2110 usurpa-

151 2121 201 2152 uit
230 2127 263 2151 et
293 2120 333 2150 de
363 2126 446 2151 orat.
469 2120 505 2159 I,
537 2120 595 2159 58,
629 2121 700 2151 250.
730 2131 792 2162 pro
815 2121 954 2151 Fonteio
978 2123 1082 2162 VIII,
1118 2124 1166 2155 16.
1197 2134 1261 2165 pro
1286 2121 1323 2152 C.
1347 2119 1487 2151 Rabirio
1513 2120 1565 2159 V,
1598 2120 1645 2152 16.
1675 2119 1711 2150 111
1742 2118 1837 2151 Catil.
1861 2119 1894 2159 I,
1920 2131 1950 2159 1,
1974 2120 2004 2152 5.

150 2186 212 2216 pro
234 2173 327 2205 Sulla
350 2173 418 2212 XI,
443 2173 494 2204 52.
529 2173 569 2204 de
591 2174 635 2204 N.
660 2174 703 2204 D.
727 2174 776 2212 II,
801 2174 837 2210 6,
866 2185 932 2215 17..
976 2175 1149 2206 Praeterea
1171 2174 1250 2206 uide
1272 2172 1481 2214 Bladuigium
1507 2173 1541 2204 in
1565 2171 1749 2204 Emendatt.
1774 2171 1808 2202 in
1835 2171 2005 2203 Ciceronis

152 2227 255 2257 libros
279 2226 400 2268 philos.
423 2237 457 2268 p.
477 2225 623 2258 58-46.
648 2231 680 2256 et
702 2225 877 2257 Handium
901 2225 941 2256 de
963 2227 1096 2269 particc.
1120 2228 1188 2260 latt.
1210 2228 1252 2258 T.
1275 2227 1301 2257 Ι.
1324 2237 1358 2269 p.
1382 2226 1596 2268 549—552..

235 2280 292 2312 An
322 2291 402 2310 nero
432 2291 542 2322 nuper
563 2296 605 2303 —
632 2291 699 2310 non
728 2279 895 2319 tulerunt)
939 2279 1088 2311 Adhuc
1121 2280 1306 2316 eandem,
1342 2285 1546 2320 quantum
1576 2278 1703 2310 rebus
1733 2275 1839 2319 ipsis
1873 2285 2006 2317 appa—

155 2337 230 2369 ret,
268 2331 453 2361 inculcat
484 2331 769 2373 iniquitatem
798 2331 962 2369 iudicii,
1003 2332 1114 2374 quod
1142 2331 1400 2363 Laterensis
1436 2337 1480 2362 ut
1508 2343 1555 2362 ex
1587 2329 1776 2361 editiciis
1810 2326 2003 2366 haberet,

155 2382 338 2414 maxime
379 2383 666 2415 laborauerat.
728 2385 777 2416 Et
810 2384 885 2415 hac
921 2384 963 2415 in
997 2390 1115 2426 parte
1155 2384 1603 2416 commemorationem
1644 2381 1820 2413 uidetur
1858 2377 2006 2410 facere

156 2435 330 2467 Tullius
362 2435 448 2466 eius
483 2437 704 2480 temporis,
745 2448 823 2479 quo
854 2438 1036 2470 Seruius
1066 2437 1296 2481 Sulpicius
1320 2461 1347 2470 ..
1393 2437 1553 2468 SC110L1A
1586 2436 1841 2468 Amnnosmxi.
