<?xml version="1.0" encoding="UTF-8"?>
<!DOCTYPE html PUBLIC "-//W3C//DTD XHTML 1.0 Transitional//EN"
    "http://www.w3.org/TR/xhtml1/DTD/xhtml1-transitional.dtd">
<html xmlns="http://www.w3.org/1999/xhtml" xml:lang="en" lang="en">
 <head>
  <title>
</title>
<meta http-equiv="Content-Type" content="text/html;charset=utf-8" />
  <meta name='ocr-system' content='tesseract 3.04.00' />
  <meta name='ocr-capabilities' content='ocr_page ocr_carea ocr_par ocr_line ocrx_word'/>
</head>
<body>
  <div class='ocr_page' id='page_1' title='image "./oratioprocnplanc00ciceuoft/oratioprocnplanc00ciceuoft_0360.png"; bbox 0 0 2185 2720; ppageno 0'>
   <div class='ocr_carea' id='block_1_1' title="bbox 140 162 1366 200">
    <p class='ocr_par' dir='ltr' id='par_1_1' title="bbox 140 162 1366 200">
     <span class='ocr_line' id='line_1_1' title="bbox 140 162 1366 200; baseline -0.007 0"><span class='ocrx_word' id='word_1_1' title='bbox 140 174 193 200; x_wconf 66' lang='lat'><em>212</em></span> <span class='ocrx_word' id='word_1_2' title='bbox 788 162 1366 193; x_wconf 84' lang='lat' dir='ltr'><strong>COMMENTARIUS.</strong></span> 
     </span>
    </p>
   </div>
   <div class='ocr_carea' id='block_1_2' title="bbox 141 237 2025 644">
    <p class='ocr_par' dir='ltr' id='par_1_2' title="bbox 141 237 2019 339">
     <span class='ocr_line' id='line_1_2' title="bbox 141 237 2019 285; baseline 0 -12"><span class='ocrx_word' id='word_1_3' title='bbox 141 241 233 285; x_wconf 85' lang='lat' dir='ltr'><em>quod</em></span> <span class='ocrx_word' id='word_1_4' title='bbox 256 240 373 273; x_wconf 88' lang='lat' dir='ltr'><em>multis</em></span> <span class='ocrx_word' id='word_1_5' title='bbox 395 238 561 283; x_wconf 82' lang='lat' dir='ltr'><em>exemplis</em></span> <span class='ocrx_word' id='word_1_6' title='bbox 584 238 695 271; x_wconf 89' lang='lat' dir='ltr'><em>edocti</em></span> <span class='ocrx_word' id='word_1_7' title='bbox 716 237 874 270; x_wconf 80' lang='lat' dir='ltr'>librarios</span> <span class='ocrx_word' id='word_1_8' title='bbox 899 237 1107 281; x_wconf 80' lang='lat' dir='ltr'>antiquiores</span> <span class='ocrx_word' id='word_1_9' title='bbox 1130 237 1252 270; x_wconf 86' lang='lat' dir='ltr'><em>scimus</em></span> <span class='ocrx_word' id='word_1_10' title='bbox 1274 243 1354 269; x_wconf 86' lang='lat' dir='ltr'><em>nota</em></span> <span class='ocrx_word' id='word_1_11' title='bbox 1375 249 1440 282; x_wconf 79' lang='lat' dir='ltr'><em>que</em></span> <span class='ocrx_word' id='word_1_12' title='bbox 1461 237 1505 269; x_wconf 89' lang='lat' dir='ltr'><em>ad</em></span> <span class='ocrx_word' id='word_1_13' title='bbox 1527 238 1636 270; x_wconf 89' lang='lat' dir='ltr'><em>omnis</em></span> <span class='ocrx_word' id='word_1_14' title='bbox 1659 241 1931 284; x_wconf 73' lang='lat' dir='ltr'><em>casusobliquos</em></span> <span class='ocrx_word' id='word_1_15' title='bbox 1954 253 2019 273; x_wconf 86' lang='lat' dir='ltr'><em>no·</em></span> 
     </span>
     <span class='ocr_line' id='line_1_3' title="bbox 143 290 1976 339; baseline -0.002 -12"><span class='ocrx_word' id='word_1_16' title='bbox 143 295 245 328; x_wconf 90' lang='lat' dir='ltr'><em>minis</em></span> <span class='ocrx_word' id='word_1_17' title='bbox 270 294 462 339; x_wconf 81' lang='lat' dir='ltr'><em>quaestoris</em></span> <span class='ocrx_word' id='word_1_18' title='bbox 487 291 723 335; x_wconf 80' lang='lat' dir='ltr'><em>significandos</em></span> <span class='ocrx_word' id='word_1_19' title='bbox 746 303 824 322; x_wconf 91' lang='lat' dir='ltr'><em>usos</em></span> <span class='ocrx_word' id='word_1_20' title='bbox 847 302 929 322; x_wconf 87' lang='lat' dir='ltr'><em>esse.</em></span> <span class='ocrx_word' id='word_1_21' title='bbox 974 290 1045 323; x_wconf 86' lang='lat' dir='ltr'><em>Cfr.</em></span> <span class='ocrx_word' id='word_1_22' title='bbox 1069 290 1281 324; x_wconf 73' lang='lat' dir='ltr'><em>Niebuhrius</em></span> <span class='ocrx_word' id='word_1_23' title='bbox 1305 290 1348 322; x_wconf 87' lang='lat' dir='ltr'><em>ad</em></span> <span class='ocrx_word' id='word_1_24' title='bbox 1369 290 1491 333; x_wconf 84' lang='lat' dir='ltr'><strong>fragm.</strong></span> <span class='ocrx_word' id='word_1_25' title='bbox 1516 303 1566 322; x_wconf 88' lang='lat' dir='ltr'><em>or.</em></span> <span class='ocrx_word' id='word_1_26' title='bbox 1589 302 1653 334; x_wconf 90' lang='lat' dir='ltr'><em>pro</em></span> <span class='ocrx_word' id='word_1_27' title='bbox 1676 291 1880 336; x_wconf 22' lang='lat' dir='ltr'><em>Fonteiorp.</em></span> <span class='ocrx_word' id='word_1_28' title='bbox 1904 294 1976 326; x_wconf 67' lang='lat'><em>54..</em></span> 
     </span>
    </p>

    <p class='ocr_par' dir='ltr' id='par_1_3' title="bbox 145 343 2025 644">
     <span class='ocr_line' id='line_1_4' title="bbox 226 343 2019 387; baseline -0.001 -6"><span class='ocrx_word' id='word_1_29' title='bbox 226 347 428 381; x_wconf 77' lang='lat' dir='ltr'><em>Lictoribus</em></span> <span class='ocrx_word' id='word_1_30' title='bbox 450 346 618 387; x_wconf 76' lang='lat' dir='ltr'><em>dimissis)</em></span> <span class='ocrx_word' id='word_1_31' title='bbox 662 344 857 377; x_wconf 88' lang='lat' dir='ltr'><em>Lictoribus</em></span> <span class='ocrx_word' id='word_1_32' title='bbox 880 344 916 375; x_wconf 88' lang='lat' dir='ltr'><em>in</em></span> <span class='ocrx_word' id='word_1_33' title='bbox 933 343 1018 375; x_wconf 89' lang='lat' dir='ltr'><em>urhe</em></span> <span class='ocrx_word' id='word_1_34' title='bbox 1040 356 1110 376; x_wconf 89' lang='lat' dir='ltr'><em>non</em></span> <span class='ocrx_word' id='word_1_35' title='bbox 1132 344 1313 379; x_wconf 86' lang='lat' dir='ltr'><em>utebantur</em></span> <span class='ocrx_word' id='word_1_36' title='bbox 1338 350 1542 387; x_wconf 80' lang='lat' dir='ltr'><em>quaestores,</em></span> <span class='ocrx_word' id='word_1_37' title='bbox 1564 349 1604 375; x_wconf 87' lang='lat' dir='ltr'><em>ut.</em></span> <span class='ocrx_word' id='word_1_38' title='bbox 1625 343 1672 375; x_wconf 86' lang='lat' dir='ltr'><em>ait</em></span> <span class='ocrx_word' id='word_1_39' title='bbox 1687 345 1822 377; x_wconf 85' lang='lat' dir='ltr'>Gellius</span> <span class='ocrx_word' id='word_1_40' title='bbox 1842 346 2019 379; x_wconf 56' lang='lat' dir='ltr'><em>liu-XIII.</em></span> 
     </span>
     <span class='ocr_line' id='line_1_5' title="bbox 145 396 2022 443; baseline -0.001 -10"><span class='ocrx_word' id='word_1_41' title='bbox 145 414 173 433; x_wconf 90' lang='lat' dir='ltr'><em>c.</em></span> <span class='ocrx_word' id='word_1_42' title='bbox 198 412 248 441; x_wconf 81' lang='lat'><em>2.;</em></span> <span class='ocrx_word' id='word_1_43' title='bbox 275 401 311 432; x_wconf 90' lang='lat' dir='ltr'><em>in</em></span> <span class='ocrx_word' id='word_1_44' title='bbox 335 399 512 443; x_wconf 86' lang='lat' dir='ltr'><em>prouincia</em></span> <span class='ocrx_word' id='word_1_45' title='bbox 534 410 590 430; x_wconf 90' lang='lat' dir='ltr'><em>eos</em></span> <span class='ocrx_word' id='word_1_46' title='bbox 614 399 738 430; x_wconf 88' lang='lat' dir='ltr'><em>habere</em></span> <span class='ocrx_word' id='word_1_47' title='bbox 760 397 866 436; x_wconf 82' lang='lat' dir='ltr'><em>licuit,</em></span> <span class='ocrx_word' id='word_1_48' title='bbox 891 397 982 439; x_wconf 89' lang='lat' dir='ltr'><em>quod</em></span> <span class='ocrx_word' id='word_1_49' title='bbox 1004 396 1059 428; x_wconf 87' lang='lat' dir='ltr'><em>hic</em></span> <span class='ocrx_word' id='word_1_50' title='bbox 1080 397 1174 429; x_wconf 88' lang='lat' dir='ltr'><em>locus</em></span> <span class='ocrx_word' id='word_1_51' title='bbox 1196 397 1351 437; x_wconf 83' lang='lat' dir='ltr'>declarat,</span> <span class='ocrx_word' id='word_1_52' title='bbox 1378 396 1433 429; x_wconf 86' lang='lat' dir='ltr'><em>cui</em></span> <span class='ocrx_word' id='word_1_53' title='bbox 1455 396 1632 439; x_wconf 84' lang='lat' dir='ltr'><em>suffragari</em></span> <span class='ocrx_word' id='word_1_54' title='bbox 1654 397 1815 437; x_wconf 81' lang='lat' dir='ltr'><em>uidentur</em></span> <span class='ocrx_word' id='word_1_55' title='bbox 1836 398 1896 430; x_wconf 88' lang='lat' dir='ltr'><em>illa</em></span> <span class='ocrx_word' id='word_1_56' title='bbox 1918 399 2022 440; x_wconf 80' lang='lat' dir='ltr'><em>uerba</em></span> 
     </span>
     <span class='ocr_line' id='line_1_6' title="bbox 145 449 2021 494; baseline -0.001 -9"><span class='ocrx_word' id='word_1_57' title='bbox 145 453 188 486; x_wconf 79' lang='lat' dir='ltr'><em>ad</em></span> <span class='ocrx_word' id='word_1_58' title='bbox 211 451 450 486; x_wconf 76' lang='lat' dir='ltr'><em>Cornificium:</em></span> <span class='ocrx_word' id='word_1_59' title='bbox 474 452 557 483; x_wconf 76' lang='lat' dir='ltr'><em>illut</em></span> <span class='ocrx_word' id='word_1_60' title='bbox 579 463 646 483; x_wconf 81' lang='grc' dir='ltr'><em>ηοη,</em></span> <span class='ocrx_word' id='word_1_61' title='bbox 668 450 816 482; x_wconf 78' lang='lat' dir='ltr'><em>nimium</em></span> <span class='ocrx_word' id='word_1_62' title='bbox 834 450 961 494; x_wconf 78' lang='lat' dir='ltr'><em>probe,</em></span> <span class='ocrx_word' id='word_1_63' title='bbox 983 450 1076 494; x_wconf 78' lang='lat' dir='ltr'><em>quod</em></span> <span class='ocrx_word' id='word_1_64' title='bbox 1097 450 1214 489; x_wconf 78' lang='lat' dir='ltr'><em>scribi,</em></span> <span class='ocrx_word' id='word_1_65' title='bbox 1236 460 1303 494; x_wconf 75' lang='lat' dir='ltr'><em>quo</em></span> <span class='ocrx_word' id='word_1_66' title='bbox 1325 450 1382 482; x_wconf 83' lang='lat' dir='ltr'><em>illi</em></span> <span class='ocrx_word' id='word_1_67' title='bbox 1404 450 1524 482; x_wconf 81' lang='lat' dir='ltr'><em>animo·</em></span> <span class='ocrx_word' id='word_1_68' title='bbox 1538 450 1701 493; x_wconf 83' lang='lat' dir='ltr'><strong><em>aequiore</em></strong></span> <span class='ocrx_word' id='word_1_69' title='bbox 1714 449 1870 494; x_wconf 83' lang='lat' dir='ltr'><em>ferrent,</em></span> <span class='ocrx_word' id='word_1_70' title='bbox 1893 457 1926 484; x_wconf 82' lang='lat' dir='ltr'><em>te</em></span> <span class='ocrx_word' id='word_1_71' title='bbox 1950 453 2021 485; x_wconf 79' lang='lat' dir='ltr'><em>tuis</em></span> 
     </span>
     <span class='ocr_line' id='line_1_7' title="bbox 145 502 2025 549; baseline -0.002 -9"><span class='ocrx_word' id='word_1_72' title='bbox 145 508 252 541; x_wconf 82' lang='lat' dir='ltr'><em>etiam</em></span> <span class='ocrx_word' id='word_1_73' title='bbox 276 505 403 549; x_wconf 79' lang='lat' dir='ltr'><em>legatis</em></span> <span class='ocrx_word' id='word_1_74' title='bbox 427 505 564 536; x_wconf 81' lang='lat' dir='ltr'><em>lictores</em></span> <span class='ocrx_word' id='word_1_75' title='bbox 587 504 767 536; x_wconf 80' lang='lat' dir='ltr'><em>ademisse.</em></span> <span class='ocrx_word' id='word_1_76' title='bbox 810 504 901 535; x_wconf 71' lang='lat' dir='ltr'><em>Nam</em></span> <span class='ocrx_word' id='word_1_77' title='bbox 929 503 958 535; x_wconf 90' lang='lat' dir='ltr'><em>si</em></span> <span class='ocrx_word' id='word_1_78' title='bbox 979 502 1096 545; x_wconf 82' lang='lat' dir='ltr'><em>legatis</em></span> <span class='ocrx_word' id='word_1_79' title='bbox 1122 502 1257 535; x_wconf 85' lang='lat' dir='ltr'><em>lictores</em></span> <span class='ocrx_word' id='word_1_80' title='bbox 1280 502 1496 542; x_wconf 83' lang='lat' dir='ltr'><em>tribuuntur,</em></span> <span class='ocrx_word' id='word_1_81' title='bbox 1525 513 1586 533; x_wconf 87' lang='lat' dir='ltr'><em>cur</em></span> <span class='ocrx_word' id='word_1_82' title='bbox 1607 513 1678 534; x_wconf 92' lang='lat' dir='ltr'><em>non</em></span> <span class='ocrx_word' id='word_1_83' title='bbox 1701 504 1942 546; x_wconf 65' lang='lat' dir='ltr'><em>quaestoribus</em></span> <span class='ocrx_word' id='word_1_84' title='bbox 1957 505 2025 536; x_wconf 86' lang='lat' dir='ltr'><em>ho·</em></span> 
     </span>
     <span class='ocr_line' id='line_1_8' title="bbox 146 554 2022 602; baseline -0.001 -11"><span class='ocrx_word' id='word_1_85' title='bbox 146 571 230 592; x_wconf 88' lang='lat' dir='ltr'><em>nore</em></span> <span class='ocrx_word' id='word_1_86' title='bbox 251 557 524 602; x_wconf 79' lang='lat' dir='ltr'><em>praestantibus?</em></span> <span class='ocrx_word' id='word_1_87' title='bbox 562 563 612 588; x_wconf 88' lang='lat' dir='ltr'><em>est</em></span> <span class='ocrx_word' id='word_1_88' title='bbox 633 557 725 588; x_wconf 79' lang='lat' dir='ltr'><em>enim</em></span> <span class='ocrx_word' id='word_1_89' title='bbox 753 556 881 598; x_wconf 84' lang='lat' dir='ltr'><em>legatus</em></span> <span class='ocrx_word' id='word_1_90' title='bbox 906 554 996 587; x_wconf 86' lang='lat' dir='ltr'><em>infra</em></span> <span class='ocrx_word' id='word_1_91' title='bbox 1023 561 1257 599; x_wconf 83' lang='lat' dir='ltr'>quaestorem,</span> <span class='ocrx_word' id='word_1_92' title='bbox 1292 561 1331 587; x_wconf 86' lang='lat' dir='ltr'><em>ut</em></span> <span class='ocrx_word' id='word_1_93' title='bbox 1349 555 1389 588; x_wconf 87' lang='lat' dir='ltr'><em>in</em></span> <span class='ocrx_word' id='word_1_94' title='bbox 1409 555 1556 599; x_wconf 81' lang='lat' dir='ltr'><em>epistula</em></span> <span class='ocrx_word' id='word_1_95' title='bbox 1577 554 1620 586; x_wconf 87' lang='lat' dir='ltr'><em>ad</em></span> <span class='ocrx_word' id='word_1_96' title='bbox 1641 555 1692 589; x_wconf 91' lang='lat' dir='ltr'><em>M.</em></span> <span class='ocrx_word' id='word_1_97' title='bbox 1717 556 1888 598; x_wconf 88' lang='lat' dir='ltr'><em>Caelium,</em></span> <span class='ocrx_word' id='word_1_98' title='bbox 1927 564 1960 590; x_wconf 87' lang='lat' dir='ltr'><em>et</em></span> <span class='ocrx_word' id='word_1_99' title='bbox 1980 557 2022 594; x_wconf 82' lang='lat' dir='ltr'><em>ad</em></span> 
     </span>
     <span class='ocr_line' id='line_1_9' title="bbox 148 611 615 644; baseline -0.009 0.072"><span class='ocrx_word' id='word_1_100' title='bbox 148 613 353 644; x_wconf 70' lang='lat' dir='ltr'><em>&#39;‘oshelmum</em></span> <span class='ocrx_word' id='word_1_101' title='bbox 400 611 450 642; x_wconf 92' lang='lat' dir='ltr'><strong>M</strong></span> <span class='ocrx_word' id='word_1_102' title='bbox 449 619 514 642; x_wconf 69' lang='lat' dir='ltr'><em>xxi</em></span> <span class='ocrx_word' id='word_1_103' title='bbox 519 619 583 641; x_wconf 78' lang='lat' dir='ltr'><em>TlL</em></span> <span class='ocrx_word' id='word_1_104' title='bbox 587 620 615 641; x_wconf 87' lang='grc'><em>5.</em></span> 
     </span>
    </p>
   </div>
   <div class='ocr_carea' id='block_1_3' title="bbox 147 660 2032 1609">
    <p class='ocr_par' dir='ltr' id='par_1_4' title="bbox 147 660 2024 750">
     <span class='ocr_line' id='line_1_10' title="bbox 231 660 2024 707; baseline -0.001 -10"><span class='ocrx_word' id='word_1_105' title='bbox 231 663 435 707; x_wconf 77' lang='lat' dir='ltr'><em>Insignibus</em></span> <span class='ocrx_word' id='word_1_106' title='bbox 457 663 617 702; x_wconf 77' lang='lat' dir='ltr'><em>abiectis,</em></span> <span class='ocrx_word' id='word_1_107' title='bbox 640 667 734 695; x_wconf 82' lang='lat' dir='ltr'><em>ueste</em></span> <span class='ocrx_word' id='word_1_108' title='bbox 754 660 904 703; x_wconf 81' lang='lat' dir='ltr'><em>mutata)</em></span> <span class='ocrx_word' id='word_1_109' title='bbox 949 661 1161 694; x_wconf 82' lang='lat' dir='ltr'><em>Ornamenta</em></span> <span class='ocrx_word' id='word_1_110' title='bbox 1189 660 1378 704; x_wconf 84' lang='lat' dir='ltr'><em>quaestoris</em></span> <span class='ocrx_word' id='word_1_111' title='bbox 1411 661 1534 694; x_wconf 81' lang='lat' dir='ltr'><em>abiecit</em></span> <span class='ocrx_word' id='word_1_112' title='bbox 1564 666 1598 693; x_wconf 86' lang='lat' dir='ltr'><em>et</em></span> <span class='ocrx_word' id='word_1_113' title='bbox 1626 668 1835 705; x_wconf 77' lang='lat' dir='ltr'><strong>praetextam</strong></span> <span class='ocrx_word' id='word_1_114' title='bbox 1859 662 2024 706; x_wconf 68' lang='lat' dir='ltr'><em>deposuit,</em></span> 
     </span>
     <span class='ocr_line' id='line_1_11' title="bbox 147 715 2005 750; baseline -0.006 0"><span class='ocrx_word' id='word_1_115' title='bbox 147 724 185 750; x_wconf 88' lang='lat' dir='ltr'><em>ut</em></span> <span class='ocrx_word' id='word_1_116' title='bbox 205 717 375 749; x_wconf 77' lang='lat' dir='ltr'><em>monitum</em></span> <span class='ocrx_word' id='word_1_117' title='bbox 397 717 464 748; x_wconf 89' lang='lat' dir='ltr'><em>iam</em></span> <span class='ocrx_word' id='word_1_118' title='bbox 487 728 507 748; x_wconf 83' lang='lat' dir='ltr'><em>a</em></span> <span class='ocrx_word' id='word_1_119' title='bbox 526 715 724 749; x_wconf 84' lang='lat' dir='ltr'><em>Manutiost.</em></span> <span class='ocrx_word' id='word_1_120' title='bbox 2004 735 2005 738; x_wconf 73' lang='grc'>,</span> 
     </span>
    </p>

    <p class='ocr_par' dir='ltr' id='par_1_5' title="bbox 149 765 2027 974">
     <span class='ocr_line' id='line_1_12' title="bbox 236 765 2025 813; baseline -0.001 -12"><span class='ocrx_word' id='word_1_121' title='bbox 236 771 266 812; x_wconf 79' lang='lat'><em>§.</em></span> <span class='ocrx_word' id='word_1_122' title='bbox 291 781 343 813; x_wconf 86' lang='lat'><em>99.</em></span> <span class='ocrx_word' id='word_1_123' title='bbox 390 770 421 803; x_wconf 91' lang='grc' dir='ltr'><em>Ο</em></span> <span class='ocrx_word' id='word_1_124' title='bbox 444 782 516 802; x_wconf 87' lang='lat' dir='ltr'><em>rem</em></span> <span class='ocrx_word' id='word_1_125' title='bbox 537 781 615 802; x_wconf 86' lang='lat' dir='ltr'><em>cum</em></span> <span class='ocrx_word' id='word_1_126' title='bbox 637 767 763 800; x_wconf 72' lang='lat' dir='ltr'><em>auditu</em></span> <span class='ocrx_word' id='word_1_127' title='bbox 785 767 958 800; x_wconf 82' lang='lat' dir='ltr'><em>crudelem</em></span> <span class='ocrx_word' id='word_1_128' title='bbox 980 773 1054 800; x_wconf 77' lang='lat' dir='ltr'><em>tum</em></span> <span class='ocrx_word' id='word_1_129' title='bbox 1083 767 1164 799; x_wconf 81' lang='lat' dir='ltr'><em>uisu</em></span> <span class='ocrx_word' id='word_1_130' title='bbox 1187 765 1376 810; x_wconf 75' lang='lat' dir='ltr'><em>nefariam)</em></span> <span class='ocrx_word' id='word_1_131' title='bbox 1421 767 1493 798; x_wconf 92' lang='lat' dir='ltr'><em>Cur</em></span> <span class='ocrx_word' id='word_1_132' title='bbox 1514 766 1577 798; x_wconf 88' lang='lat' dir='ltr'><em>hos</em></span> <span class='ocrx_word' id='word_1_133' title='bbox 1602 767 1799 810; x_wconf 80' lang='lat' dir='ltr'><em>amplexus,</em></span> <span class='ocrx_word' id='word_1_134' title='bbox 1830 766 1890 799; x_wconf 85' lang='lat' dir='ltr'><em>has</em></span> <span class='ocrx_word' id='word_1_135' title='bbox 1912 767 2025 799; x_wconf 69' lang='lat' dir='ltr'><em>laetu--</em></span> 
     </span>
     <span class='ocr_line' id='line_1_13' title="bbox 149 819 2027 865; baseline -0.003 -8"><span class='ocrx_word' id='word_1_136' title='bbox 149 835 220 857; x_wconf 88' lang='lat' dir='ltr'><em>mas</em></span> <span class='ocrx_word' id='word_1_137' title='bbox 244 836 315 856; x_wconf 86' lang='lat' dir='ltr'><em>rem</em></span> <span class='ocrx_word' id='word_1_138' title='bbox 338 823 512 856; x_wconf 75' lang='lat' dir='ltr'><em>crudelem</em></span> <span class='ocrx_word' id='word_1_139' title='bbox 538 828 571 854; x_wconf 85' lang='lat' dir='ltr'><em>et</em></span> <span class='ocrx_word' id='word_1_140' title='bbox 594 820 770 865; x_wconf 73' lang='lat' dir='ltr'><em>nefariam</em></span> <span class='ocrx_word' id='word_1_141' title='bbox 791 820 962 862; x_wconf 74' lang='lat' dir='ltr'><em>appellat?</em></span> <span class='ocrx_word' id='word_1_142' title='bbox 999 832 1123 863; x_wconf 85' lang='lat' dir='ltr'><strong>nempe</strong></span> <span class='ocrx_word' id='word_1_143' title='bbox 1147 831 1217 851; x_wconf 87' lang='lat' dir='ltr'><em>non</em></span> <span class='ocrx_word' id='word_1_144' title='bbox 1245 831 1308 863; x_wconf 88' lang='lat' dir='ltr'><em>per</em></span> <span class='ocrx_word' id='word_1_145' title='bbox 1330 831 1383 860; x_wconf 85' lang='lat' dir='ltr'><em>se,</em></span> <span class='ocrx_word' id='word_1_146' title='bbox 1407 826 1458 851; x_wconf 87' lang='lat' dir='ltr'><em>set</em></span> <span class='ocrx_word' id='word_1_147' title='bbox 1480 819 1523 851; x_wconf 91' lang='lat' dir='ltr'><em>ob</em></span> <span class='ocrx_word' id='word_1_148' title='bbox 1546 831 1715 859; x_wconf 86' lang='lat' dir='ltr'><em>caussam,</em></span> <span class='ocrx_word' id='word_1_149' title='bbox 1744 831 1829 861; x_wconf 90' lang='lat' dir='ltr'><em>quae</em></span> <span class='ocrx_word' id='word_1_150' title='bbox 1851 825 1925 851; x_wconf 83' lang='lat' dir='ltr'><em>erat</em></span> <span class='ocrx_word' id='word_1_151' title='bbox 1947 831 2027 852; x_wconf 87' lang='lat' dir='ltr'><em>cru-</em></span> 
     </span>
     <span class='ocr_line' id='line_1_14' title="bbox 150 872 2027 931; baseline -0.002 -22"><span class='ocrx_word' id='word_1_152' title='bbox 150 879 233 910; x_wconf 83' lang='lat' dir='ltr'><em>delis</em></span> <span class='ocrx_word' id='word_1_153' title='bbox 268 883 301 908; x_wconf 81' lang='lat' dir='ltr'><em>et</em></span> <span class='ocrx_word' id='word_1_154' title='bbox 329 875 475 914; x_wconf 74' lang='lat' dir='ltr'><em>nesaiia,</em></span> <span class='ocrx_word' id='word_1_155' title='bbox 514 874 603 917; x_wconf 83' lang='lat' dir='ltr'><em>quod</em></span> <span class='ocrx_word' id='word_1_156' title='bbox 632 874 668 904; x_wconf 97' lang='grc'><em>111</em></span> <span class='ocrx_word' id='word_1_157' title='bbox 691 884 744 904; x_wconf 90' lang='lat' dir='ltr'><em>eas</em></span> <span class='ocrx_word' id='word_1_158' title='bbox 767 872 919 904; x_wconf 83' lang='lat' dir='ltr'><em>miseiias</em></span> <span class='ocrx_word' id='word_1_159' title='bbox 946 873 1114 904; x_wconf 90' lang='lat' dir='ltr'><em>coniectus</em></span> <span class='ocrx_word' id='word_1_160' title='bbox 1146 879 1215 904; x_wconf 73' lang='lat' dir='ltr'><em>erat</em></span> <span class='ocrx_word' id='word_1_161' title='bbox 1245 872 1553 904; x_wconf 84' lang='lat' dir='ltr'><em>innocentissumus</em></span> <span class='ocrx_word' id='word_1_162' title='bbox 1584 878 1618 904; x_wconf 89' lang='lat' dir='ltr'><em>et</em></span> <span class='ocrx_word' id='word_1_163' title='bbox 1644 872 1893 931; x_wconf 86' lang='lat' dir='ltr'><em>meritissumus</em></span> <span class='ocrx_word' id='word_1_164' title='bbox 1920 872 1961 904; x_wconf 84' lang='lat' dir='ltr'><em>de</em></span> <span class='ocrx_word' id='word_1_165' title='bbox 1989 883 2027 905; x_wconf 88' lang='lat' dir='ltr'><em>re</em></span> 
     </span>
     <span class='ocr_line' id='line_1_15' title="bbox 154 928 646 974; baseline -0.01 -12"><span class='ocrx_word' id='word_1_166' title='bbox 154 930 287 974; x_wconf 85' lang='lat' dir='ltr'><em>publica</em></span> <span class='ocrx_word' id='word_1_167' title='bbox 311 929 375 960; x_wconf 86' lang='grc'>1111.</span> <span class='ocrx_word' id='word_1_168' title='bbox 420 928 646 959; x_wconf 67' lang='lat' dir='ltr'><em>ERXESTns.</em></span> 
     </span>
    </p>

    <p class='ocr_par' dir='ltr' id='par_1_6' title="bbox 151 976 2031 1552">
     <span class='ocr_line' id='line_1_16' title="bbox 240 976 2028 1023; baseline -0.002 -9"><span class='ocrx_word' id='word_1_169' title='bbox 240 981 517 1015; x_wconf 74' lang='lat' dir='ltr'><em>Thessalonicam</em></span> <span class='ocrx_word' id='word_1_170' title='bbox 541 992 593 1012; x_wconf 85' lang='lat' dir='ltr'><em>me</em></span> <span class='ocrx_word' id='word_1_171' title='bbox 616 980 652 1012; x_wconf 81' lang='lat' dir='ltr'><em>in</em></span> <span class='ocrx_word' id='word_1_172' title='bbox 676 978 976 1023; x_wconf 77' lang='lat' dir='ltr'><em>quaestoriumque</em></span> <span class='ocrx_word' id='word_1_173' title='bbox 992 976 1176 1022; x_wconf 75' lang='lat' dir='ltr'><em>perduxit)</em></span> <span class='ocrx_word' id='word_1_174' title='bbox 1220 977 1475 1021; x_wconf 84' lang='lat' dir='ltr'><em>Hospitium</em></span> <span class='ocrx_word' id='word_1_175' title='bbox 1499 977 1743 1021; x_wconf 84' lang='lat' dir='ltr'><em>quaestoris</em></span> <span class='ocrx_word' id='word_1_176' title='bbox 1765 976 2028 1019; x_wconf 84' lang='lat' dir='ltr'><em>significans</em></span> 
     </span>
     <span class='ocr_line' id='line_1_17' title="bbox 152 1029 2028 1081; baseline -0.003 -13"><span class='ocrx_word' id='word_1_177' title='bbox 152 1035 336 1081; x_wconf 78' lang='lat' dir='ltr'><em>proprie</em></span> <span class='ocrx_word' id='word_1_178' title='bbox 363 1032 591 1065; x_wconf 87' lang='lat' dir='ltr'><em>secundum</em></span> <span class='ocrx_word' id='word_1_179' title='bbox 615 1031 870 1064; x_wconf 87' lang='lat' dir='ltr'><em>uocabulum</em></span> <span class='ocrx_word' id='word_1_180' title='bbox 892 1031 1176 1072; x_wconf 77' lang='lat' dir='ltr'><em>magistratus</em></span> <span class='ocrx_word' id='word_1_181' title='bbox 1202 1030 1330 1062; x_wconf 86' lang='lat' dir='ltr'><em>etiam</em></span> <span class='ocrx_word' id='word_1_182' title='bbox 1352 1031 1445 1062; x_wconf 88' lang='lat' dir='ltr'><em>loco</em></span> <span class='ocrx_word' id='word_1_183' title='bbox 1468 1030 1556 1073; x_wconf 86' lang='lat' dir='ltr'><em>ipsi</em></span> <span class='ocrx_word' id='word_1_184' title='bbox 1577 1041 1732 1062; x_wconf 91' lang='lat' dir='ltr'><em>nomen</em></span> <span class='ocrx_word' id='word_1_185' title='bbox 1758 1029 1882 1061; x_wconf 85' lang='lat' dir='ltr'><strong>dedit.</strong></span> <span class='ocrx_word' id='word_1_186' title='bbox 1905 1030 2028 1063; x_wconf 83' lang='lat' dir='ltr'><em>Nunc</em></span> 
     </span>
     <span class='ocr_line' id='line_1_18' title="bbox 151 1082 2029 1128; baseline -0.003 -6"><span class='ocrx_word' id='word_1_187' title='bbox 151 1096 293 1122; x_wconf 88' lang='lat' dir='ltr'><em>autem</em></span> <span class='ocrx_word' id='word_1_188' title='bbox 315 1085 474 1125; x_wconf 88' lang='lat' dir='ltr'><em>omnia,</em></span> <span class='ocrx_word' id='word_1_189' title='bbox 498 1085 540 1116; x_wconf 90' lang='lat' dir='ltr'><em>in</em></span> <span class='ocrx_word' id='word_1_190' title='bbox 566 1085 728 1127; x_wconf 89' lang='lat' dir='ltr'><em>quibus</em></span> <span class='ocrx_word' id='word_1_191' title='bbox 753 1083 903 1115; x_wconf 81' lang='lat' dir='ltr'><em>uariae</em></span> <span class='ocrx_word' id='word_1_192' title='bbox 926 1082 1167 1125; x_wconf 85' lang='lat' dir='ltr'><em>dignitatis</em></span> <span class='ocrx_word' id='word_1_193' title='bbox 1190 1083 1416 1128; x_wconf 81' lang='lat' dir='ltr'><em>praesides</em></span> <span class='ocrx_word' id='word_1_194' title='bbox 1443 1083 1662 1124; x_wconf 85' lang='lat' dir='ltr'><em>habitent,</em></span> <span class='ocrx_word' id='word_1_195' title='bbox 1696 1083 1921 1126; x_wconf 87' lang='lat' dir='ltr'><em>praetoria</em></span> <span class='ocrx_word' id='word_1_196' title='bbox 1951 1095 2029 1116; x_wconf 93' lang='lat' dir='ltr'><em>no-</em></span> 
     </span>
     <span class='ocr_line' id='line_1_19' title="bbox 153 1135 2029 1180; baseline -0.003 -5"><span class='ocrx_word' id='word_1_197' title='bbox 153 1143 387 1175; x_wconf 84' lang='lat' dir='ltr'><em>minantur.</em></span> <span class='ocrx_word' id='word_1_198' title='bbox 412 1139 574 1170; x_wconf 52' lang='lat' dir='ltr'><em>Scnoms</em></span> <span class='ocrx_word' id='word_1_199' title='bbox 600 1138 859 1170; x_wconf 39' lang='lat' dir='ltr'><em>AmnRosmx-i.</em></span> <span class='ocrx_word' id='word_1_200' title='bbox 904 1136 1107 1178; x_wconf 86' lang='lat' dir='ltr'><em>Quaestores</em></span> <span class='ocrx_word' id='word_1_201' title='bbox 1133 1137 1297 1168; x_wconf 86' lang='lat' dir='ltr'><em>nimirum</em></span> <span class='ocrx_word' id='word_1_202' title='bbox 1319 1136 1497 1180; x_wconf 85' lang='lat' dir='ltr'><em>propriam</em></span> <span class='ocrx_word' id='word_1_203' title='bbox 1523 1136 1574 1168; x_wconf 88' lang='lat' dir='ltr'><em>sui</em></span> <span class='ocrx_word' id='word_1_204' title='bbox 1595 1136 1808 1179; x_wconf 79' lang='lat' dir='ltr'><em>magistratus</em></span> <span class='ocrx_word' id='word_1_205' title='bbox 1830 1135 1969 1173; x_wconf 87' lang='lat' dir='ltr'><em>domum</em></span> <span class='ocrx_word' id='word_1_206' title='bbox 1991 1137 2029 1169; x_wconf 89' lang='lat' dir='ltr'><em>in</em></span> 
     </span>
     <span class='ocr_line' id='line_1_20' title="bbox 152 1187 2030 1239; baseline -0.007 -11"><span class='ocrx_word' id='word_1_207' title='bbox 152 1194 338 1239; x_wconf 83' lang='lat' dir='ltr'><em>prouinciis</em></span> <span class='ocrx_word' id='word_1_208' title='bbox 362 1191 539 1230; x_wconf 80' lang='lat' dir='ltr'><em>habebant,</em></span> <span class='ocrx_word' id='word_1_209' title='bbox 563 1197 599 1221; x_wconf 88' lang='lat' dir='ltr'><em>ut</em></span> <span class='ocrx_word' id='word_1_210' title='bbox 622 1190 723 1221; x_wconf 86' lang='lat' dir='ltr'><em>etiam</em></span> <span class='ocrx_word' id='word_1_211' title='bbox 738 1201 781 1221; x_wconf 80' lang='lat' dir='ltr'><em>ex</em></span> <span class='ocrx_word' id='word_1_212' title='bbox 804 1189 906 1221; x_wconf 86' lang='lat' dir='ltr'><em>Liuio</em></span> <span class='ocrx_word' id='word_1_213' title='bbox 924 1195 1061 1222; x_wconf 87' lang='lat' dir='ltr'><em>constat.</em></span> <span class='ocrx_word' id='word_1_214' title='bbox 1104 1190 1154 1221; x_wconf 86' lang='lat' dir='ltr'><em>Ea</em></span> <span class='ocrx_word' id='word_1_215' title='bbox 1176 1201 1259 1221; x_wconf 89' lang='lat' dir='ltr'><em>uero</em></span> <span class='ocrx_word' id='word_1_216' title='bbox 1283 1190 1530 1234; x_wconf 74' lang='lat' dir='ltr'><em>quaestorium,</em></span> <span class='ocrx_word' id='word_1_217' title='bbox 1554 1189 1660 1221; x_wconf 85' lang='lat' dir='ltr'><em>donec</em></span> <span class='ocrx_word' id='word_1_218' title='bbox 1681 1187 1901 1232; x_wconf 87' lang='lat' dir='ltr'><em>prouincialis</em></span> <span class='ocrx_word' id='word_1_219' title='bbox 1925 1200 2030 1231; x_wconf 78' lang='lat' dir='ltr'><em>quae...</em></span> 
     </span>
     <span class='ocr_line' id='line_1_21' title="bbox 152 1240 2028 1286; baseline -0.003 -6"><span class='ocrx_word' id='word_1_220' title='bbox 152 1255 244 1280; x_wconf 88' lang='lat' dir='ltr'><em>stura</em></span> <span class='ocrx_word' id='word_1_221' title='bbox 266 1245 406 1285; x_wconf 87' lang='lat' dir='ltr'><em>mansit,</em></span> <span class='ocrx_word' id='word_1_222' title='bbox 446 1251 495 1276; x_wconf 89' lang='lat' dir='ltr'><em>est</em></span> <span class='ocrx_word' id='word_1_223' title='bbox 524 1243 702 1286; x_wconf 83' lang='lat' dir='ltr'><em>appellata.</em></span> <span class='ocrx_word' id='word_1_224' title='bbox 747 1242 1005 1274; x_wconf 88' lang='lat' dir='ltr'><em>Prouinciarum</em></span> <span class='ocrx_word' id='word_1_225' title='bbox 1028 1243 1197 1286; x_wconf 83' lang='lat' dir='ltr'><em>praesides</em></span> <span class='ocrx_word' id='word_1_226' title='bbox 1220 1254 1408 1285; x_wconf 86' lang='lat' dir='ltr'><em>numquam</em></span> <span class='ocrx_word' id='word_1_227' title='bbox 1430 1242 1570 1282; x_wconf 78' lang='lat' dir='ltr'><em>sublati3</em></span> <span class='ocrx_word' id='word_1_228' title='bbox 1616 1247 1667 1273; x_wconf 86' lang='lat' dir='ltr'><em>set</em></span> <span class='ocrx_word' id='word_1_229' title='bbox 1694 1241 1755 1273; x_wconf 92' lang='lat' dir='ltr'><em>sub</em></span> <span class='ocrx_word' id='word_1_230' title='bbox 1778 1240 2028 1283; x_wconf 79' lang='lat' dir='ltr'><em>inperatoribus</em></span> 
     </span>
     <span class='ocr_line' id='line_1_22' title="bbox 152 1293 2025 1340; baseline -0.003 -6"><span class='ocrx_word' id='word_1_231' title='bbox 152 1302 291 1334; x_wconf 83' lang='lat' dir='ltr'><em>nomina</em></span> <span class='ocrx_word' id='word_1_232' title='bbox 315 1310 451 1337; x_wconf 85' lang='lat' dir='ltr'><em>eorum,</em></span> <span class='ocrx_word' id='word_1_233' title='bbox 473 1297 667 1340; x_wconf 78' lang='lat' dir='ltr'><em>dignitates,</em></span> <span class='ocrx_word' id='word_1_234' title='bbox 694 1302 940 1339; x_wconf 81' lang='lat' dir='ltr'><em>potestatesque</em></span> <span class='ocrx_word' id='word_1_235' title='bbox 963 1296 1165 1334; x_wconf 79' lang='lat' dir='ltr'><em>inmutatae3</em></span> <span class='ocrx_word' id='word_1_236' title='bbox 1195 1296 1313 1338; x_wconf 86' lang='lat' dir='ltr'><em>legati,</em></span> <span class='ocrx_word' id='word_1_237' title='bbox 1340 1301 1373 1326; x_wconf 88' lang='lat' dir='ltr'><em>et</em></span> <span class='ocrx_word' id='word_1_238' title='bbox 1398 1295 1561 1339; x_wconf 88' lang='lat' dir='ltr'><em>praefecti</em></span> <span class='ocrx_word' id='word_1_239' title='bbox 1582 1293 1800 1337; x_wconf 80' lang='lat' dir='ltr'><em>Augustales,</em></span> <span class='ocrx_word' id='word_1_240' title='bbox 1822 1301 2025 1339; x_wconf 86' lang='lat' dir='ltr'><em>procurato-</em></span> 
     </span>
     <span class='ocr_line' id='line_1_23' title="bbox 153 1347 2029 1391; baseline -0.003 -6"><span class='ocrx_word' id='word_1_241' title='bbox 153 1367 206 1387; x_wconf 87' lang='lat' dir='ltr'><em>res</em></span> <span class='ocrx_word' id='word_1_242' title='bbox 232 1353 399 1391; x_wconf 82' lang='lat' dir='ltr'><em>Caesaris,</em></span> <span class='ocrx_word' id='word_1_243' title='bbox 423 1350 629 1390; x_wconf 81' lang='lat' dir='ltr'><em>consulares,</em></span> <span class='ocrx_word' id='word_1_244' title='bbox 654 1355 874 1388; x_wconf 74' lang='lat' dir='ltr'><em>correctores,</em></span> <span class='ocrx_word' id='word_1_245' title='bbox 898 1349 1039 1390; x_wconf 89' lang='lat' dir='ltr'><em>aliisque</em></span> <span class='ocrx_word' id='word_1_246' title='bbox 1062 1348 1255 1380; x_wconf 86' lang='lat' dir='ltr'><em>nominibus</em></span> <span class='ocrx_word' id='word_1_247' title='bbox 1279 1348 1554 1391; x_wconf 81' lang='lat' dir='ltr'><em>appellabantur3</em></span> <span class='ocrx_word' id='word_1_248' title='bbox 1584 1347 1795 1391; x_wconf 87' lang='lat' dir='ltr'><em>praetorium</em></span> <span class='ocrx_word' id='word_1_249' title='bbox 1816 1358 1943 1380; x_wconf 90' lang='lat' dir='ltr'><em>nomen</em></span> <span class='ocrx_word' id='word_1_250' title='bbox 1966 1348 2029 1380; x_wconf 90' lang='lat' dir='ltr'><em>ob-</em></span> 
     </span>
     <span class='ocr_line' id='line_1_24' title="bbox 155 1395 2031 1461; baseline -0.003 -23"><span class='ocrx_word' id='word_1_251' title='bbox 155 1406 277 1439; x_wconf 88' lang='lat' dir='ltr'><em>soleuit</em></span> <span class='ocrx_word' id='word_1_252' title='bbox 300 1416 430 1444; x_wconf 86' lang='lat' dir='ltr'><em>eornm,</em></span> <span class='ocrx_word' id='word_1_253' title='bbox 455 1403 513 1446; x_wconf 88' lang='lat' dir='ltr'><em>qui</em></span> <span class='ocrx_word' id='word_1_254' title='bbox 535 1402 728 1444; x_wconf 85' lang='lat' dir='ltr'><em>prouincias</em></span> <span class='ocrx_word' id='word_1_255' title='bbox 752 1402 930 1445; x_wconf 81' lang='lat' dir='ltr'><em>regebant3</em></span> <span class='ocrx_word' id='word_1_256' title='bbox 956 1402 1031 1433; x_wconf 85' lang='lat' dir='ltr'><em>illut</em></span> <span class='ocrx_word' id='word_1_257' title='bbox 1054 1409 1167 1433; x_wconf 82' lang='lat' dir='ltr'><em>autem</em></span> <span class='ocrx_word' id='word_1_258' title='bbox 1191 1401 1321 1440; x_wconf 88' lang='lat' dir='ltr'><em>domus,</em></span> <span class='ocrx_word' id='word_1_259' title='bbox 1347 1401 1383 1432; x_wconf 88' lang='lat' dir='ltr'><em>in</em></span> <span class='ocrx_word' id='word_1_260' title='bbox 1406 1400 1526 1443; x_wconf 90' lang='lat' dir='ltr'><em>quibus</em></span> <span class='ocrx_word' id='word_1_261' title='bbox 1549 1401 1716 1461; x_wconf 87' lang='lat' dir='ltr'><em>praesides</em></span> <span class='ocrx_word' id='word_1_262' title='bbox 1741 1395 2031 1443; x_wconf 28' lang='lat' dir='ltr'><em>quicumque-lia-</em></span> 
     </span>
     <span class='ocr_line' id='line_1_25' title="bbox 156 1453 2031 1499; baseline -0.003 -8"><span class='ocrx_word' id='word_1_263' title='bbox 156 1460 244 1491; x_wconf 79' lang='lat' dir='ltr'><em>bitai</em></span> <span class='ocrx_word' id='word_1_264' title='bbox 247 1465 311 1497; x_wconf 89' lang='lat' dir='ltr'><em>ent</em></span> <span class='ocrx_word' id='word_1_265' title='bbox 335 1469 404 1489; x_wconf 87' lang='grc'>11011</span> <span class='ocrx_word' id='word_1_266' title='bbox 418 1457 540 1487; x_wconf 84' lang='lat' dir='ltr'><em>amiser</em></span> <span class='ocrx_word' id='word_1_267' title='bbox 544 1461 614 1486; x_wconf 87' lang='lat' dir='ltr'><em>unt.</em></span> <span class='ocrx_word' id='word_1_268' title='bbox 649 1456 757 1486; x_wconf 86' lang='lat' dir='ltr'><em>Immo</em></span> <span class='ocrx_word' id='word_1_269' title='bbox 770 1461 914 1499; x_wconf 74' lang='lat' dir='ltr'><em>praetor</em></span> <span class='ocrx_word' id='word_1_270' title='bbox 917 1456 952 1487; x_wconf 85' lang='lat' dir='ltr'><em>ia</em></span> <span class='ocrx_word' id='word_1_271' title='bbox 968 1455 1053 1486; x_wconf 82' lang='lat' dir='ltr'><em>dicta</em></span> <span class='ocrx_word' id='word_1_272' title='bbox 1065 1461 1144 1486; x_wconf 89' lang='lat' dir='ltr'><em>sunt</em></span> <span class='ocrx_word' id='word_1_273' title='bbox 1158 1454 1338 1496; x_wconf 86' lang='lat' dir='ltr'><em>aliquando</em></span> <span class='ocrx_word' id='word_1_274' title='bbox 1353 1453 1455 1485; x_wconf 89' lang='lat' dir='ltr'><em>etiam</em></span> <span class='ocrx_word' id='word_1_275' title='bbox 1470 1454 1566 1485; x_wconf 81' lang='lat' dir='ltr'><em>loca&#39;</em></span> <span class='ocrx_word' id='word_1_276' title='bbox 1556 1466 1610 1486; x_wconf 82' lang='grc'>1111</span> <span class='ocrx_word' id='word_1_277' title='bbox 1613 1455 1623 1485; x_wconf 86' lang='grc'><em>1</em></span> <span class='ocrx_word' id='word_1_278' title='bbox 1638 1454 1785 1486; x_wconf 90' lang='lat' dir='ltr'><em>dicundo</em></span> <span class='ocrx_word' id='word_1_279' title='bbox 1799 1453 1936 1497; x_wconf 87' lang='lat' dir='ltr'><em>publice</em></span> <span class='ocrx_word' id='word_1_280' title='bbox 1948 1465 2031 1486; x_wconf 88' lang='lat' dir='ltr'><em>con-</em></span> 
     </span>
     <span class='ocr_line' id='line_1_26' title="bbox 155 1506 2032 1552; baseline -0.002 -8.996"><span class='ocrx_word' id='word_1_281' title='bbox 155 1513 281 1550; x_wconf 80' lang='lat' dir='ltr'><em>stituta,</em></span> <span class='ocrx_word' id='word_1_282' title='bbox 302 1511 342 1541; x_wconf 88' lang='lat' dir='ltr'><em>de</em></span> <span class='ocrx_word' id='word_1_283' title='bbox 356 1510 476 1552; x_wconf 88' lang='lat' dir='ltr'><em>quibus</em></span> <span class='ocrx_word' id='word_1_284' title='bbox 487 1508 684 1539; x_wconf 84' lang='lat' dir='ltr'><em>Perizonius</em></span> <span class='ocrx_word' id='word_1_285' title='bbox 699 1519 732 1550; x_wconf 88' lang='lat' dir='ltr'><em>p.</em></span> <span class='ocrx_word' id='word_1_286' title='bbox 747 1509 797 1539; x_wconf 83' lang='grc'><em>65.</em></span> <span class='ocrx_word' id='word_1_287' title='bbox 812 1508 882 1539; x_wconf 88' lang='lat' dir='ltr'><em>eius</em></span> <span class='ocrx_word' id='word_1_288' title='bbox 896 1508 985 1547; x_wconf 77' lang='lat' dir='ltr'><em>mni,</em></span> <span class='ocrx_word' id='word_1_289' title='bbox 1003 1520 1068 1550; x_wconf 87' lang='lat' dir='ltr'><em>quo</em></span> <span class='ocrx_word' id='word_1_290' title='bbox 1086 1507 1326 1551; x_wconf 87' lang='lat' dir='ltr'><em>copiosissume</em></span> <span class='ocrx_word' id='word_1_291' title='bbox 1346 1506 1386 1538; x_wconf 87' lang='lat' dir='ltr'><em>de</em></span> <span class='ocrx_word' id='word_1_292' title='bbox 1397 1507 1568 1550; x_wconf 82' lang='lat' dir='ltr'><em>piaet01io</em></span> <span class='ocrx_word' id='word_1_293' title='bbox 1587 1507 1752 1540; x_wconf 84' lang='lat' dir='ltr'><em>disseruit.</em></span> <span class='ocrx_word' id='word_1_294' title='bbox 1771 1507 2032 1541; x_wconf 75' lang='lat' dir='ltr'><em>GARAToxlcs.</em></span> 
     </span>
    </p>

    <p class='ocr_par' dir='ltr' id='par_1_7' title="bbox 243 1561 1133 1609">
     <span class='ocr_line' id='line_1_27' title="bbox 243 1561 1133 1609; baseline -0.005 -13"><span class='ocrx_word' id='word_1_295' title='bbox 243 1566 298 1598; x_wconf 84' lang='lat' dir='ltr'><em>De</em></span> <span class='ocrx_word' id='word_1_296' title='bbox 315 1569 479 1609; x_wconf 77' lang='lat' dir='ltr'><em>praetore</em></span> <span class='ocrx_word' id='word_1_297' title='bbox 504 1562 742 1601; x_wconf 55' lang='lat' dir='ltr'><em>blandoniae)</em></span> <span class='ocrx_word' id='word_1_298' title='bbox 787 1561 867 1592; x_wconf 87' lang='lat' dir='ltr'><em>Fuit</em></span> <span class='ocrx_word' id='word_1_299' title='bbox 889 1562 930 1592; x_wconf 90' lang='lat' dir='ltr'><em>L.</em></span> <span class='ocrx_word' id='word_1_300' title='bbox 954 1561 1133 1603; x_wconf 84' lang='lat' dir='ltr'><em>Apuleius.</em></span> 
     </span>
    </p>
   </div>
   <div class='ocr_carea' id='block_1_4' title="bbox 159 1612 2034 1714">
    <p class='ocr_par' dir='ltr' id='par_1_8' title="bbox 159 1612 2034 1714">
     <span class='ocr_line' id='line_1_28' title="bbox 271 1612 2034 1658; baseline -0.001 -9.99"><span class='ocrx_word' id='word_1_301' title='bbox 271 1624 313 1653; x_wconf 48' lang='grc' dir='ltr'><em>νή</em></span> <span class='ocrx_word' id='word_1_302' title='bbox 337 1618 368 1649; x_wconf 85' lang='lat' dir='ltr'><em>si</em></span> <span class='ocrx_word' id='word_1_303' title='bbox 391 1614 598 1657; x_wconf 74' lang='lat' dir='ltr'><em>accidcrent)</em></span> <span class='ocrx_word' id='word_1_304' title='bbox 642 1614 679 1645; x_wconf 90' lang='lat' dir='ltr'><em>F.</em></span> <span class='ocrx_word' id='word_1_305' title='bbox 703 1613 847 1647; x_wconf 77' lang='lat' dir='ltr'><em>U1sinus</em></span> <span class='ocrx_word' id='word_1_306' title='bbox 864 1620 937 1656; x_wconf 88' lang='lat' dir='ltr'><em>post</em></span> <span class='ocrx_word' id='word_1_307' title='bbox 960 1620 1010 1646; x_wconf 78' lang='lat' dir='ltr'><em>set</em></span> <span class='ocrx_word' id='word_1_308' title='bbox 1033 1612 1218 1646; x_wconf 87' lang='lat' dir='ltr'><em>desiderari</em></span> <span class='ocrx_word' id='word_1_309' title='bbox 1242 1613 1303 1658; x_wconf 79' lang='lat' dir='ltr'><em>qui</em></span> <span class='ocrx_word' id='word_1_310' title='bbox 1316 1612 1459 1653; x_wconf 85' lang='lat' dir='ltr'><em>monuit,</em></span> <span class='ocrx_word' id='word_1_311' title='bbox 1484 1624 1551 1655; x_wconf 88' lang='lat' dir='ltr'><em>quo</em></span> <span class='ocrx_word' id='word_1_312' title='bbox 1574 1612 1779 1657; x_wconf 79' lang='lat' dir='ltr'><em>pronomine</em></span> <span class='ocrx_word' id='word_1_313' title='bbox 1799 1612 1899 1645; x_wconf 85' lang='lat' dir='ltr'><em>facile</em></span> <span class='ocrx_word' id='word_1_314' title='bbox 1920 1616 2034 1649; x_wconf 82' lang='lat' dir='ltr'><em>carere</em></span> 
     </span>
     <span class='ocr_line' id='line_1_29' title="bbox 159 1667 1005 1714; baseline -0.005 -12"><span class='ocrx_word' id='word_1_315' title='bbox 159 1683 354 1714; x_wconf 82' lang='lat' dir='ltr'><em>possumus,</em></span> <span class='ocrx_word' id='word_1_316' title='bbox 378 1680 455 1699; x_wconf 88' lang='lat' dir='ltr'><em>cum</em></span> <span class='ocrx_word' id='word_1_317' title='bbox 478 1667 579 1698; x_wconf 90' lang='lat' dir='ltr'><em>modo</em></span> <span class='ocrx_word' id='word_1_318' title='bbox 603 1681 671 1700; x_wconf 76' lang='lat' dir='ltr'><em>non</em></span> <span class='ocrx_word' id='word_1_319' title='bbox 695 1668 755 1711; x_wconf 78' lang='lat' dir='ltr'><em>qui</em></span> <span class='ocrx_word' id='word_1_320' title='bbox 777 1668 1005 1710; x_wconf 82' lang='lat' dir='ltr'><em>praecesserit.</em></span> 
     </span>
    </p>
   </div>
   <div class='ocr_carea' id='block_1_5' title="bbox 160 1718 2039 2507">
    <p class='ocr_par' dir='ltr' id='par_1_9' title="bbox 160 1718 2039 2507">
     <span class='ocr_line' id='line_1_30' title="bbox 247 1718 2032 1765; baseline 0 -11"><span class='ocrx_word' id='word_1_321' title='bbox 247 1724 276 1765; x_wconf 59' lang='grc' dir='ltr'><em>ξ.</em></span> <span class='ocrx_word' id='word_1_322' title='bbox 306 1734 375 1754; x_wconf 90' lang='grc'>100.</span> <span class='ocrx_word' id='word_1_323' title='bbox 421 1721 505 1753; x_wconf 76' lang='lat' dir='ltr'><em>Cum</em></span> <span class='ocrx_word' id='word_1_324' title='bbox 530 1720 577 1752; x_wconf 77' lang='lat' dir='ltr'><em>ad</em></span> <span class='ocrx_word' id='word_1_325' title='bbox 597 1734 649 1753; x_wconf 83' lang='lat' dir='ltr'><em>me</em></span> <span class='ocrx_word' id='word_1_326' title='bbox 672 1721 717 1753; x_wconf 92' lang='lat' dir='ltr'><em>L.</em></span> <span class='ocrx_word' id='word_1_327' title='bbox 744 1720 898 1760; x_wconf 73' lang='lat' dir='ltr'><em>Tubero,</em></span> <span class='ocrx_word' id='word_1_328' title='bbox 920 1733 1014 1753; x_wconf 79' lang='lat' dir='ltr'><em>meus</em></span> <span class='ocrx_word' id='word_1_329' title='bbox 1037 1720 1267 1760; x_wconf 74' lang='lat' dir='ltr'><em>necessarius,</em></span> <span class='ocrx_word' id='word_1_330' title='bbox 1292 1720 1352 1764; x_wconf 78' lang='lat' dir='ltr'><em>qui</em></span> <span class='ocrx_word' id='word_1_331' title='bbox 1365 1718 1485 1764; x_wconf 81' lang='lat' dir='ltr'><em>fratri</em></span> <span class='ocrx_word' id='word_1_332' title='bbox 1505 1732 1578 1751; x_wconf 86' lang='lat' dir='ltr'><em>meo</em></span> <span class='ocrx_word' id='word_1_333' title='bbox 1601 1719 1740 1763; x_wconf 78' lang='lat' dir='ltr'><em>legatus</em></span> <span class='ocrx_word' id='word_1_334' title='bbox 1753 1719 1906 1763; x_wconf 83' lang='lat' dir='ltr'><em>fuisset,</em></span> <span class='ocrx_word' id='word_1_335' title='bbox 1935 1721 2032 1755; x_wconf 82' lang='lat' dir='ltr'><em>dece-</em></span> 
     </span>
     <span class='ocr_line' id='line_1_31' title="bbox 160 1772 2033 1817; baseline -0.003 -7"><span class='ocrx_word' id='word_1_336' title='bbox 160 1780 242 1810; x_wconf 75' lang='lat' dir='ltr'><em>dens</em></span> <span class='ocrx_word' id='word_1_337' title='bbox 268 1789 307 1808; x_wconf 72' lang='lat' dir='ltr'><em>ex</em></span> <span class='ocrx_word' id='word_1_338' title='bbox 330 1775 419 1807; x_wconf 82' lang='lat' dir='ltr'><em>Asia</em></span> <span class='ocrx_word' id='word_1_339' title='bbox 442 1774 605 1816; x_wconf 78' lang='lat' dir='ltr'><em>uenisset)</em></span> <span class='ocrx_word' id='word_1_340' title='bbox 651 1774 728 1815; x_wconf 87' lang='lat' dir='ltr'><em>Quo</em></span> <span class='ocrx_word' id='word_1_341' title='bbox 752 1779 904 1817; x_wconf 85' lang='lat' dir='ltr'><em>tempore</em></span> <span class='ocrx_word' id='word_1_342' title='bbox 928 1775 969 1806; x_wconf 87' lang='lat' dir='ltr'><em>L.</em></span> <span class='ocrx_word' id='word_1_343' title='bbox 985 1774 1121 1805; x_wconf 83' lang='lat' dir='ltr'><em>Tubero</em></span> <span class='ocrx_word' id='word_1_344' title='bbox 1145 1773 1185 1805; x_wconf 88' lang='lat' dir='ltr'><em>ad</em></span> <span class='ocrx_word' id='word_1_345' title='bbox 1208 1784 1286 1803; x_wconf 89' lang='lat' dir='ltr'><em>eum</em></span> <span class='ocrx_word' id='word_1_346' title='bbox 1309 1772 1450 1810; x_wconf 81' lang='lat' dir='ltr'><em>uenerit,</em></span> <span class='ocrx_word' id='word_1_347' title='bbox 1475 1772 1598 1814; x_wconf 82' lang='lat' dir='ltr'><em>conligi</em></span> <span class='ocrx_word' id='word_1_348' title='bbox 1620 1778 1733 1815; x_wconf 83' lang='lat' dir='ltr'><em>potest</em></span> <span class='ocrx_word' id='word_1_349' title='bbox 1755 1784 1799 1804; x_wconf 83' lang='lat' dir='ltr'><em>ex</em></span> <span class='ocrx_word' id='word_1_350' title='bbox 1817 1772 1878 1804; x_wconf 90' lang='lat' dir='ltr'><strong>III.</strong></span> <span class='ocrx_word' id='word_1_351' title='bbox 1901 1773 1942 1804; x_wconf 85' lang='lat' dir='ltr'><em>ad</em></span> <span class='ocrx_word' id='word_1_352' title='bbox 1957 1774 2033 1807; x_wconf 84' lang='lat' dir='ltr'><em>Att.</em></span> 
     </span>
     <span class='ocr_line' id='line_1_32' title="bbox 161 1824 2035 1874; baseline -0.002 -12"><span class='ocrx_word' id='word_1_353' title='bbox 161 1843 211 1874; x_wconf 80' lang='lat'><em>9.:</em></span> <span class='ocrx_word' id='word_1_354' title='bbox 235 1830 276 1870; x_wconf 83' lang='lat' dir='ltr'><em>Q.</em></span> <span class='ocrx_word' id='word_1_355' title='bbox 291 1827 413 1872; x_wconf 80' lang='lat' dir='ltr'><em>frater</em></span> <span class='ocrx_word' id='word_1_356' title='bbox 437 1839 537 1871; x_wconf 70' lang='lat' dir='ltr'><em>quom</em></span> <span class='ocrx_word' id='word_1_357' title='bbox 560 1840 600 1859; x_wconf 78' lang='lat' dir='ltr'><em>ex</em></span> <span class='ocrx_word' id='word_1_358' title='bbox 624 1827 714 1859; x_wconf 75' lang='lat' dir='ltr'><em>Asia</em></span> <span class='ocrx_word' id='word_1_359' title='bbox 745 1827 955 1859; x_wconf 72' lang='lat' dir='ltr'><em>discessisset</em></span> <span class='ocrx_word' id='word_1_360' title='bbox 978 1832 1058 1859; x_wconf 76' lang='lat' dir='ltr'><em>ante</em></span> <span class='ocrx_word' id='word_1_361' title='bbox 1080 1826 1166 1859; x_wconf 88' lang='lat' dir='ltr'><em>Kal.</em></span> <span class='ocrx_word' id='word_1_362' title='bbox 1186 1826 1312 1865; x_wconf 84' lang='lat' dir='ltr'><em>Maias,</em></span> <span class='ocrx_word' id='word_1_363' title='bbox 1337 1830 1370 1857; x_wconf 76' lang='lat' dir='ltr'><em>et</em></span> <span class='ocrx_word' id='word_1_364' title='bbox 1391 1824 1548 1858; x_wconf 76' lang='lat' dir='ltr'><em>Athenas</em></span> <span class='ocrx_word' id='word_1_365' title='bbox 1573 1825 1724 1857; x_wconf 80' lang='lat' dir='ltr'><em>uenisset</em></span> <span class='ocrx_word' id='word_1_366' title='bbox 1744 1824 1878 1858; x_wconf 73' lang='lat' dir='ltr'><em>Idibus.</em></span> <span class='ocrx_word' id='word_1_367' title='bbox 1922 1826 2035 1859; x_wconf 85' lang='lat' dir='ltr'><em>Thes·</em></span> 
     </span>
     <span class='ocr_line' id='line_1_33' title="bbox 160 1877 2036 1923; baseline -0.002 -9"><span class='ocrx_word' id='word_1_368' title='bbox 160 1883 342 1915; x_wconf 79' lang='lat' dir='ltr'><em>salonicam</em></span> <span class='ocrx_word' id='word_1_369' title='bbox 372 1881 500 1923; x_wconf 88' lang='lat' dir='ltr'><em>legatus</em></span> <span class='ocrx_word' id='word_1_370' title='bbox 530 1879 620 1911; x_wconf 89' lang='lat' dir='ltr'><em>illius</em></span> <span class='ocrx_word' id='word_1_371' title='bbox 645 1879 783 1910; x_wconf 85' lang='lat' dir='ltr'><em>Tubero</em></span> <span class='ocrx_word' id='word_1_372' title='bbox 817 1891 931 1911; x_wconf 88' lang='lat' dir='ltr'><em>mense</em></span> <span class='ocrx_word' id='word_1_373' title='bbox 959 1879 1056 1911; x_wconf 90' lang='lat' dir='ltr'><em>Iunio</em></span> <span class='ocrx_word' id='word_1_374' title='bbox 1084 1878 1182 1910; x_wconf 83' lang='lat' dir='ltr'><em>facile</em></span> <span class='ocrx_word' id='word_1_375' title='bbox 1204 1878 1412 1922; x_wconf 87' lang='lat' dir='ltr'><em>peruenerit.</em></span> <span class='ocrx_word' id='word_1_376' title='bbox 1468 1878 1520 1910; x_wconf 91' lang='lat' dir='ltr'><em>lbi</em></span> <span class='ocrx_word' id='word_1_377' title='bbox 1545 1878 1663 1910; x_wconf 85' lang='lat' dir='ltr'><em>Cicero</em></span> <span class='ocrx_word' id='word_1_378' title='bbox 1686 1882 1835 1908; x_wconf 89' lang='lat' dir='ltr'><em>retentus</em></span> <span class='ocrx_word' id='word_1_379' title='bbox 1857 1889 1876 1908; x_wconf 89' lang='lat' dir='ltr'><em>a</em></span> <span class='ocrx_word' id='word_1_380' title='bbox 1897 1877 2036 1913; x_wconf 88' lang='lat' dir='ltr'><em>Plancio</em></span> 
     </span>
     <span class='ocr_line' id='line_1_34' title="bbox 161 1922 2036 1974; baseline -0.002 -7"><span class='ocrx_word' id='word_1_381' title='bbox 161 1936 244 1967; x_wconf 88' lang='lat' dir='ltr'><em>haut</em></span> <span class='ocrx_word' id='word_1_382' title='bbox 273 1941 385 1965; x_wconf 85' lang='lat' dir='ltr'><em>tamen</em></span> <span class='ocrx_word' id='word_1_383' title='bbox 416 1934 572 1965; x_wconf 87' lang='lat' dir='ltr'><em>lubenter</em></span> <span class='ocrx_word' id='word_1_384' title='bbox 601 1932 867 1963; x_wconf 74' lang='lat' dir='ltr'><em>commorabatur.</em></span> <span class='ocrx_word' id='word_1_385' title='bbox 912 1933 972 1964; x_wconf 81' lang='lat' dir='ltr'><strong>III.</strong></span> <span class='ocrx_word' id='word_1_386' title='bbox 998 1932 1040 1964; x_wconf 87' lang='lat' dir='ltr'><em>ad</em></span> <span class='ocrx_word' id='word_1_387' title='bbox 1062 1932 1134 1965; x_wconf 90' lang='lat' dir='ltr'><em>Att.</em></span> <span class='ocrx_word' id='word_1_388' title='bbox 1169 1933 1217 1964; x_wconf 74' lang='grc'><em>14.</em></span> <span class='ocrx_word' id='word_1_389' title='bbox 1244 1933 1321 1964; x_wconf 84' lang='lat' dir='ltr'><em>Kal.</em></span> <span class='ocrx_word' id='word_1_390' title='bbox 1345 1930 1502 1971; x_wconf 80' lang='lat' dir='ltr'><em>Sextilis,</em></span> <span class='ocrx_word' id='word_1_391' title='bbox 1543 1931 1615 1963; x_wconf 87' lang='lat' dir='ltr'><em>iam</em></span> <span class='ocrx_word' id='word_1_392' title='bbox 1637 1931 1874 1970; x_wconf 80' lang='lat' dir='ltr'><em>extrudimur,</em></span> <span class='ocrx_word' id='word_1_393' title='bbox 1913 1922 2036 1974; x_wconf 75' lang='lat' dir='ltr'><em>inquit,</em></span> 
     </span>
     <span class='ocr_line' id='line_1_35' title="bbox 164 1982 2036 2029; baseline -0.002 -9"><span class='ocrx_word' id='word_1_394' title='bbox 164 2001 231 2020; x_wconf 69' lang='lat' dir='ltr'><em>tlon</em></span> <span class='ocrx_word' id='word_1_395' title='bbox 255 2001 277 2019; x_wconf 88' lang='grc' dir='ltr'><em>α</em></span> <span class='ocrx_word' id='word_1_396' title='bbox 299 1987 466 2019; x_wconf 74' lang='lat' dir='ltr'><em>Plancio.-</em></span> <span class='ocrx_word' id='word_1_397' title='bbox 500 1998 580 2018; x_wconf 84' lang='lat' dir='ltr'><em>nam</em></span> <span class='ocrx_word' id='word_1_398' title='bbox 604 1986 634 2017; x_wconf 89' lang='lat' dir='ltr'><em>is</em></span> <span class='ocrx_word' id='word_1_399' title='bbox 658 1986 795 2029; x_wconf 77' lang='lat' dir='ltr'><em>quidem</em></span> <span class='ocrx_word' id='word_1_400' title='bbox 818 1987 960 2025; x_wconf 52' lang='lat' dir='ltr'><em>retine&amp;</em></span> <span class='ocrx_word' id='word_1_401' title='bbox 997 1991 1048 2017; x_wconf 75' lang='lat' dir='ltr'><em>set</em></span> <span class='ocrx_word' id='word_1_402' title='bbox 1068 1985 1110 2018; x_wconf 83' lang='lat' dir='ltr'><em>ab</em></span> <span class='ocrx_word' id='word_1_403' title='bbox 1134 1986 1208 2029; x_wconf 76' lang='lat' dir='ltr'><em>ipso</em></span> <span class='ocrx_word' id='word_1_404' title='bbox 1231 1986 1314 2018; x_wconf 81' lang='lat' dir='ltr'><em>loco.</em></span> <span class='ocrx_word' id='word_1_405' title='bbox 1356 1985 1508 2016; x_wconf 82' lang='lat' dir='ltr'><em>Incertus</em></span> <span class='ocrx_word' id='word_1_406' title='bbox 1535 1983 1670 2023; x_wconf 87' lang='lat' dir='ltr'><em>deinde,</em></span> <span class='ocrx_word' id='word_1_407' title='bbox 1706 1995 1773 2026; x_wconf 92' lang='lat' dir='ltr'><em>quo</em></span> <span class='ocrx_word' id='word_1_408' title='bbox 1796 1994 1831 2015; x_wconf 90' lang='lat' dir='ltr'><em>se</em></span> <span class='ocrx_word' id='word_1_409' title='bbox 1855 1982 2036 2026; x_wconf 79' lang='lat' dir='ltr'><em>consen-et,</em></span> 
     </span>
     <span class='ocr_line' id='line_1_36' title="bbox 166 2036 2038 2081; baseline -0.001 -9"><span class='ocrx_word' id='word_1_410' title='bbox 166 2041 207 2072; x_wconf 86' lang='lat' dir='ltr'><em>de</em></span> <span class='ocrx_word' id='word_1_411' title='bbox 229 2039 383 2071; x_wconf 80' lang='lat' dir='ltr'><em>abeundo</em></span> <span class='ocrx_word' id='word_1_412' title='bbox 407 2038 546 2070; x_wconf 88' lang='lat' dir='ltr'><em>adsidue</em></span> <span class='ocrx_word' id='word_1_413' title='bbox 575 2038 755 2081; x_wconf 81' lang='lat' dir='ltr'><em>cogitabat,</em></span> <span class='ocrx_word' id='word_1_414' title='bbox 786 2039 854 2077; x_wconf 89' lang='lat'><em>111,</em></span> <span class='ocrx_word' id='word_1_415' title='bbox 889 2040 936 2070; x_wconf 81' lang='lat'><em>15.</em></span> <span class='ocrx_word' id='word_1_416' title='bbox 965 2039 1031 2070; x_wconf 89' lang='grc'>16..</span> <span class='ocrx_word' id='word_1_417' title='bbox 1077 2039 1229 2070; x_wconf 87' lang='lat' dir='ltr'><em>Tandem</em></span> <span class='ocrx_word' id='word_1_418' title='bbox 1253 2039 1354 2071; x_wconf 87' lang='lat' dir='ltr'><strong>XVI.</strong></span> <span class='ocrx_word' id='word_1_419' title='bbox 1378 2038 1455 2070; x_wconf 87' lang='lat' dir='ltr'><em>Kal.</em></span> <span class='ocrx_word' id='word_1_420' title='bbox 1480 2037 1638 2070; x_wconf 83' lang='lat' dir='ltr'><em>Octobris</em></span> <span class='ocrx_word' id='word_1_421' title='bbox 1667 2037 1764 2080; x_wconf 90' lang='lat' dir='ltr'><em>epist.</em></span> <span class='ocrx_word' id='word_1_422' title='bbox 1790 2047 1839 2080; x_wconf 87' lang='lat'><em>19.</em></span> <span class='ocrx_word' id='word_1_423' title='bbox 1864 2036 1948 2070; x_wconf 86' lang='lat' dir='ltr'><em>Asia</em></span> <span class='ocrx_word' id='word_1_424' title='bbox 1970 2037 2038 2070; x_wconf 83' lang='lat' dir='ltr'><em>iam</em></span> 
     </span>
     <span class='ocr_line' id='line_1_37' title="bbox 167 2089 2039 2135; baseline -0.001 -11"><span class='ocrx_word' id='word_1_425' title='bbox 167 2093 289 2125; x_wconf 85' lang='lat' dir='ltr'><em>omissa</em></span> <span class='ocrx_word' id='word_1_426' title='bbox 313 2098 346 2123; x_wconf 82' lang='lat' dir='ltr'><em>et</em></span> <span class='ocrx_word' id='word_1_427' title='bbox 370 2092 493 2134; x_wconf 73' lang='lat' dir='ltr'><em>Cyzico</em></span> <span class='ocrx_word' id='word_1_428' title='bbox 517 2092 552 2123; x_wconf 80' lang='lat' dir='ltr'><em>in</em></span> <span class='ocrx_word' id='word_1_429' title='bbox 574 2091 746 2135; x_wconf 75' lang='lat' dir='ltr'><em>Epirum,</em></span> <span class='ocrx_word' id='word_1_430' title='bbox 769 2090 897 2133; x_wconf 87' lang='lat' dir='ltr'><em>inquit,</em></span> <span class='ocrx_word' id='word_1_431' title='bbox 920 2092 968 2123; x_wconf 81' lang='lat' dir='ltr'><em>acl</em></span> <span class='ocrx_word' id='word_1_432' title='bbox 989 2097 1021 2124; x_wconf 81' lang='lat' dir='ltr'><em>te</em></span> <span class='ocrx_word' id='word_1_433' title='bbox 1044 2092 1091 2133; x_wconf 90' lang='lat' dir='ltr'><em>(in</em></span> <span class='ocrx_word' id='word_1_434' title='bbox 1113 2091 1222 2125; x_wconf 76' lang='lat' dir='ltr'><em>Attici</em></span> <span class='ocrx_word' id='word_1_435' title='bbox 1244 2091 1354 2134; x_wconf 86' lang='lat' dir='ltr'><em>agros)</em></span> <span class='ocrx_word' id='word_1_436' title='bbox 1376 2092 1487 2123; x_wconf 80' lang='lat' dir='ltr'><em>statui</em></span> <span class='ocrx_word' id='word_1_437' title='bbox 1508 2103 1562 2123; x_wconf 87' lang='lat' dir='ltr'><em>me</em></span> <span class='ocrx_word' id='word_1_438' title='bbox 1584 2089 1750 2133; x_wconf 78' lang='lat' dir='ltr'><em>conferre.</em></span> <span class='ocrx_word' id='word_1_439' title='bbox 1796 2090 2039 2122; x_wconf 86' lang='lat' dir='ltr'><em>Uerumtamen</em></span> 
     </span>
     <span class='ocr_line' id='line_1_38' title="bbox 166 2142 2036 2187; baseline -0.002 -10"><span class='ocrx_word' id='word_1_440' title='bbox 166 2158 236 2178; x_wconf 87' lang='grc'>11011</span> <span class='ocrx_word' id='word_1_441' title='bbox 263 2144 413 2176; x_wconf 79' lang='lat' dir='ltr'><em>discessit</em></span> <span class='ocrx_word' id='word_1_442' title='bbox 434 2156 453 2175; x_wconf 87' lang='lat' dir='ltr'><em>a</em></span> <span class='ocrx_word' id='word_1_443' title='bbox 475 2143 610 2175; x_wconf 85' lang='lat' dir='ltr'><em>Plancio</em></span> <span class='ocrx_word' id='word_1_444' title='bbox 634 2144 699 2175; x_wconf 86' lang='lat' dir='ltr'><em>nisi</em></span> <span class='ocrx_word' id='word_1_445' title='bbox 721 2150 799 2186; x_wconf 89' lang='lat' dir='ltr'><em>post</em></span> <span class='ocrx_word' id='word_1_446' title='bbox 822 2144 896 2175; x_wconf 88' lang='lat' dir='ltr'><em>Idus</em></span> <span class='ocrx_word' id='word_1_447' title='bbox 920 2145 1146 2186; x_wconf 79' lang='lat' dir='ltr'><em>Nouembris,</em></span> <span class='ocrx_word' id='word_1_448' title='bbox 1185 2156 1264 2177; x_wconf 87' lang='lat' dir='ltr'><em>cum</em></span> <span class='ocrx_word' id='word_1_449' title='bbox 1291 2149 1432 2187; x_wconf 88' lang='lat' dir='ltr'><em>repente</em></span> <span class='ocrx_word' id='word_1_450' title='bbox 1454 2142 1710 2186; x_wconf 86' lang='lat' dir='ltr'><em>Dyrrhachium</em></span> <span class='ocrx_word' id='word_1_451' title='bbox 1739 2142 1849 2174; x_wconf 88' lang='lat' dir='ltr'><em>rediit.</em></span> <span class='ocrx_word' id='word_1_452' title='bbox 1894 2143 1947 2175; x_wconf 92' lang='lat' dir='ltr'><em>Eo</em></span> <span class='ocrx_word' id='word_1_453' title='bbox 1969 2142 2036 2174; x_wconf 90' lang='lat' dir='ltr'><em>iam</em></span> 
     </span>
     <span class='ocr_line' id='line_1_39' title="bbox 166 2196 2039 2242; baseline -0.002 -12"><span class='ocrx_word' id='word_1_454' title='bbox 166 2204 369 2242; x_wconf 85' lang='lat' dir='ltr'><em>peruenerat</em></span> <span class='ocrx_word' id='word_1_455' title='bbox 392 2197 454 2228; x_wconf 75' lang='lat' dir='ltr'><em>VI.</em></span> <span class='ocrx_word' id='word_1_456' title='bbox 481 2196 556 2228; x_wconf 82' lang='lat' dir='ltr'><em>Kal.</em></span> <span class='ocrx_word' id='word_1_457' title='bbox 578 2196 787 2236; x_wconf 85' lang='lat' dir='ltr'><em>Decembris,</em></span> <span class='ocrx_word' id='word_1_458' title='bbox 814 2208 880 2238; x_wconf 92' lang='lat' dir='ltr'><em>quo</em></span> <span class='ocrx_word' id='word_1_459' title='bbox 905 2196 959 2228; x_wconf 92' lang='lat' dir='ltr'><em>die</em></span> <span class='ocrx_word' id='word_1_460' title='bbox 981 2198 1023 2229; x_wconf 89' lang='lat' dir='ltr'><em>ad</em></span> <span class='ocrx_word' id='word_1_461' title='bbox 1046 2199 1201 2231; x_wconf 89' lang='lat' dir='ltr'><em>Atticum</em></span> <span class='ocrx_word' id='word_1_462' title='bbox 1224 2205 1256 2230; x_wconf 89' lang='lat' dir='ltr'><em>et</em></span> <span class='ocrx_word' id='word_1_463' title='bbox 1277 2197 1317 2229; x_wconf 88' lang='lat' dir='ltr'><em>ad</em></span> <span class='ocrx_word' id='word_1_464' title='bbox 1339 2197 1537 2229; x_wconf 88' lang='lat' dir='ltr'><em>Terentiam</em></span> <span class='ocrx_word' id='word_1_465' title='bbox 1560 2196 1690 2228; x_wconf 85' lang='lat' dir='ltr'><em>litteras</em></span> <span class='ocrx_word' id='word_1_466' title='bbox 1712 2196 1817 2235; x_wconf 80' lang='lat' dir='ltr'><em>misit,</em></span> <span class='ocrx_word' id='word_1_467' title='bbox 1839 2206 1920 2238; x_wconf 89' lang='lat' dir='ltr'><em>quas</em></span> <span class='ocrx_word' id='word_1_468' title='bbox 1942 2200 2039 2226; x_wconf 81' lang='lat' dir='ltr'><em>antea</em></span> 
     </span>
     <span class='ocr_line' id='line_1_40' title="bbox 168 2249 2039 2292; baseline -0.001 -10"><span class='ocrx_word' id='word_1_469' title='bbox 168 2250 426 2282; x_wconf 86' lang='lat' dir='ltr'><em>Thessalonicae</em></span> <span class='ocrx_word' id='word_1_470' title='bbox 449 2249 637 2292; x_wconf 84' lang='lat' dir='ltr'><em>scripserat.</em></span> <span class='ocrx_word' id='word_1_471' title='bbox 684 2250 739 2281; x_wconf 90' lang='lat' dir='ltr'><em>Sic</em></span> <span class='ocrx_word' id='word_1_472' title='bbox 760 2255 874 2281; x_wconf 86' lang='lat' dir='ltr'><em>autem</em></span> <span class='ocrx_word' id='word_1_473' title='bbox 899 2249 938 2280; x_wconf 90' lang='lat' dir='ltr'><em>ad</em></span> <span class='ocrx_word' id='word_1_474' title='bbox 961 2250 1065 2282; x_wconf 84' lang='lat' dir='ltr'><em>Attic.</em></span> <span class='ocrx_word' id='word_1_475' title='bbox 1079 2252 1139 2290; x_wconf 92' lang='lat' dir='ltr'><em>III,</em></span> <span class='ocrx_word' id='word_1_476' title='bbox 1163 2262 1234 2284; x_wconf 82' lang='lat'><strong>22.:</strong></span> <span class='ocrx_word' id='word_1_477' title='bbox 1258 2253 1317 2285; x_wconf 73' lang='lat' dir='ltr'><em>Ille</em></span> <span class='ocrx_word' id='word_1_478' title='bbox 1338 2252 1452 2284; x_wconf 74' lang='lat' dir='ltr'><em>adhuc</em></span> <span class='ocrx_word' id='word_1_479' title='bbox 1473 2250 1643 2283; x_wconf 71' lang='lat' dir='ltr'><em>Plancius</em></span> <span class='ocrx_word' id='word_1_480' title='bbox 1665 2249 1876 2282; x_wconf 78' lang='lat' dir='ltr'><em>liberalitate</em></span> <span class='ocrx_word' id='word_1_481' title='bbox 1897 2260 1961 2280; x_wconf 82' lang='lat' dir='ltr'><em>sua</em></span> <span class='ocrx_word' id='word_1_482' title='bbox 1983 2259 2039 2281; x_wconf 82' lang='lat' dir='ltr'><em>re—</em></span> 
     </span>
     <span class='ocr_line' id='line_1_41' title="bbox 172 2301 2039 2349; baseline -0.001 -14"><span class='ocrx_word' id='word_1_483' title='bbox 172 2305 275 2342; x_wconf 78' lang='lat' dir='ltr'><em>tinet,</em></span> <span class='ocrx_word' id='word_1_484' title='bbox 299 2305 369 2335; x_wconf 81' lang='lat' dir='ltr'><em>iam</em></span> <span class='ocrx_word' id='word_1_485' title='bbox 393 2303 576 2347; x_wconf 76' lang='lat' dir='ltr'><em>aliquoties</em></span> <span class='ocrx_word' id='word_1_486' title='bbox 599 2308 759 2335; x_wconf 76' lang='lat' dir='ltr'><em>conatum</em></span> <span class='ocrx_word' id='word_1_487' title='bbox 781 2304 832 2335; x_wconf 85' lang='lat' dir='ltr'><em>ire</em></span> <span class='ocrx_word' id='word_1_488' title='bbox 854 2303 890 2334; x_wconf 81' lang='lat' dir='ltr'><em>in</em></span> <span class='ocrx_word' id='word_1_489' title='bbox 903 2304 1065 2347; x_wconf 76' lang='lat' dir='ltr'><em>Epirum.</em></span> <span class='ocrx_word' id='word_1_490' title='bbox 1110 2305 1194 2349; x_wconf 84' lang='lat' dir='ltr'><em>Spes</em></span> <span class='ocrx_word' id='word_1_491' title='bbox 1217 2304 1420 2337; x_wconf 76' lang='lat' dir='ltr'><em>homini-est</em></span> <span class='ocrx_word' id='word_1_492' title='bbox 1442 2304 1570 2336; x_wconf 74' lang='lat' dir='ltr'><em>iniecta</em></span> <span class='ocrx_word' id='word_1_493' title='bbox 1592 2316 1659 2336; x_wconf 83' lang='lat' dir='ltr'><em>non</em></span> <span class='ocrx_word' id='word_1_494' title='bbox 1682 2303 1811 2342; x_wconf 83' lang='lat' dir='ltr'><em>eadem,</em></span> <span class='ocrx_word' id='word_1_495' title='bbox 1833 2312 1919 2346; x_wconf 85' lang='lat' dir='ltr'><em>quae</em></span> <span class='ocrx_word' id='word_1_496' title='bbox 1940 2301 2039 2341; x_wconf 75' lang='lat' dir='ltr'><em>mihi,</em></span> 
     </span>
     <span class='ocr_line' id='line_1_42' title="bbox 169 2354 2039 2401; baseline -0.001 -13"><span class='ocrx_word' id='word_1_497' title='bbox 169 2369 268 2400; x_wconf 83' lang='lat' dir='ltr'><em>posse</em></span> <span class='ocrx_word' id='word_1_498' title='bbox 294 2368 354 2388; x_wconf 82' lang='lat' dir='ltr'><em>nos</em></span> <span class='ocrx_word' id='word_1_499' title='bbox 377 2369 447 2388; x_wconf 79' lang='lat' dir='ltr'><em>una</em></span> <span class='ocrx_word' id='word_1_500' title='bbox 469 2357 646 2394; x_wconf 82' lang='lat' dir='ltr'><em>decedere,</em></span> <span class='ocrx_word' id='word_1_501' title='bbox 680 2368 782 2399; x_wconf 80' lang='lat' dir='ltr'><em>quam</em></span> <span class='ocrx_word' id='word_1_502' title='bbox 806 2367 876 2388; x_wconf 89' lang='lat' dir='ltr'><em>rem</em></span> <span class='ocrx_word' id='word_1_503' title='bbox 900 2357 966 2388; x_wconf 85' lang='lat' dir='ltr'><em>sibi</em></span> <span class='ocrx_word' id='word_1_504' title='bbox 988 2369 1114 2401; x_wconf 80' lang='lat' dir='ltr'><em>magno</em></span> <span class='ocrx_word' id='word_1_505' title='bbox 1138 2358 1260 2390; x_wconf 79' lang='lat' dir='ltr'><em>honori</em></span> <span class='ocrx_word' id='word_1_506' title='bbox 1282 2362 1399 2401; x_wconf 81' lang='lat' dir='ltr'><em>sperat</em></span> <span class='ocrx_word' id='word_1_507' title='bbox 1411 2356 1506 2400; x_wconf 88' lang='lat' dir='ltr'><em>fore.</em></span> <span class='ocrx_word' id='word_1_508' title='bbox 1548 2357 1608 2389; x_wconf 78' lang='lat' dir='ltr'><em>Set</em></span> <span class='ocrx_word' id='word_1_509' title='bbox 1630 2357 1701 2388; x_wconf 85' lang='lat' dir='ltr'><em>iam</em></span> <span class='ocrx_word' id='word_1_510' title='bbox 1727 2367 1828 2399; x_wconf 83' lang='lat' dir='ltr'><em>quom</em></span> <span class='ocrx_word' id='word_1_511' title='bbox 1847 2354 2039 2387; x_wconf 78' lang='lat' dir='ltr'><em>aduentare</em></span> 
     </span>
     <span class='ocr_line' id='line_1_43' title="bbox 172 2406 2039 2450; baseline -0.001 -9"><span class='ocrx_word' id='word_1_512' title='bbox 172 2410 300 2441; x_wconf 79' lang='lat' dir='ltr'><em>milites</em></span> <span class='ocrx_word' id='word_1_513' title='bbox 323 2410 497 2449; x_wconf 73' lang='lat' dir='ltr'><em>dicuntur,</em></span> <span class='ocrx_word' id='word_1_514' title='bbox 511 2408 720 2450; x_wconf 79' lang='lat' dir='ltr'><em>faciendum</em></span> <span class='ocrx_word' id='word_1_515' title='bbox 742 2408 837 2440; x_wconf 82' lang='lat' dir='ltr'><em>nobis</em></span> <span class='ocrx_word' id='word_1_516' title='bbox 860 2410 937 2447; x_wconf 76' lang='lat' dir='ltr'><em>erit,</em></span> <span class='ocrx_word' id='word_1_517' title='bbox 961 2416 999 2442; x_wconf 81' lang='lat' dir='ltr'><em>ut</em></span> <span class='ocrx_word' id='word_1_518' title='bbox 1021 2410 1063 2442; x_wconf 86' lang='lat' dir='ltr'><em>ab</em></span> <span class='ocrx_word' id='word_1_519' title='bbox 1085 2422 1122 2442; x_wconf 88' lang='lat' dir='ltr'><em>eo</em></span> <span class='ocrx_word' id='word_1_520' title='bbox 1147 2411 1373 2443; x_wconf 76' lang='lat' dir='ltr'><em>discedamus.</em></span> <span class='ocrx_word' id='word_1_521' title='bbox 1419 2409 1584 2441; x_wconf 81' lang='lat' dir='ltr'><em>Similiter</em></span> <span class='ocrx_word' id='word_1_522' title='bbox 1603 2408 1645 2441; x_wconf 87' lang='lat' dir='ltr'><em>ad</em></span> <span class='ocrx_word' id='word_1_523' title='bbox 1657 2407 1854 2440; x_wconf 86' lang='lat' dir='ltr'><em>Terentiam</em></span> <span class='ocrx_word' id='word_1_524' title='bbox 1865 2406 1966 2445; x_wconf 75' lang='lat' dir='ltr'><em>XIV,</em></span> <span class='ocrx_word' id='word_1_525' title='bbox 1992 2416 2039 2439; x_wconf 85' lang='lat'><em>1.:</em></span> 
     </span>
     <span class='ocr_line' id='line_1_44' title="bbox 174 2460 1974 2507; baseline -0.002 -12"><span class='ocrx_word' id='word_1_526' title='bbox 174 2461 360 2501; x_wconf 79' lang='lat' dir='ltr'><em>Plancius,</em></span> <span class='ocrx_word' id='word_1_527' title='bbox 383 2462 479 2493; x_wconf 76' lang='lat' dir='ltr'><em>homo</em></span> <span class='ocrx_word' id='word_1_528' title='bbox 500 2463 799 2507; x_wconf 77' lang='lat' dir='ltr'><em>officiosissumus,</em></span> <span class='ocrx_word' id='word_1_529' title='bbox 821 2474 873 2495; x_wconf 87' lang='lat' dir='ltr'><em>me</em></span> <span class='ocrx_word' id='word_1_530' title='bbox 897 2463 993 2507; x_wconf 79' lang='lat' dir='ltr'><em>cupit</em></span> <span class='ocrx_word' id='word_1_531' title='bbox 1018 2475 1088 2496; x_wconf 80' lang='lat' dir='ltr'><em>esse</em></span> <span class='ocrx_word' id='word_1_532' title='bbox 1111 2476 1224 2496; x_wconf 80' lang='lat' dir='ltr'><em>secum</em></span> <span class='ocrx_word' id='word_1_533' title='bbox 1247 2469 1279 2496; x_wconf 86' lang='lat' dir='ltr'><em>et</em></span> <span class='ocrx_word' id='word_1_534' title='bbox 1301 2463 1414 2495; x_wconf 79' lang='lat' dir='ltr'><em>adhuc</em></span> <span class='ocrx_word' id='word_1_535' title='bbox 1439 2463 1585 2497; x_wconf 78' lang='lat' dir='ltr'><em>retinet.</em></span> <span class='ocrx_word' id='word_1_536' title='bbox 1607 2467 1688 2493; x_wconf 83' lang='lat' dir='ltr'><em>etc..</em></span> <span class='ocrx_word' id='word_1_537' title='bbox 1714 2460 1974 2491; x_wconf 60' lang='grc' dir='ltr'><em>(ἔΑΒΑΤοΧη-ε.</em></span> 
     </span>
    </p>
   </div>
  </div>
 </body>
</html>
