2185 2720
152 171 204 196 ..Ἢ
855 158 1425 191 COMMENTARIUS.

154 237 362 277 tlzridatico,¹
397 241 435 267 ut
457 244 528 278 cap.
551 234 615 267 XI.
638 235 678 266 de
698 246 797 279 prou.
820 245 911 267 cons.
933 234 1028 273 dicit,
1065 235 1300 280 duplicatam,
1331 235 1367 269 h.
1389 247 1419 268 e.
1439 235 1572 269 dierum
1600 237 1723 281 duplo,
1756 250 1858 282 quam
1879 239 2020 280 solebat,

153 291 307 335 plurium
333 286 571 321 decernendam
594 294 781 320 curauerat.
826 288 944 329 Itaque
966 287 1114 320 offensus
1137 288 1209 331 ipse
1227 299 1309 320 uere
1331 289 1565 333 grauiterque,
1599 296 1651 323 set
1671 290 1882 324 familiariter
1906 292 2022 324 homi-

155 356 235 377 nem
270 349 405 374 cautum
433 346 534 382 atque
565 340 678 371 omnia
709 339 1035 383 circumspicientem
1064 340 1248 373 accussauit
1269 341 1316 374 V.
1344 341 1454 385 Epist.
1485 354 1531 385 7.:
1565 344 1656 383 Res,
1688 343 1816 386 inquit,
1848 357 1906 377 eas
1925 346 2022 389 gessi

155 399 210 441 (de
233 396 352 439 quibus
375 394 416 425 ad
439 405 516 425 eum
539 392 674 435 copiose
694 392 762 424 iam
781 392 991 435 scripserat),
1015 406 1164 438 quarum
1185 393 1341 437 aliquam
1362 394 1399 426 in
1422 395 1493 427 tuis
1515 396 1644 428 litteris
1667 401 1701 429 et
1721 402 1859 429 nostrae
1881 409 2022 431 consue-

157 450 289 483 tudinis
311 453 345 479 et
367 447 418 479 rei
432 459 471 490 p.
493 458 618 478 caussa
637 446 914 489 gratulationem
935 447 1115 490 expectaui
1122 459 1134 486 ,-
1159 458 1264 490 quam
1285 457 1348 490 ego
1370 459 1393 479 a
1411 453 1444 480 te
1458 449 1744 491 praetermissam
1765 461 1837 482 esse
1857 450 2021 490 arbitror,

157 503 249 546 quod
268 512 435 539 uererere,
460 511 502 532 ne
524 499 623 531 cuius
644 498 799 530 animum
824 498 1021 543 offenderes.
1064 499 1149 531 Erat
1173 499 1265 530 enim
1288 499 1331 531 ob
1354 511 1407 531 eas
1428 500 1516 543 ipsas
1540 512 1593 533 res
1614 512 1735 544 magna
1755 501 1792 533 in
1813 502 1940 534 inuidia
1962 502 2024 535 Ci-.

157 566 254 586 cero:
278 553 408 584 intuma
433 552 550 583 Crasso
574 556 607 582 et
628 551 813 583 Hortensio
836 551 989 584 simultas
1012 552 1139 592 inerat,
1161 557 1201 584 ut
1223 563 1267 584 ex
1289 551 1442 595 epistulis
1464 552 1503 583 ad
1525 553 1680 586 Atticum
1702 554 1880 594 nouimus3
1911 566 2025 599 oppa-.-

158 607 322 650 gnabatur
352 616 371 635 a
394 605 432 636 C.
456 604 597 636 Caesare
626 609 802 646 praetore,
841 604 899 646 qui
927 604 994 636 iam
1017 610 1090 636 tum
1113 611 1196 648 aput
1216 605 1353 648 plebem
1376 617 1420 637 ex
1441 605 1604 637 Marianis
1625 606 1778 649 partibus
1800 613 1834 639 et
1854 619 1898 639 ex
1919 607 2025 650 largi-

157 660 250 692 tione
273 657 437 701 gratiosus
459 668 534 688 rem
558 667 592 699 p.
614 655 710 686 ualde
733 656 906 696 turbabat3
940 656 1080 689 infestos
1102 657 1256 689 tribunos
1277 658 1387 700 plebis
1410 657 1553 690 habebat
1576 658 1799 701 Calpurnium
1820 659 1968 692 Bestiam
1990 665 2024 693 et

155 711 338 745 'Metellum
360 711 548 752 Nepotem3
583 708 619 739 hi
643 714 711 740 tres
734 708 896 752 Pompeio
928 709 1205 750 adsentabantur‚
1242 721 1388 754 eumque
1412 710 1569 743 Ciceroni
1598 722 1770 753 opponere
1799 713 2023 753 conabantur3

157 765 196 797 ad
221 775 298 795 eum
319 762 462 804 denique
481 763 597 804 Nepos
620 760 773 803 profugit
794 762 910 794 iratus.
955 763 1034 804 Quo
1057 760 1273 793 referendum
1296 768 1346 794 est
1367 762 1592 805 fragmentum
1616 763 1695 795 illut
1717 764 1878 797 orationis
1899 765 2026 798 Metel-

158 818 247 849 linae
271 821 352 858 aput
376 814 513 856 Quinct.
536 815 563 845 I.
587 814 630 845 O.
654 814 725 852 IX,
762 814 792 846 5.
815 826 848 857 p.
873 815 945 847 811.
991 813 1095 846 Uenit
1117 825 1158 846 ex
1179 814 1270 848 Asia
1296 816 1378 857 (lzoc
1408 816 1522 860 ipsum
1544 828 1648 860 quam
1670 815 1791 849 bonum
1801 820 1815 849 Ι
1824 816 1837 861 )
1863 818 2024 851 tribunus

157 870 266 915 plebis
289 868 384 901 uenit
407 880 447 900 ex
469 867 559 900 Asia
574 884 616 891 —
630 872 868 901 uerumtamen
890 868 998 900 uenit.
1042 867 1133 898 Nam
1154 874 1294 910 repente
1317 869 1395 900 inde
1417 868 1568 899 redierat.
1610 868 1705 900 Haec
1727 869 1839 900 omnia
1860 875 2025 902 testantur

161 922 356 954 Plutarchus
380 920 416 951 in
440 919 508 951 Cic.
533 930 560 950 c.
585 919 634 951 23.
659 919 710 951 26.
742 925 776 951 et
797 919 865 951 Dio
887 919 1079 952 XXXVII.
1105 929 1133 949 c.
1153 918 1326 961 57—44..
1372 921 1450 963 Quo
1473 927 1547 952 tum
1571 921 1684 952 animo
1709 922 1890 965 Pompeius
1912 922 2025 964 suerit,

159 987 236 1007 cum
261 974 357 1005 nobis
380 971 460 1015 ipsis
483 971 561 1003 licet
579 972 645 1003 iam
667 972 882 1014 intellegere,
907 978 981 1003 tum
1006 971 1145 1010 Cicero,
1169 971 1229 1013 qui
1250 972 1357 1015 probe
1379 973 1479 1004 illum
1501 980 1658 1013 nouerat,
1692 980 1831 1017 optume
1853 975 2024 1008 iudicauit.

161 1027 321 1070 Erigebat
350 1037 428 1068 ergo
450 1025 564 1055 uirum
596 1031 628 1056 et
650 1024 802 1056 uictoriis
824 1030 858 1056 et
880 1022 1080 1067 cognomine
1102 1023 1266 1066 Magnum
1298 1031 1331 1056 et
1360 1025 1577 1057 confirmabat
1604 1026 1657 1057 his
1685 1027 1817 1059 uerbis:
1850 1028 1910 1060 Set
1939 1029 2025 1061 scito

160 1094 217 1120 ea,
255 1091 341 1124 quae
370 1091 430 1110 nos
457 1090 521 1122 pro
551 1078 663 1110 salute
684 1078 826 1122 patriae
855 1078 1026 1121 gessimus
1034 1101 1046 1116 ,
1087 1076 1181 1108 orbis
1210 1083 1324 1110 terrae
1355 1079 1485 1112 iudicio
1513 1092 1555 1111 ac
1585 1079 1776 1111 testimonio
1810 1081 2025 1124 conprobari.

164 1133 335 1164 Praeclara
357 1142 438 1162 uero
463 1141 661 1171 summoque
683 1130 756 1161 uiro
779 1130 876 1172 digna
900 1136 1070 1172 postrema
1092 1129 1152 1161 illa
1174 1135 1271 1162 sunt:
1304 1131 1421 1171 Quae,
1455 1144 1556 1176 quom
1579 1132 1730 1168 ueneris,
1763 1137 1860 1164 tanto
1881 1134 2024 1166 consilio

161 1191 326 1228 tantaque
348 1184 458 1216 animi
483 1184 727 1225 magnitudine
747 1196 770 1215 a
791 1195 844 1215 me
863 1188 964 1226 gesta
986 1194 1056 1214 esse
1076 1193 1274 1225 cognosces,
1303 1189 1343 1215 ut
1366 1184 1429 1216 tibi
1450 1185 1559 1217 multo
1581 1184 1727 1222 maiori,
1755 1196 1859 1227 quam
1877 1185 2023 1228 Africa-

162 1250 226 1269 nus
241 1237 333 1281 fuit,
357 1249 409 1268 me
429 1248 495 1268 non
517 1237 625 1268 multo
648 1237 825 1274 minorem,
849 1247 952 1279 quam
973 1235 1149 1273 Laelium,
1166 1234 1282 1278 facile
1303 1242 1337 1269 et
1358 1237 1395 1269 in
1415 1249 1451 1269 re
1467 1250 1505 1282 p.
1528 1243 1561 1269 et
1584 1237 1620 1268 in
1642 1236 1799 1268 amicitia
1821 1236 2024 1270 adiunctum

161 1303 232 1323 esse
250 1291 402 1334 patiare.
447 1289 517 1319 Iam
539 1289 697 1330 quoniam
720 1289 862 1332 Pompei
888 1288 1061 1320 silentium
1084 1287 1223 1330 eiusque
1242 1299 1391 1321 caussam
1414 1290 1652 1332 cognouimus,
1689 1299 1732 1319 an
1754 1287 1947 1321 offensionis
1971 1295 2025 1321 ta-

161 1355 238 1375 men
261 1342 386 1384 aliquid
411 1342 602 1380 ostenderit,
624 1341 809 1373 uideamus.
854 1340 964 1383 Atqui
987 1351 1075 1380 eum,
1099 1346 1278 1382 antequam
1300 1341 1336 1372 in
1352 1342 1471 1374 urbem
1490 1342 1624 1381 rediret,
1647 1340 1742 1373 nobis
1764 1341 2022 1376 amicissumum

161 1402 295 1430 constat
317 1407 398 1434 esse,
422 1394 555 1437 scripsit
578 1394 694 1426 Cicero
718 1393 759 1425 ad
781 1394 855 1427 Att.
879 1395 912 1434 I,
940 1405 1005 1433 12.;
1032 1393 1067 1424 in
1089 1393 1163 1436 ipso
1186 1393 1342 1434 aduentu,
1367 1400 1408 1427 ut
1429 1407 1480 1426 me
1497 1395 1654 1438 primum
1674 1393 1835 1426 decedens
1856 1406 1898 1426 ex
1919 1395 2024 1438 Syria

161 1450 271 1487 uidit,
295 1449 477 1492 conplexus
499 1454 531 1480 et
550 1447 738 1491 gratulans
760 1459 832 1479 meo
855 1445 1018 1489 beneficio
1039 1447 1193 1490 patriam
1215 1459 1250 1479 se
1272 1449 1432 1480 uisurum
1454 1460 1525 1479 esse
1546 1447 1648 1484 dixit,
1671 1447 1715 1478 ΙΙ.
1737 1446 1826 1477 Phil.
1849 1447 1897 1486 5.‚
1921 1458 2022 1489 quem

164 1505 274 1534 locum
296 1501 418 1533 adtulit
440 1501 569 1539 BIaius3
607 1499 768 1541 denique,
802 1511 878 1531 cum
900 1500 1052 1542 primum
1076 1499 1112 1530 in
1135 1506 1289 1532 senatum
1312 1501 1422 1539 uenit,
1458 1501 1572 1533 omnia
1595 1499 1692 1531 illius
1715 1499 1847 1531 ordinis
1867 1501 2023 1533 consulta

162 1555 343 1593 laudauit,
370 1554 395 1584 Ι.
420 1553 461 1584 ad
487 1553 560 1585 Att.
588 1551 636 1583 14.
685 1553 775 1585 Tum
800 1553 944 1586 Crassus
961 1558 1190 1596 posteaquam
1214 1553 1306 1585 uidit
1329 1554 1429 1585 illum
1452 1552 1620 1596 excepisse
1642 1551 1780 1583 laudem
1801 1562 1842 1583 ex
1862 1563 1912 1589 eo,
1935 1553 2026 1596 quod

163 1609 424 1651 suspicarentur
446 1605 599 1637 homines
621 1605 654 1637 ei
675 1607 892 1638 consulatum
913 1618 1025 1638 meum
1040 1607 1199 1649 placere,
1230 1607 1400 1645 surrexit,
1432 1606 1724 1648 ornatissumeque
1746 1604 1787 1636 de
1808 1615 1881 1635 meo
1903 1616 2025 1636 consu-

163 1662 236 1692 latu
269 1661 403 1691 locutus
430 1664 480 1690 est
508 1676 569 1690 —.
612 1658 787 1690 Proxume
815 1659 1019 1702 Pompeium
1053 1659 1226 1698 sedebam3
1273 1659 1430 1690 intellexi
1459 1659 1628 1691 hominem
1653 1657 1866 1689 conmoueri:
1906 1662 2025 1689 utrum

165 1714 327 1745 Crassum
353 1712 442 1743 inire
464 1723 539 1743 eam
558 1711 733 1753 gratiam,
757 1724 860 1755 quam
882 1713 954 1755 ipse
970 1712 1283 1755 praetermisisset,
1305 1724 1350 1744 an
1373 1723 1443 1744 esse
1465 1716 1580 1743 tantas
1603 1721 1656 1741 res
1678 1715 1825 1746 nostras,
1846 1721 1933 1752 quae
1955 1714 2027 1741 tam

164 1765 298 1797 lubente
331 1769 452 1796 senatu
484 1764 732 1803 laudarentur,
768 1770 849 1796 etc..
895 1765 982 1795 Cum
1012 1763 1064 1794 his
1088 1763 1261 1805 superiora
1282 1765 1311 1796 si
1335 1764 1502 1802 conferas,
1543 1761 1663 1804 quibus
1685 1760 1826 1803 Pompei
1854 1760 2026 1792 silentium

165 1818 395 1858 redarguerat,
431 1826 497 1856 qua
521 1813 625 1847 fuerit
653 1816 834 1858 prudentia
865 1816 1000 1855 Cicero,
1034 1816 1220 1859 intelleges.
1265 1817 1426 1859 Sequitur
1459 1816 1556 1859 epist.
1587 1815 1634 1846 16.
1667 1814 1705 1845 de
1727 1825 1762 1845 se
1791 1819 1825 1844 et
1845 1812 2025 1855 Pompeio:

167 1870 275 1902 multa
303 1875 335 1901 et
359 1868 511 1899 iucunda
533 1870 778 1901 consuetudine
803 1870 977 1901 coniuncti
1002 1870 1093 1901 inter
1118 1882 1178 1901 nos
1201 1882 1318 1902 sumus
1344 1882 1450 1914 usque
1474 1881 1531 1908 e0,
1554 1874 1593 1901 ut
1615 1867 1725 1900 nostri
1747 1866 1808 1898 isti
1829 1866 2026 1898 comissato-

167 1936 219 1956 res
244 1921 492 1954 coniurationis
523 1920 698 1952 barbatuli
730 1922 870 1954 iuuenes
902 1923 1002 1954 illum
1025 1922 1061 1953 in
1083 1923 1293 1955 sermonibus
1316 1923 1475 1955 Gnaeum
1500 1922 1693 1954 Ciceronem
1716 1918 1898 1962 appellent.
1940 1918 2027 1948 Item

167 1976 264 2019 epist.
292 1985 358 2016 19.:
383 1974 507 2017 Itaque
523 1974 680 2017 primum
702 1986 791 2013 eum,
815 1975 874 2018 qui
896 1976 1042 2006 nimium
1063 1975 1124 2007 diu
1147 1976 1188 2007 de
1211 1975 1310 2007 rebus
1331 1976 1457 2007 nostris
1479 1979 1648 2012 tacuerat,
1671 1971 1875 2015 Pompeium
1894 1971 2027 2002 adduxi

169 2030 203 2060 in
227 2040 302 2060 eam
324 2027 557 2064 uoluntatem,
591 2032 631 2059 ut
654 2028 690 2058 in
714 2032 834 2058 senatu
861 2039 925 2058 non
949 2028 1069 2067 semel,
1105 2033 1156 2060 set
1178 2039 1278 2071 saepe
1301 2028 1487 2071 multisque
1508 2027 1623 2059 uerbis
1646 2025 1749 2057 liuius
1774 2023 1860 2056 mihi
1881 2023 2027 2054 salutem

169 2082 281 2125 imperi
311 2086 413 2123 atque
436 2079 526 2110 orbis
549 2085 723 2112 terrarum
745 2079 969 2111 adiudicarit.
1015 2081 1117 2121 Quod
1137 2093 1203 2113 non
1231 2086 1303 2112 tam
1327 2079 1490 2122 interfuit
1512 2091 1587 2111 mea
1617 2081 1736 2121 (neque
1757 2077 1847 2109 enim
1869 2075 1952 2106 illae
1974 2086 2026 2106 res

168 2140 230 2166 aut
254 2134 304 2164 ita
327 2138 407 2163 sunt
430 2132 611 2171 obscurae,
633 2138 673 2164 ut
695 2131 944 2169 testimonium,
975 2139 1038 2165 aut
1060 2134 1112 2165 ita
1135 2133 1277 2171 dubiae,
1307 2138 1348 2164 ut
1369 2132 1604 2164 laudationem
1625 2130 1829 2168 desiderent)
1853 2139 1956 2171 quam
1977 2126 2027 2158 rei

164 2186 344 2229 publicae,-
384 2184 474 2227 quod
495 2190 596 2216 erant
618 2185 760 2228 quidam
783 2184 934 2227 inprobi,
970 2186 1031 2229 qui
1053 2187 1300 2218 contentionem
1313 2184 1398 2228 fore
1420 2186 1575 2229 aliquam
1596 2184 1683 2217 mihi
1704 2195 1781 2216 cum
1802 2179 1965 2222 Pompeio
1986 2190 2027 2209 ⁶²³0·

171 2250 286 2269 rerum
309 2238 451 2269 illarum
474 2237 682 2269 dissensione
704 2237 970 2270 arbitrarentur.
1014 2239 1156 2281 Insignis
1186 2238 1288 2269 etiam
1312 2243 1360 2269 est
1389 2238 1481 2269 locus
1504 2238 1553 2277 II,
1592 2249 1637 2275 1.,
1678 2247 1744 2278 quo
1773 2237 1894 2277 purgat
1924 2241 1958 2262 se
1988 2230 2027 2261 de

175 2290 312 2332 Pompei
335 2290 402 2320 iam
426 2289 569 2320 nimium
593 2289 766 2331 popularis
789 2289 1017 2322 familiaritate
1039 2291 1231 2333 obiurgatus
1256 2290 1296 2321 ab
1319 2290 1454 2322 Attico:
1479 2300 1622 2331 eumque
1645 2289 1686 2321 de
1706 2287 1802 2326 meis,
1822 2282 1949 2326 inquit,
1974 2295 2028 2316 re—

173 2342 245 2376 bus.
273 2343 306 2373 in
331 2354 415 2384 quas
438 2355 515 2374 eum
536 2342 640 2374 multi
662 2342 862 2383 incitarunt,
885 2344 993 2376 multo
1016 2345 1100 2377 scito
1116 2343 1306 2387 gloriosius
1330 2355 1431 2386 qumn
1454 2343 1495 2373 de
1517 2343 1588 2374 suis
1605 2341 1829 2385 praedicare:
1851 2336 1917 2368 sibi
1938 2337 2028 2369 enim

174 2395 253 2426 bene
272 2401 411 2436 gestae,
445 2396 531 2426 mihi
554 2400 775 2427 conseruatae
798 2397 849 2428 rei
868 2397 1029 2440 publicae
1051 2397 1112 2428 dat
1135 2396 1376 2428 testimonium.
1421 2395 1533 2436 Pergit
1556 2395 1651 2437 epist.
1675 2393 1704 2424 5.
1727 2390 1919 2423 coniunctio
1942 2390 2028 2421 mila·

174 2459 305 2479 summa
338 2459 412 2479 cum
436 2449 608 2491 Pompeio.
654 2448 716 2479 Illa
742 2459 825 2479 uero
854 2449 964 2480 notari
992 2449 1116 2487 uelim,
1151 2460 1193 2481 ex
1216 2460 1332 2481 rerum
1361 2448 1504 2480 illarum
1525 2445 1750 2481 dissensione,
1787 2443 1822 2474 in
1845 2454 1929 2486 quas
1952 2454 2026 2474 eum
