2185 2720
176 164 231 190 230

959 159 974 187 I
1013 159 1044 188 N

174 233 249 261 Esse
264 242 334 260 cum
348 232 454 271 aliquo
463 234 525 262 218.
535 234 570 262 in
577 234 715 272 aliquem
730 233 813 269 talis,
827 233 929 272 qualis
939 237 996 262 etc.
1007 235 1071 264 230.

174 280 251 307 Esse
271 281 306 307 in
325 289 438 308 scaena
461 289 522 309 100.

174 327 229 357 Est
256 327 437 365 frequenter
463 328 500 356 ab
521 328 746 368 interpretibus
766 327 904 356 additum
922 327 1068 358 XXXII.

247 374 395 403 XXXV.
410 375 606 404 XXXVIII.
622 376 747 404 XLIX.
769 376 806 404 ab
823 375 961 405 librariis
977 376 1072 406 omis-

253 432 320 451 sum
341 422 486 450 XXXII.

175 471 217 498 Et
231 474 262 498 et
277 477 311 498 at
324 475 496 508 permutata
511 480 555 509 9¹·
576 477 603 499 et
615 470 646 498 in
667 477 703 498 ut
717 470 917 509 deprauatum
927 481 989 510 170.
1009 482 1072 501 non

248 517 450 546 confunditur
478 528 494 546 a
513 518 651 546 librariis
680 528 750 547 cum
769 520 821 548 uel
837 519 991 558 particula
1011 521 1072 549 125.

249 572 275 593 et
299 565 410 604 copula
429 572 512 594 recte
539 565 691 594 acliectiua
711 568 912 595 misen-umus
931 571 964 596 et
982 574 1074 606 opin-

250 623 318 640 mus
337 612 506 651 iunguntur
526 615 589 642 215.

175 662 216 690 Et
237 661 360 698 quidem
379 660 526 698 singulari
546 672 603 689 usu
625 660 687 689 106.

175 709 215 735 El
236 710 264 736 si
282 707 452 746 particulae
472 708 656 736 coniunctae
675 708 855 746 frequenter
873 720 892 738 a
905 709 970 738 Cic.
991 718 1034 747 70.

175 757 302 784 Etenim
320 755 471 793 particula
491 765 508 783 a
526 755 590 784 Cic.
610 756 781 794 postposita
803 756 865 784 123.

175 803 283 831 Etiam
308 802 460 841 particula
485 802 518 830 ui
545 802 724 831 adfirmandi
752 812 804 839 172
837 813 880 841 sq.
907 802 1072 831 transitum

250 850 403 887 significat
422 859 467 888 9ο.

176 898 312 925 Etiamsi
331 897 529 936 deprauatum
552 897 586 924 in
605 899 633 925 si
652 896 697 934 67.

176 946 324 973 Ila-citare
344 947 408 973 uim
427 945 588 979 honoram,
621 954 724 973 rarum
751 943 874 973 dicendi
895 953 988 981 genus
1010 944 1071 979 137.

176 993 317 1021 Exilium
338 992 502 1021 decennale
522 992 587 1030 lege
603 991 708 1020 Tullia
728 992 760 1020 in
775 992 906 1020 ambitus
924 1002 994 1020 reos
1015 991 1069 1019 ‹le—

250 1046 367 1069 cretum
387 1041 451 1069 205.

176 1099 345 1136 Explicata
365 1107 476 1126 caussa
495 1097 540 1126 63.

176 1148 362 1185 Expressum
383 1145 457 1184 quid
476 1143 630 1182 significet
653 1153 713 1172 101.

176 1196 372 1232 Erprinzere,
391 1192 559 1232 premendo
581 1191 694 1220 elicere
714 1193 758 1220 81.

612 1276 646 1304 Γ.

179 1337 270 1365 fabii
290 1336 372 1365 uude
391 1335 454 1364 orti
474 1337 518 1365 88.

178 1385 297 1412 Fabius
311 1384 426 1422 fornix
446 1384 491 1412 83.

177 1431 337 1460 fabricius
358 1430 512 1458 Luscinus
535 1430 596 1467 159.

177 1483 293 1509 Facere
313 1479 350 1507 de
370 1477 599 1515 magistratibus
621 1478 759 1506 creandis
780 1478 824 1506 6”.

177 1528 296 1556 ‚Facilis
317 1537 431 1554 caussa
451 1525 495 1553 (33.

180 1577 311 1603 Panum·
331 1578 362 1601 ct
373 1572 488 1610 fautor
509 1571 553 1600 Go.

184 1622 290 1650 seriae
311 1621 424 1649 latinae
443 1630 459 1647 a
479 1630 538 1657 quo
560 1619 720 1647 institutae
746 1629 782 1657 92
801 1630 844 1657 sq.

180 1670 276 1697 Ferre
296 1669 411 1696 iudices
432 1668 468 1695 de
485 1672 676 1695 accussatore
699 1672 730 1695 et
750 1667 787 1694 de
806 1676 859 1695 reo
881 1666 995 1695 (licitur
1013 1668 1072 1696 130.

181 1717 276 1744 [ἶφι-υ
297 1720 474 1753 corruptum
495 1715 527 1742 in
548 1725 648 1743 errore
668 1720 698 1742 et
718 1725 824 1742 cruore
845 1713 932 1742 VIII.
954 1717 999 1752 98.

181 1766 279 1792 Ferus
295 1769 322 1791 el
332 1763 460 1800 ferreus
476 1762 638 1791 coniuncta
647 1762 811 1799 202.feras
819 1767 846 1789 el
854 1763 1073 1791 inmanisibid.

183 1811 294 1838 fessus
306 1810 460 1847 flactibus
480 1812 524 1848 98.

182 1857 275 1885 Pieri.
315 1848 461 1885 formula
480 1864 515 1884 ιιιι
526 1858 572 1892 fit
597 1857 670 1895 quid
689 1856 840 1894 significet
865 1858 922 1886 114.

185 1905 328 1940 flaccus,
350 1905 404 1939 L.‚
425 1915 441 1931 a
462 1904 568 1932 Tullio
591 1905 733 1932 defensus
754 1914 789 1942 99
809 1915 851 1941 sq.

184 1952 327 1987 Flaccus,
348 1952 385 1979 L.
406 1951 568 1987 Ualerius,
590 1954 696 1980 consul
718 1962 780 1981 222.

186 1999 349 2036 Plagitare
369 2009 437 2027 cum
458 1999 576 2027 duobus
597 2000 792 2028 accussatiuis
818 2000 957 2028 iunctum
979 2000 1022 2029 64.

184 2046 307 2074 Flauius
327 2046 480 2082 Fimbria,
509 2048 615 2076 consul
637 2049 680 2085 75.

184 2094 313 2129 Flauos,
340 2103 507 2131 cognomen
527 2095 626 2132 gentis
645 2095 745 2123 Alfiae
763 2095 880 2124 LXXI
900 2106 941 2133 sq.

186 2142 305 2168 Fornix
324 2141 440 2169 Fabius
460 2143 504 2171 83.

184 2190 260 2215 l'ors
286 2188 358 2225 quid
379 2189 530 2226 significet
549 2191 612 2219 244.
633 2190 705 2228 fors
726 2196 756 2219 ct
775 2201 839 2218 sors
858 2190 984 2218 confusa
1003 2201 1019 2218 a
1038 2190 1079 2218 li-

259 2234 371 2262 brariis
390 2236 462 2264 ibid.

187 2281 376 2319 frequentia
397 2290 535 2313 nostram
555 2286 629 2324 quid
649 2285 802 2324 significet
822 2287 866 2314 81.

187 2329 329 2356 Pacatus
350 2338 410 2357 102.

186 2375 316 2410 Fuluia,
336 2376 454 2405 Antoni
474 2388 554 2406 uxor
573 2380 618 2408 88.

188 2422 294 2450 Fuluii
314 2423 396 2451 unde
417 2425 478 2452 orti
498 2428 542 2455 88.

188 2470 314 2499 ruJujos
336 2471 471 2509 Curuos,
492 2472 545 2509 L..
566 2475 673 2503 consul
693 2476 736 2504 88.

1081 159 1251 189 DEX

1130 236 1250 265 Futuro
1272 239 1414 275 tempore
1439 247 1512 266 usus
1538 242 1586 267 est
1605 238 1670 267 Cic.
1689 248 1810 278 semper
1829 239 1861 268 in
1881 238 2022 268 formulis

1205 285 1312 313 timide
1330 285 1450 321 dicam,
1470 296 1542 314 uere
1561 286 1664 314 dicam
1682 286 1728 325 94.

1559 333 1598 361 G.

1132 379 1266 408 Gabinia
1283 379 1337 408 lex
1359 388 1421 409 111.

1131 427 1300 464 Gabinius,
1320 426 1429 455 consul
1447 427 1504 456 215
1523 437 1566 465 sq.
1585 437 1650 466 2¹9·
1677 430 1812 458 saltator
1832 438 1896 458 220.

1131 475 1299 504 Genitiuos
1327 474 1533 513 explicatiuos
1558 475 1757 513 praecedenti
1789 477 1910 505 nomini
1935 482 2023 516 apta-

1203 526 1254 550 tus
1275 521 1337 550 104.

1132 569 1238 599 Genus
1264 575 1294 598 et
1321 579 1430 598 nomen
1455 579 1520 599 non
1548 570 1650 610 simpl.
1677 571 1873 602 nobilitatem
1905 571 2024 611 signifi-

1207 622 1278 646 cant
1299 618 1360 647 103.

1131 665 1241 695 Gloria
1267 671 1299 695 et
1318 666 1389 693 laus
1415 675 1433 694 a
1453 665 1605 695 Cicerone
1630 667 1810 707 frequenter
1829 667 2024 706 coniungun-

1203 717 1255 741 tur
1274 723 1338 751 227.

1131 761 1275 797 Granius,
1295 771 1406 800 praeco
1427 760 1516 790 dicax
1538 771 1591 791 110
1609 772 1653 801 sq.

1131 809 1278 837 Gratiam
1295 809 1408 838 habere
1427 819 1488 848 179.
1505 812 1646 848 gratiam
1665 811 1772 840 debere
1798 811 1858 840 180.

1132 857 1267 885 Gratias
1287 857 1403 895 referre
1423 857 1477 885 243
1492 867 1534 896 sq.

1131 904 1295 933 Gratiosus
1315 904 1382 942 quis
1403 904 1523 933 dicatur
1550 905 1612 934 138.
1630 914 1695 933 non
1714 910 1799 934 recte
1828 915 1897 935 cum
1917 905 2022 935 datiuo

1204 952 1395 980 construitur
1417 951 1491 980 ibid.

1128 1000 1296 1028 Gratzilari
1322 1009 1339 1027 a
1365 999 1501 1028 librariis
1527 999 1562 1027 in
1587 999 1783 1038 conpositum
1809 1002 2024 1039 congratulari

1201 1046 1400 1085 deprauatum
1419 1047 1497 1075 XX.

1126 1095 1243 1124 Granis
1262 1104 1353 1123 sensu
1372 1094 1551 1133 praegnanti
1573 1095 1634 1124 158.

1132 1142 1313 1170 Gubernare
1330 1142 1469 1171 absolute
1489 1152 1533 1180 77.

1551 1190 1593 1218 H.

1130 1239 1255 1268 Habere
1275 1238 1422 1278 singulari
1442 1237 1665 1276 significatione
1685 1239 1799 1275 (nosse)
1823 1239 1884 1268 152.

1130 1289 1264 1316 Hercule
1284 1298 1300 1315 a
1318 1286 1456 1315 librariis
1476 1291 1625 1314 mutatum
1643 1285 1677 1314 in
1697 1285 1867 1315 mehercule
1885 1285 1957 1314 LV.

1131 1335 1280 1363 Homines
1307 1335 1363 1363 Ιιοο
1390 1339 1493 1362 nostro
1520 1337 1654 1371 equestri
1686 1336 1752 1363 loco
1777 1343 1816 1362 an
1843 1333 2022 1363 Tullianum

1206 1381 1384 1410 XXXVII.

1134 1430 1240 1457 Honor
1259 1430 1407 1467 singulari
1430 1428 1653 1467 significatione
1673 1429 1717 1466 59.

1130 1477 1333 1514 Hortensius,
1354 1478 1402 1515 Q.,
1424 1488 1557 1506 caussam
1577 1476 1685 1505 Planci
1704 1475 1767 1514 egit
1785 1479 1856 1503 ante
1876 1474 1941 1503 Cic.
1964 1483 2022 1504 121.

1567 1524 1591 1553 I.

1133 1572 1155 1599 J
1170 1577 1200 1600 et
1220 1573 1248 1601 L
1267 1573 1388 1601 litterae
1407 1576 1598 1611 permutatae
1619 1581 1662 1609 77.

1131 1621 1254 1649 lactari
1263 1620 1418 1658 fluctibns
1439 1625 1469 1648 et
1490 1622 1523 1648 in
1535 1619 1692 1657 fluctibns
1711 1618 1757 1657 69.

1132 1667 1202 1694 Iam
1222 1676 1260 1695 cx
1281 1674 1388 1696 nostra
1409 1673 1509 1696 ortum
1529 1668 1562 1695 in
1583 1667 1669 1695 codd.
1693 1676 1738 1704 90.

1133 1714 1175 1742 Id
1192 1720 1223 1743 et
1242 1716 1315 1744 illut
1333 1726 1401 1744 cum
1418 1714 1574 1743 infinitiuo
1595 1713 1793 1741 coniunctum
1811 1717 1886 1751 aput
1899 1711 1965 1741 Cic.
1978 1711 2022 1741 64.

1133 1763 1238 1800 [gnoti
1258 1764 1374 1792 indices
1395 1773 1454 1801 quo
1475 1771 1565 1790 sensu
1586 1761 1728 1789 dicantur
1748 1760 1810 1788 131.

1133 1810 1174 1838 In
1193 1820 1210 1838 a
1223 1810 1358 1839 librariis
1379 1810 1524 1838 omisstun
1543 1807 1672 1836 XXXI.
1691 1806 1849 1835 interdum
1868 1806 1905 1835 ab
1925 1806 2026 1835 inter-

1209 1858 1349 1896 polatore
1369 1858 1504 1887 additum
1524 1856 1637 1886 XXX.
1659 1854 1704 1893 69.
1725 1864 1770 1893 79.

1135 1903 1302 1932 Incendere
1322 1905 1400 1943 leges
1418 1906 1483 1934 235.

1135 1952 1321 1980 Incendium
1339 1951 1549 1991 metaphorice
1569 1950 1706 1989 positum
1724 1950 1788 1979 235.

1136 1999 1285 2036 Infestior
1307 2010 1397 2028 sensu
1417 1999 1538 2038 passiuo
1560 1999 1605 2027 60.

1135 2047 1270 2083 Infinita
1290 2047 1448 2075 dimicatio
1469 2047 1566 2085 qualis
1586 2045 1626 2073 sit
1638 2054 1702 2078 227.

1136 2094 1244 2122 Inicus
1271 2095 1362 2123 inflex
1389 2094 1434 2122 65.
1469 2096 1572 2133 iniqui
1591 2092 1782 2121 substantiue
1809 2092 1945 2131 positum
1967 2093 2027 2122 125.

1214 2142 1266 2171 154
1285 2152 1328 2180 sq.

1137 2190 1267 2227 Imperia
1287 2190 1324 2217 de
1343 2194 1487 2228 praetura
1506 2194 1537 2217 et
1557 2190 1718 2218 consulatu
1740 2199 1800 2227 171.

1137 2236 1288 2273 Inponere
1308 2235 1500 2275 (praeficere)
1519 2247 1589 2265 raro
1609 2248 1667 2266 usu
1688 2238 1749 2268 168.

1137 2285 1353 2320 Inpunilalem
1371 2286 1515 2322 consequi
1535 2284 1580 2313 62.

1137 2333 1323 2368 Inpzcnitum
1343 2334 1376 2360 in
1395 2333 1560 2360 maledicto
1579 2331 1774 2360 mendacium
1795 2331 1856 2359 105.

1137 2373 1364 2416 Iuscriptiones
1379 2379 1489 2417 Ligori
1509 2380 1616 2408 fraude
1635 2378 1842 2418 interpolatae
1861 2380 1892 2404 et
1912 2385 2029 2415 suppo-

1211 2425 1287 2454 sitae
1309 2426 1370 2463 167.
1389 2427 1547 2455 Marianae
1566 2426 1677 2456 XCIII
1696 2436 1760 2464 sqq.

1135 2474 1290 2503 [ηερε-[τινί
1308 2480 1338 2503 et
1357 2476 1478 2513 insequi
1495 2480 1721 2504 aci-assutorem
1733 2476 1818 2501 recte
1834 2471 1948 2500 dicitur
1967 2472 2028 2510 ¹39-
