2185 2720
131 151 185 180 180
771 139 1351 170 COMMENTARIUS.

133 229 208 251 cum
230 214 436 249 substantiae
454 213 644 259 pecuniae,
679 218 717 244 ut
738 212 839 244 unius
861 211 959 242 uerbi
981 211 1087 244 instar
1109 211 1177 243 sint
1198 210 1357 254 idemque
1382 211 1481 244 ambo
1504 211 1707 255 significent,
1746 215 1834 257 quod
1863 215 2010 258 simplex

132 271 274 316 gratiae
295 268 438 300 uerbum
460 268 613 305 denotat,
655 265 913 307 scripserisque:
953 263 1397 309 pecuniamalteridehitam
1416 264 1540 298 habere
1561 271 1594 297 et
1611 266 1769 309 gratiam
1789 267 1921 301 habere.
1963 269 2012 300 Il-

135 327 183 357 lut
206 323 234 354 si
255 321 360 365 possis
384 320 570 363 explicare,
607 319 643 350 in
664 318 823 351 manibus
845 317 969 350 habere
991 317 1082 361 qaod
1103 322 1153 348 est
1176 317 1338 360 alterius,
1373 318 1438 350 hoc
1459 329 1529 349 non
1551 317 1664 360 inepte
1685 319 1722 350 in
1744 320 1859 352 animo
1880 320 1951 353 siue
1974 322 2011 353 in

134 377 299 411 memoria
320 374 443 406 habere
469 372 561 416 qaod
582 377 632 404 est
653 371 800 403 alterius
829 370 989 413 explices.
1034 369 1105 400 Iam
1127 368 1273 410 liquebit
1302 371 1473 410 omnibus,
1507 376 1638 402 tantum
1667 370 1796 412 abesse,
1832 378 1870 403 ut
1893 373 2012 406 Cicero

134 443 205 464 non
229 434 366 471 optume
393 425 512 458 debere
534 425 721 468 pecuniam
749 429 780 454 et
803 423 926 456 habere
952 422 1109 466 gratiam
1137 421 1228 453 inter
1256 434 1291 454 se
1318 422 1515 467 opposuisse
1536 422 1788 455 existumandus
1811 424 1874 465 sit,
1910 426 1956 458 ita
1975 432 2014 458 ut

135 483 348 516 coniunctam
376 478 560 510 uerborum
591 475 709 508 debere
732 476 920 520 pecaniam
948 475 1123 507 notionem
1147 483 1336 517 opponeret
1357 476 1552 509 coniunctae
1576 475 1760 508 uerborum
1786 478 1908 512 habere
1927 490 2015 522 gra-

137 536 223 568 tiam
246 531 394 570 notioni,
418 536 467 569 ut,
490 529 519 561 si
538 529 696 572 gratiam
720 528 839 561 debere
864 527 1057 571 scripsisset,
1083 526 1342 560 concinnitatem
1364 529 1548 562 sententiae
1569 528 1650 560 adeo
1672 529 1862 562 sublaturus
1884 530 2017 573 inepte-

137 598 202 629 que
231 586 404 616 locuturus
434 582 537 614 fuisse
563 581 789 624 intellegatur.
833 582 924 614 Nam
953 592 1029 612 cum
1054 591 1097 611 ex
1119 580 1177 620 iis,
1218 592 1303 622 quae
1332 583 1373 614 de
1393 582 1525 625 origine
1550 581 1646 613 uerbi
1670 581 1787 614 debere
1809 582 2016 623 monuimus,

138 641 281 677 eluceat,
305 637 424 669 debere
445 635 583 679 aliquid
603 645 672 665 non
694 634 803 666 addito
827 634 966 666 nomine
988 633 1076 672 eius,
1100 633 1154 664 cui
1177 634 1250 675 quis
1272 635 1399 677 aliquid
1420 634 1546 674 debeat,
1568 645 1645 666 eum
1665 639 1798 666 tantum
1821 635 1887 666 dici
1907 647 2016 679 posse,

139 693 199 736 qui
222 689 365 733 aliquid,
391 687 477 730 quod
501 687 545 718 sit
565 687 717 726 alterius,
741 688 878 727 habeat,
909 687 1016 718 ueluti
1037 686 1234 729 pecuniam:
1263 687 1464 731 simpliciter
1483 687 1641 731 gratiam
1663 686 1782 719 debere
1803 698 1846 718 ne
1868 688 2017 731 potuisse

139 745 278 789 quidem
303 741 367 772 ‹lici
395 741 431 772 in
455 746 645 782 promptust
673 740 798 772 uidere.
842 741 958 782 Atque
988 739 1017 771 si
1039 738 1166 771 datiuos
1188 745 1247 770 aut
1270 740 1413 772 adiectus
1442 746 1528 772 esset
1549 745 1607 771 aut
1624 745 1715 771 certe
1737 740 1912 782 cogitando
1934 751 2018 783 sup-

140 797 299 843 plendus,
321 795 493 825 denotaret
516 793 580 824 hoc
602 792 808 824 necessario:
835 793 955 825 debere
978 793 1014 824 in
1038 792 1189 835 aliquem
1208 799 1314 835 grato
1337 794 1452 826 animo
1474 805 1562 832 esse,
1593 793 1707 825 nobis:
1734 794 1792 826 die
1817 791 1857 825 V
1855 793 2019 838 erpfliclt-

143 859 231 895 tang
251 847 452 894 jenzanclem
480 845 633 878 dant-bar
656 858 702 877 ειι
726 857 808 889 seytz
830 846 951 878 lzaben.
994 844 1072 886 Quo
1097 856 1197 875 sensu
1224 846 1340 877 Cicero
1371 846 1459 878 Phil.
1485 846 1535 885 II,
1570 857 1624 886 11,
1656 857 1707 888 27.
1732 846 1835 877 dixit:
1869 845 1946 885 Quo
1967 851 2020 878 et-

143 906 215 937 iam
247 902 412 934 maiorem
441 899 473 931 ei
495 910 549 931 res
573 896 713 941 publica
739 899 898 940 gratiam
926 897 1041 936 debet,
1078 898 1138 941 qai
1168 897 1361 931 libertatem
1384 899 1511 943 populi
1533 899 1687 931 Romani
1717 899 1821 931 unias
1845 898 2020 931 amicitiae

114 971 116 973 ·
141 954 353 1002 praeposuit.
397 952 527 984 Uerum
556 951 642 982 hanc
672 961 806 992 quoque
834 951 1034 982 sententiam
1066 951 1219 981 minume
1245 951 1324 982 huic
1352 952 1426 983 loco
1451 957 1564 994 aptam
1588 962 1676 988 esse,
1715 963 1785 983 non
1809 962 1893 993 opus
1916 957 1964 983 est
1984 957 2021 982 ut

145 1009 249 1041 uerbo
276 1006 510 1038 demonstrem.
554 1003 703 1034 Iulianus
726 1010 839 1035 autem
862 1010 899 1035 ut
920 1015 989 1035 non
1009 1003 1220 1045 intellegeret
1245 1014 1329 1045 quae
1351 1005 1503 1047 exposui,
1526 1003 1604 1036 inde
1624 1003 1770 1035 arbitror
1790 1003 1917 1035 factum
1938 1014 2021 1043 esse,

146 1061 235 1106 quod
257 1070 326 1091 non
348 1056 450 1095 uidit,
485 1055 604 1095 uerba,
641 1056 823 1089 dissimilis
846 1064 896 1090 est
913 1057 1084 1102 pecuniae
1106 1055 1232 1088 debitio
1259 1061 1293 1088 et
1311 1057 1472 1100 gratiae,
1506 1055 1553 1087 sic
1578 1067 1647 1087 esse
1668 1068 1687 1087 a
1708 1056 1757 1088 M.
1781 1055 1898 1087 Tullio
1921 1055 2021 1095 dicta,

145 1122 185 1148 ut
206 1113 248 1146 ad
270 1121 397 1143 nomen
415 1109 557 1153 gratiae
578 1120 645 1140 non
670 1115 773 1141 totam
795 1109 977 1141 debitionis
1000 1109 1193 1148 notionem,
1221 1114 1272 1140 set
1293 1107 1480 1151 simplicem
1499 1107 1686 1141 habitionis
1707 1108 1829 1140 referri
1851 1108 2021 1139 uellet.—

148 1169 318 1200 Postremo
350 1168 438 1194 recte
465 1161 672 1193 Lambinum
705 1168 739 1193 et
761 1161 986 1193 Garatonium
1015 1161 1214 1204 scripturam
1241 1174 1300 1194 aes
1327 1163 1452 1194 retinet
1482 1161 1679 1203 praetulisse
1708 1160 1805 1192 alteri
1833 1161 1862 1192 is
1884 1161 2020 1199 retinet,

150 1232 194 1252 ex
217 1230 256 1250 eo
278 1221 434 1260 apparet,
472 1214 581 1256 quod,
621 1214 649 1246 si
678 1214 733 1246 hic
758 1214 874 1246 Cicero
896 1225 1087 1257 pronomen
1113 1215 1192 1246 illut
1212 1214 1395 1256 posuisset,
1433 1225 1503 1244 non
1524 1219 1633 1256 potest
1662 1213 1841 1256 quicquam
1864 1211 2021 1252 dubitari,

150 1272 233 1315 quin
264 1271 300 1302 in
332 1266 492 1300 membris
522 1266 624 1298 etiam
655 1267 816 1310 oppositis
846 1266 1032 1299 adiecturus
1055 1266 1169 1299 fuerit.
1215 1267 1327 1309 Quam
1349 1266 1450 1309 igitur
1478 1266 1599 1298 inutile
1619 1267 1866 1309 molestumque
1888 1266 1919 1298 is
1939 1276 2022 1309 pro-

151 1335 277 1356 nomen
300 1329 362 1361 est,
391 1327 458 1352 tam
481 1326 596 1363 aptum
619 1332 677 1352 aes
702 1331 828 1351 nomen
850 1325 911 1351 est.

235 1375 400 1408 Gratiam
421 1378 537 1406 autem
559 1379 592 1406 et
613 1374 674 1418 qui
694 1372 804 1416 refert
825 1372 945 1412 habet,
968 1378 1001 1405 et
1023 1373 1083 1417 qui
1101 1372 1219 1412 habet,
1240 1374 1277 1405 in
1298 1385 1336 1406 eo
1358 1373 1444 1417 ipsO,
1467 1374 1558 1418 quod
1577 1372 1694 1412 habet,
1717 1370 1839 1415 refert)
1882 1372 2022 1404 Locus

152 1430 230 1463 etsi
260 1426 475 1472 generalis
505 1425 551 1457 de
572 1426 700 1458 animi
721 1426 956 1469 religione,
990 1425 1062 1468 qui
1091 1425 1275 1457 debitam
1299 1437 1374 1469 pro
1397 1425 1614 1459 beneficio
1639 1425 1817 1468 gratiam
1839 1423 2021 1464 referat,

151 1491 295 1517 tamen
325 1491 475 1512 causae
502 1478 728 1522 praesenti
754 1478 994 1522 plurimum
1023 1478 1379 1521 patrocinabitur
1406 1479 1453 1511 ad
1481 1479 1674 1511 fauorem
1701 1476 1926 1521 copiosius
1954 1487 2023 1508 ra·-

151 1534 389 1569 tiocinanti
412 1534 461 1566 M.
485 1532 647 1564 Tullio.
692 1532 778 1564 Nec
802 1543 882 1564 non
905 1531 1026 1563 etiam
1049 1531 1167 1563 iuxta
1188 1538 1421 1575 praecepta
1449 1531 1727 1575 sapientium,
1763 1529 1836 1573 qui
1857 1529 2025 1561 animos

154 1590 429 1630 ingratorum
458 1597 543 1618 non
570 1596 717 1628 parum
747 1583 908 1615 cuidam
929 1583 1106 1615 crimini
1136 1584 1345 1617 obnoxios
1373 1586 1659 1623 arbitrantur,
1700 1583 1865 1626 quando
1888 1588 1926 1614 et
1946 1593 2026 1626 pa-

154 1640 351 1673 rentibus
380 1646 421 1671 et
451 1638 600 1671 amicis
633 1644 671 1669 et
698 1636 1023 1680 protectoribus
1051 1636 1207 1668 salutis
1240 1644 1408 1670 nostrae
1438 1639 1516 1670 hoc
1544 1636 1837 1669 testimonium
1869 1634 2026 1666 debea-

155 1705 259 1732 muS,
295 1699 340 1725 ιιι
369 1704 444 1724 1103
474 1692 519 1723 iu
548 1695 753 1733 quantum
781 1694 926 1731 potest
957 1695 1097 1731 gratos
1129 1689 1364 1732 adprobare
1391 1691 1584 1723 uelimus.
1628 1690 1688 1721 De
1719 1687 1887 1719 officiis
1916 1686 2026 1718 idem

158 1747 271 1779 libro
301 1746 327 1777 Ι.
359 1746 401 1787 [0.
427 1746 490 1787 15.]
522 1744 585 1776 sic
613 1742 686 1774 ait:
720 1741 872 1783 „Quod
901 1740 937 1772 si
959 1752 1004 1772 ea
1034 1753 1138 1784 quae
1165 1742 1326 1775 utenda
1354 1741 1594 1785 acceperiS,
1627 1740 1786 1773 maiore
1811 1749 2026 1779 mensura,

157 1798 335 1831 simodo
362 1797 519 1841 possis,
552 1795 673 1827 iubet
693 1793 873 1826 reddere
894 1794 1131 1835 Hesiodus,
1165 1795 1366 1838 quidnam
1393 1793 1613 1827 beneficio
1636 1791 1861 1838 prouocati
1886 1791 2028 1823 facere

158 1852 413 1884 debemus?“
457 1847 639 1882 Accedit
669 1846 748 1878 hoc
781 1847 930 1887 etiam,
982 1847 1095 1890 quod
1133 1859 1263 1890 genus
1300 1847 1477 1880 maximi
1513 1847 1710 1880 criminis
1748 1850 1852 1889 aput
1879 1844 2029 1876 Persas

159 1905 296 1938 fuisse
324 1901 535 1941 traditur,
565 1900 599 1932 si
622 1899 695 1942 qui
718 1899 946 1931 extitisset
971 1900 1183 1943 ingratus,
1214 1901 1503 1944 meminitque
1527 1900 1591 1933 rei
1611 1899 1857 1942 Xenophon
1884 1893 2029 1940 Κύρου

159 1955 370 1992 Παιδείας
388 1956 412 1995 ²)
444 1954 555 1986 libro
584 1952 722 1996 primo
754 1953 795 1993 [c.
825 1954 871 1993 2.]
902 1953 1134 1985 secundum
1165 1954 1270 1986 haec
1306 1954 1438 1986 uerba
1472 1951 1764 1986 conscribens:
1807 1947 2030 1990 δικάζουσι

161 2011 202 2044 δὲ
231 2009 300 2042 καὶ
328 2003 620 2052 ἐγκλήματος,
664 2001 714 2038 οὗ
742 2009 864 2038 ἕνεκα
894 2003 1115 2047 ἄνθρωποι
1142 2007 1319 2049 μισοῦσι
1339 2008 1418 2049 μὲν
1439 2003 1645 2049 ἀλλήλους
1666 2000 1872 2047 μάλιστα,
1908 2000 2030 2036 δικά-

117 2085 119 2088 <
161 2067 309 2104 ζονται
331 2061 373 2095 δὲ
395 2058 566 2103 ἥκιστα,
598 2057 867 2103 ἀχαριστίας·
903 2059 973 2091 καὶ
996 2058 1040 2091 ὃν
1061 2058 1112 2092 οἲν
1133 2060 1263 2103 γνῶσι
1290 2056 1532 2102 δυνάμενον
1558 2061 1640 2102 μὲν
1666 2053 1791 2101 χάριν
1821 2051 2030 2090 ἀποδιδό-

161 2128 252 2155 ναι,
285 2113 340 2157 μή
367 2109 632 2147 οἷποὸιὸόντα
664 2111 704 2144 δὲ
733 2108 965 2150 κολάζουσι
993 2111 1062 2145 καὶ
1090 2112 1242 2145 τοῦτον
1273 2113 1471 2157 ἰσχνρῶς’
1507 2112 1680 2145 οἴονται
1707 2108 1782 2154 γοῖρ
1804 2107 1904 2146 τούς
1924 2105 2030 2151 α’χα-

163 2168 337 2212 ρίστους
367 2165 551 2207 καὶπερὶ
577 2162 710 2200 θεούς
741 2163 791 2197 ἄν
819 2161 1003 2208 μάλιστα
1028 2161 1192 2207 daciae
1217 2167 1334 2210 ἔχειν
1359 2165 1430 2198 καὶ
1456 2164 1552 2209 περὶ
1577 2163 1727 2209 γονέας
1751 2163 1819 2196 καὶ
1846 2159 2029 2204 πατρίδα

163 2221 232 2254 καὶ
257 2219 422 2264 φίλους.
459 2218 621 2249 SCHOLIA
642 2218 901 2250 Amssnosmm.

249 2274 327 2306 Hoc
352 2271 541 2314 molestiae)
583 2270 665 2302 Eius
695 2271 892 2312 accussati0‚
914 2271 951 2303 in
972 2281 1038 2315 qua
1063 2270 1204 2313 gratiam
1231 2270 1330 2304 reddo
1352 2282 1421 2303 non
1443 2270 1514 2303 sola
1543 2271 1733 2310 uoluntate,
1765 2274 1813 2302 set
1838 2266 1911 2310 ipsa
1932 2265 2031 2298 etiam

168 2337 214 2358 re.
255 2326 469 2358 MAchus.

242 2431 270 2469 1)
309 2429 384 2458 Tam
404 2429 478 2458 haec
499 2439 586 2468 quam
608 2432 766 2471 sequentia
785 2432 880 2462 uerba
902 2441 1007 2471 graeca
1026 2431 1136 2462 absunt
1156 2440 1173 2461 a
1193 2429 1315 2467 codice,
1334 2429 1445 2461 relicto
1466 2440 1562 2461 uacuo
1582 2429 1691 2470 spatiO.
1728 2427 1767 2457 A.
1786 2428 1904 2457 Mnus.
