2185 2720
870 186 1306 211 PRAEFATIO.
1959 185 2020 208 VII

163 289 222 312 ces
247 274 466 310 uetustiores
492 272 766 315 intellexissem,
807 283 868 304 eos
897 281 1041 316 quoque
1065 281 1133 315 per
1158 269 1393 302 Franciscum
1420 268 1465 301 de
1490 268 1621 312 Furia,
1661 267 1785 301 uirum
1811 266 2019 300 celeberru—

163 362 282 393 mum,
322 346 562 382 conferendos
597 357 679 380 cum
713 345 872 379 editione
905 344 1113 378 Graeuiana
1145 343 1282 377 curaui.
1332 342 1376 376 In
1401 342 1620 376 bibliotheca
1654 341 1762 376 etiam
1785 340 1950 374 Parisina
1980 346 2020 374 ut

164 424 305 459 codices
333 421 508 468 quosdam
532 431 608 453 non
633 419 748 453 malae
773 423 899 462 notae,
945 430 991 451 ex
1017 418 1146 463 quibus
1180 428 1291 450 uerae
1316 416 1518 462 scripturae
1544 415 1623 449 erui
1646 420 1814 461 possent,
1847 413 2019 447 recondi-

166 503 224 532 tos
248 496 362 531 latere
387 494 608 539 suspicarer,
635 492 890 526 Lallemandus
915 492 1020 535 fecit,
1055 491 1118 537 qui
1142 491 1181 524 in
1207 490 1342 525 notulis
1367 490 1412 524 ad
1439 490 1642 523 orationem
1667 489 1897 522 Plancianam
1922 499 2021 521 non-

165 581 363 615 numquam
391 573 557 613 optumas
582 567 774 611 lectiones,
803 578 893 612 quae
919 577 965 599 ex
990 565 1067 599 solo
1093 565 1303 599 Erfurtensi
1330 569 1496 598 enotatae
1524 568 1646 607 erant,
1673 563 1712 596 in
1738 562 1921 596 codicibus
1947 561 2022 594 Pa-

163 643 284 678 risinis
310 642 466 686 reperiri
490 641 695 675 iactauerat.
745 641 872 686 Itaque
897 639 1173 683 Schlottichius,
1213 639 1400 685 popularis
1425 649 1548 681 meUS,
1583 637 1645 682 qui
1670 636 1816 670 Parisiis
1843 640 1925 668 ante
1951 635 2020 668 ali-

164 721 252 762 quot
278 726 393 748 annos
421 715 718 758 conmorabatur,
751 725 817 760 per
843 713 980 747 litteras
1007 726 1028 747 a
1052 725 1112 747 me
1136 718 1283 758 rogatus
1307 713 1420 746 trium
1448 712 1630 755 codicum,
1666 711 1726 756 qui
1753 709 1901 743 alicuius
1926 709 2022 752 preti

165 801 242 823 esse
269 772 505 833 uidebantur,
547 788 854 822 conferendorum
887 788 1074 833 negotium
1103 787 1387 832 promptissume
1418 786 1458 819 in
1491 797 1528 819 se
1554 785 1702 830 recepit.
1753 784 1943 817 Postremo
1969 781 2021 815 Io.

168 864 274 908 Casp.
301 862 462 896 Orellius
495 874 562 908 pro
589 873 653 895 sua
678 873 763 907 erga
787 874 846 895 me
872 861 1125 895 beneuolentia
1149 861 1267 894 uarias
1300 860 1494 904 lectiones,
1537 871 1624 904 quas
1650 858 1693 891 L.
1720 857 1893 898 UsteruS,
1930 867 2022 900 pro-

165 937 284 972 sessor
316 936 530 980 Bernensis,
582 947 628 969 ex
659 936 782 970 codice
816 935 1055 970 bibliothecae
1088 935 1285 969 Bernensis
1319 939 1486 968 accurate
1519 937 1750 975 enotauerat,
1799 942 1863 964 sua
1896 934 2024 975 sponte

165 1011 210 1045 ad
234 1023 294 1044 me
316 1011 425 1043 misit.

269 1083 400 1118 Omnis
426 1083 493 1117 hos
519 1083 680 1127 codices,
707 1094 797 1128 quos
824 1083 929 1117 modo
957 1083 1247 1127 conmemoraui,
1285 1083 1477 1127 diligenter
1502 1080 1702 1126 descriptos
1728 1080 1767 1113 in
1791 1078 2023 1124 prolegome-

165 1157 223 1191 nis
257 1157 430 1204 reperies.
481 1157 622 1191 Ibidem
657 1156 703 1190 de
731 1157 872 1203 origine
905 1169 1030 1191 eorum
1062 1163 1097 1191 et
1130 1157 1344 1202 cognatione
1380 1169 1401 1190 a
1433 1168 1492 1190 me
1524 1155 1730 1201 expositum
1763 1153 1903 1187 uidebis
1935 1163 2022 1185 esse.

164 1232 268 1275 Quae
300 1243 360 1264 res
394 1243 608 1277 quamquam
640 1243 716 1264 non
750 1232 829 1265 sine
853 1243 1023 1265 maxumo
1059 1232 1205 1277 negotio
1240 1231 1402 1276 indagari
1434 1235 1572 1275 potest,
1612 1228 1768 1273 ideoque
1793 1239 1813 1260 a
1837 1226 2023 1272 plerisque

169 1305 367 1338 editoribus
394 1317 469 1338 non
495 1305 612 1338 solum
637 1305 796 1351 neglegi,
833 1311 889 1339 set
915 1306 1022 1339 etiam
1054 1305 1094 1338 in
1130 1304 1305 1338 inuidiam
1337 1304 1468 1337 adduci
1501 1303 1610 1346 solet,
1659 1307 1798 1336 tantam
1830 1306 1950 1335 tamen
1985 1299 2023 1332 in

166 1378 400 1413 emendandis
432 1384 601 1413 ueterum
633 1379 859 1424 scriptorum'
878 1379 1122 1413 monumentis
1148 1379 1223 1412 uim
1247 1379 1374 1422 habet,
1417 1383 1459 1412 ut
1483 1378 1667 1411 neminem
1692 1386 1864 1420 umquam
1888 1373 2023 1407 laboris

164 1452 412 1498 temporisque
445 1453 484 1486 in
510 1465 551 1487 ea
575 1465 616 1486 re
649 1454 856 1498 consumpti
887 1454 1071 1498 paenitere
1104 1453 1228 1498 possit.
1280 1452 1460 1498 Equidem
1487 1451 1574 1497 quid
1599 1451 1690 1484 lucri
1717 1461 1762 1482 ex
1788 1449 1928 1481 detecta
1954 1458 2021 1479 co-

164 1527 286 1560 dicum
313 1527 466 1569 familia,
495 1527 625 1571 quibus
652 1527 767 1560 oratio
793 1527 986 1560 Planciana
1012 1533 1153 1560 seruata
1178 1527 1432 1572 posteritatist‚
1467 1530 1682 1559 consecutus
1708 1524 1796 1566 sim,
1830 1533 1905 1554 non
1929 1532 2022 1565 opus

163 1605 217 1634 est
240 1605 281 1633 ut
306 1600 420 1633 uerbo
447 1599 507 1632 hic
532 1600 737 1645 praedicem
764 1612 1033 1646 exponamque,
1062 1613 1173 1646 quom
1197 1601 1367 1646 quisque,
1402 1600 1463 1644 qui
1488 1598 1744 1644 prolegomena
1769 1601 1805 1629 et
1832 1605 2021 1628 commen-

164 1673 300 1707 tarium
326 1673 540 1718 perlegerit,
568 1674 672 1707 facile
699 1675 774 1720 ipse
801 1686 1018 1720 cognoscere
1041 1676 1165 1720 possit.
1219 1674 1327 1718 Quid,
1356 1674 1451 1719 quod
1480 1685 1526 1706 ex
1552 1685 1593 1706 ea
1618 1684 1659 1705 re
1684 1670 1906 1704 intellexisse
1931 1668 2023 1702 mihi

165 1746 307 1789 uideor,
336 1752 515 1792 quotquot
540 1748 579 1780 in
605 1748 775 1794 Europae
803 1749 1028 1783 bibliothecis
1055 1749 1196 1782 codices
1220 1748 1401 1782 reconditi
1426 1747 1571 1790 lateant,
1599 1746 1660 1791 qui
1685 1751 1747 1779 aut
1772 1743 1935 1777 nondum
1960 1742 2022 1775 in-

163 1820 278 1865 specti
305 1825 367 1853 aut
391 1821 629 1867 neglegenter
654 1824 809 1868 inspecti
836 1824 926 1867 sint,
969 1835 1095 1857 eorum
1121 1823 1262 1856 nullum
1289 1834 1368 1856 esse
1393 1821 1589 1862 eiusmodi,
1623 1820 1726 1854 cuius
1752 1831 1821 1864 ope
1842 1819 1903 1852 uel
1928 1830 2023 1851 unus

168 1893 343 1927 orationis
370 1893 585 1929 Plancianae
619 1896 718 1931 locus
745 1898 952 1931 etiamnunc
986 1897 1169 1931 emendari
1195 1897 1329 1943 possit,
1351 1915 1402 1921 —-
1444 1906 1518 1929 non
1542 1895 1673 1940 loquor
1699 1894 1745 1927 de
1770 1893 2023 1940 palimpsestis,

164 1977 210 2000 ex
235 1967 382 2011 quibus,
417 1969 446 2001 si
473 1970 534 2014 qui
561 1971 792 2015 reperiantur
817 1978 961 2017 praeter
988 1983 1086 2015 eum,
1131 1983 1238 2017 quem
1263 1970 1305 2005 A.
1333 1970 1452 2004 Maius
1479 1969 1633 2012 detexit,
1669 1979 1744 2001 non
1769 1979 1860 2012 nego
1888 1967 2025 2012 aliquot

163 2038 253 2072 locis
278 2041 499 2086 insperatam
524 2043 642 2078 lucem
673 2045 810 2079 adferri
835 2058 952 2091 posse.
1006 2046 1238 2080 Certissumis
1266 2045 1363 2079 enim
1394 2043 1613 2089 argumentis
1646 2042 1819 2076 adductus
1846 2054 1945 2084 sum,
1983 2045 2025 2074 ut

166 2114 301 2157 omnis,
329 2115 391 2160 qui
415 2117 580 2151 nondum
605 2120 769 2164 usurpati
796 2120 885 2163 sint,
914 2120 1054 2154 codices
1082 2120 1254 2154 deteriori
1281 2120 1333 2153 illi
1359 2119 1537 2153 librorum
1564 2117 1687 2160 classi,
1715 2129 1806 2162 quos
1831 2117 1870 2149 in
1896 2115 2025 2161 prole-

165 2187 330 2232 gomenis
355 2188 398 2222 L.
426 2189 453 2222 Ι.
489 2190 528 2224 C.
556 2193 583 2225 Ι.
620 2190 649 2238 §.
679 2193 710 2226 5.
754 2195 963 2238 percensui,
1006 2194 1295 2228 adnumerandos
1331 2205 1410 2227 esse
1442 2192 1598 2226 credam.
1649 2191 1780 2225 Omnis
1808 2191 1905 2224 enim
1931 2200 2024 2222 con-

163 2260 294 2304 tend03
332 2274 372 2295 ac
406 2263 487 2297 iure
511 2277 570 2299 me
595 2266 666 2300 hoc
693 2268 933 2311 contendere,
976 2268 1183 2302 confirmari
1216 2269 1259 2302 ab
1286 2269 1330 2301 iis
1357 2267 1511 2313 poterit,
1553 2266 1682 2311 quibus
1708 2263 2025 2310 inspiciundorum

164 2345 292 2367 eorum
319 2337 455 2381 copiast
464 2350 473 2381 3
510 2340 627 2373 omnis
653 2341 764 2386 igitur
790 2343 971 2376 contendo
998 2342 1125 2376 lacuna
1150 2342 1210 2375 illa
1237 2343 1450 2387 deprauatos
1477 2346 1665 2386 repertum
1691 2340 1754 2382 iri,
1791 2351 1880 2384 quae
1908 2343 1962 2371 est
1986 2337 2025 2369 in

165 2408 349 2452 omnlbus,
391 2411 452 2455 qui
479 2412 596 2446 adhuc
624 2415 778 2448 consulti
804 2422 906 2460 sunt,
948 2417 1138 2450 deterioris
1165 2417 1257 2450 illius
1284 2416 1405 2449 classis
1433 2415 1634 2457 codicibus,
1678 2414 1740 2458 qui
1768 2413 1807 2446 C.
1835 2413 1881 2447 V.
1909 2410 2023 2456 §.15-
