2185 2720
129 168 183 198 135
781 161 1349 191 COMMENTARIUS.

213 238 475 278 Prontmticzsse)
520 236 701 268 Pecuniam
724 236 931 280 promisisse.
976 236 1119 269 Confert
1141 236 1326 269 Lambinus
1355 247 1419 279 pro
1444 236 1578 268 Cluent.
1608 249 1636 270 c.
1663 250 1714 282 29.
1739 247 1772 273 et
1797 241 1889 272 Suet.
1915 241 2008 272 Caes.

131 304 158 324 c.
190 303 258 334 19.,
301 289 505 323 Garatonius
539 289 584 321 ΙΙ.
623 288 666 320 ad
699 289 744 332 Q.
777 290 934 321 Fratrem
970 292 1018 323 15.
1057 292 1116 324 uel
1143 290 1191 323 H.
1218 290 1252 323 S.
1284 290 1411 322 centies
1441 290 1655 323 constituunt
1693 294 1729 325 in
1751 294 2008 339 praerogatiua

129 345 370 390 pronuntiare.

221 398 311 430 Tum
333 395 498 438 mirabor)
542 396 645 428 Nunc
666 406 736 426 non
759 393 885 433 miror3
918 393 997 437 quia
1017 405 1093 425 cum
1116 393 1198 425 haec
1223 391 1344 425 docere
1367 400 1400 426 et
1424 394 1581 438 proferre
1605 402 1723 427 contra
1744 396 1917 428 Plancium
1942 409 2012 430 non

131 461 263 495 posses,
299 447 375 479 ideo
409 447 538 479 tribum
573 447 644 479 eius
667 453 701 478 et
721 447 763 478 ab
787 458 825 478 eo
853 446 1060 486 obseruata-s,
1095 447 1216 489 quibus
1247 447 1453 480 uotissumus
1483 460 1554 481 esse
1576 448 1735 488 debebat,
1769 449 1868 480 edere
1900 450 2014 482 nolui-

133 504 185 535 sti.
229 502 445 534 Misenus.

217 552 351 597 Armis)
395 553 584 593 Iudicibus,
610 551 833 593 exdtribubus
856 551 897 584 iis
921 551 1073 592 delectis,
1101 563 1182 594 quas
1203 552 1398 586 Laterensis
1420 566 1440 586 a
1461 554 1597 587 Plancio
1622 560 1795 597 corruptas
1821 553 1962 587 dicebat.

942 665 973 698 C
982 663 1014 698 A
1024 664 1063 698 P.
1109 664 1211 699 XIX.

219 753 249 792 §.
273 749 324 781 46.
360 749 510 793 Cupidus
531 748 601 792 sui)
633 747 704 791 Qui
727 746 821 780 omni
842 747 956 779 studio
980 745 1016 778 id
1042 746 1202 790 agebant,
1227 755 1266 781 ut
1287 749 1538 793 magistratum,
1562 761 1663 792 quem
1686 750 1838 794 petebat,
1861 749 2016 783 Plancius

133 803 388 847 adipisceretur.

219 857 282 888 Sin
306 856 387 899 quia
408 855 562 898 gratiosi
583 854 654 885 sint
675 853 904 885 accussaados
922 853 1045 896 putas)
1091 852 1145 885 Sic
1166 853 1193 885 B
1217 859 1250 885 et
1274 854 1322 893 E3
1347 854 1450 886 ceteri
1470 855 1550 886 libri
1573 866 1636 898 pro
1659 856 1730 887 sint
1751 855 1904 886 scribunt
1925 861 2016 888 sunl.

134 909 246 950 „Post
271 908 353 951 quia
376 906 628 938 subiunctiuom
655 906 792 937 nolebat
817 906 1002 945 Graeuius,
1028 917 1129 948 quem
1155 906 1190 938 in
1214 906 1298 939 meis
1321 908 1473 940 nondum
1497 907 1638 951 prolatis
1666 909 1770 949 [nuuc
1793 907 1949 950 prolatis]
1976 907 2018 938 ad

133 961 357 995 BIilonianam
385 970 412 990 c.
435 970 486 991 22.
510 958 784 990 adnotationibus
807 958 966 990 refutaui.
1010 958 1078 990 Hic
1099 965 1213 990 autem
1235 966 1418 1003 utrumque
1442 967 1573 992 rectum
1598 960 1751 999 uidetur,
1781 967 1831 992 set
1855 959 1889 991 in
1914 959 2018 991 adfir-

133 1014 282 1045 matione
306 1011 526 1043 indicatiuom
551 1011 719 1054 praefero.
730 1015 751 1029 ‘⁴
788 1012 1048 1043 GARATONIUS.
1095 1012 1174 1043 Non
1199 1011 1277 1042 satis
1308 1020 1500 1045 constanter
1522 1012 1742 1045 indicatiuom
1765 1018 1847 1044 sunt
1868 1010 2019 1056 praefert

137 1064 362 1104 Garatonius3
399 1064 577 1096 manifesto
602 1065 764 1096 uitiosum
791 1071 862 1095 erat
885 1065 977 1102 sint,
1014 1063 1104 1105 quod
1128 1070 1200 1094 tum
1225 1062 1361 1095 demum
1383 1064 1579 1104 ferendum,
1615 1065 1643 1096 si
1667 1065 1861 1096 Laterensis
1886 1071 2017 1097 tantum

134 1124 270 1162 putaret
295 1128 365 1148 esse
391 1117 565 1159 gratiosos,
589 1129 658 1149 non
681 1129 762 1149 uere
785 1123 906 1149 essent.
949 1116 1031 1149 Alia
1052 1116 1139 1148 ratio
1163 1123 1213 1148 est
1234 1117 1270 1147 in
1289 1119 1537 1149 constructione
1561 1117 1708 1159 obliqua.
1730 1117 1882 1149 BAKnts.
1907 1118 2017 1149 Immo

136 1169 313 1203 manifesto
351 1169 493 1201 uitiosus
527 1170 582 1201 hic
620 1170 821 1201 indicatiuos
856 1175 922 1209 est,
969 1180 1039 1200 non
1067 1180 1133 1211 quo
1163 1180 1283 1200 reuera
1314 1181 1383 1201 non
1408 1170 1537 1202 fuerint
1559 1169 1713 1213 gratiosi,
1759 1181 1842 1211 quos
1878 1169 2018 1212 cupidos

135 1223 250 1254 Planci
271 1222 375 1254 fuisse
403 1223 521 1254 Cicero
549 1223 612 1262 ait,
646 1229 697 1254 set
720 1221 810 1265 quod
835 1221 1044 1261 membrum,
1083 1224 1168 1267 quia
1189 1225 1343 1267 gratiosi
1366 1225 1457 1263 sint,
1496 1235 1573 1266 pars
1597 1222 1697 1253 debet
1718 1221 1918 1254 existumari
1942 1234 2020 1254 ora-

136 1276 254 1315 tionis,
292 1287 392 1317 quam
418 1276 536 1307 Cicero
563 1275 659 1317 fingit
680 1276 900 1306 Laterensem
922 1286 1020 1317 posse
1044 1275 1212 1319 proferre.
1256 1276 1430 1308 Directam
1453 1277 1543 1308 enim
1568 1288 1631 1320 pro
1655 1275 1706 1307 his
1730 1275 1843 1306 uerbis
1865 1274 1894 1306 si
1914 1275 2020 1307 Late-

136 1329 243 1361 rensis
268 1329 366 1372 ponis
392 1330 599 1367 orationem,
630 1327 711 1359 haec
735 1327 834 1358 debet
855 1339 943 1359 esse:
975 1334 1062 1372 puto
1085 1329 1163 1361 illos
1186 1330 1433 1369 accussanclos,
1462 1331 1545 1373 quia
1565 1329 1718 1373 gratiosi
1740 1333 1838 1368 sunt,
1866 1327 2019 1358 minume

136 1393 235 1413 uero:
260 1387 350 1425 puto
372 1382 453 1414 illos
475 1382 715 1414 accussatzdos.
758 1381 875 1422 Itaque
898 1388 1079 1424 propterea
1104 1382 1337 1413 coniunctiuos
1360 1384 1430 1414 sint
1455 1394 1595 1425 prorsus
1619 1381 1822 1412 necessarius
1847 1386 1912 1420 est,
1941 1380 2020 1423 quia

135 1434 329 1467 Laterensis
355 1434 435 1465 haec
462 1436 583 1474 uerba,
616 1435 698 1478 quia
715 1435 871 1477 gratiosi
890 1435 981 1473 sint,
1014 1446 1084 1466 esse
1107 1435 1307 1466 existumari
1330 1435 1470 1475 debent,
1504 1447 1588 1477 quae
1611 1446 1687 1465 cum
1710 1432 1878 1465 referebat
1900 1433 2027 1465 Cicero‘

136 1499 199 1530 pro
222 1486 407 1519 indicatiuo
431 1489 471 1519 ab
494 1490 678 1520 Laterense
700 1487 811 1530 posito
835 1488 1039 1528 necessario,
1073 1493 1111 1519 ut
1135 1487 1172 1519 in
1196 1487 1290 1519 omni
1315 1487 1467 1519 oratione
1490 1487 1644 1530 obliqua,
1681 1486 1937 1518 coniunctiuom
1960 1485 2022 1518 de-

136 1540 236 1571 bebat
259 1551 397 1582 ponere.

226 1593 255 1634 ς.
285 1593 336 1633 47.
375 1592 582 1625 Gratiosum
609 1594 709 1635 [esse]
733 1594 771 1625 in
796 1605 862 1624 sua
884 1591 977 1624 triba
1000 1592 1201 1635 Plancium)
1246 1592 1352 1623 Recte
1374 1592 1461 1623 hanc
1482 1592 1703 1623 uerissumam
1724 1592 1824 1624 huius
1846 1592 1913 1624 loci
1937 1591 2022 1625 scri-

138 1650 276 1689 pturam
299 1657 369 1676 esse
395 1647 599 1677 Garatonius
622 1646 794 1677 iudicauit.
841 1645 956 1685 „Illut
976 1656 1077 1684 uer0,
1101 1646 1300 1688 gratiosum
1322 1658 1392 1677 esse
1417 1645 1602 1677 tribulibus
1624 1647 1820 1684 Plancium,
1845 1645 1935 1687 quod
1959 1645 2020 1676 ob-

140 1698 226 1730 tinet
248 1697 314 1729 iam
338 1698 417 1729 inde
439 1710 458 1729 a
481 1700 670 1741 Naugerio,
696 1711 759 1742 pro
784 1710 842 1737 eo,
880 1697 970 1740 quod
993 1709 1095 1740 supra
1117 1698 1189 1740 ipse
1213 1697 1302 1729 dixit
1328 1698 1445 1729 Cicero
1470 1708 1497 1728 e.
1525 1697 1591 1737 18.,
1621 1710 1753 1740 semper
1764 1697 1921 1741 fuerunt
1942 1697 2021 1730 boni

140 1751 232 1789 uiri,
259 1751 319 1794 qni
340 1758 427 1794 aput
453 1752 592 1785 tribulis
615 1765 693 1785 suos
713 1752 866 1795 gratiosi
887 1764 958 1783 esse
979 1751 1127 1790 uellent,
1157 1749 1317 1793 quodque
1339 1749 1422 1781 adeo
1445 1750 1548 1781 ]a1ina
1568 1750 1717 1792 postulat
1739 1749 1946 1781 consuetudo
1968 1751 2023 1782 lo-

143 1803 286 1845 quendi,
307 1803 412 1845 illut,
443 1805 596 1847 inquam,
627 1817 696 1836 non
718 1805 791 1836 fero
812 1804 1021 1844 mehercule,
1058 1810 1097 1835 ut
1118 1814 1228 1846 neque
1250 1803 1329 1834 tulit
1350 1803 1552 1842 Lambinus,
1584 1802 1638 1833 uir
1661 1802 1764 1834 latine
1787 1802 2020 1845 doctissumus,

144 1855 203 1896 qui
238 1855 447 1897 emendauit,
482 1859 681 1901 gratiosum.
714 1870 784 1889 esse
814 1863 901 1901 aput
924 1857 1062 1889 tribulis
1084 1856 1282 1888 Plancium.
1325 1857 1426 1887 Nune
1449 1855 1594 1898 denique
1620 1867 1754 1886 omnem
1778 1855 1865 1886 mihi
1888 1856 2022 1889 dubita-

142 1908 271 1939 tionem
300 1908 387 1940 liber
415 1916 574 1952 optumus
604 1909 707 1951 [Ei-fi]
740 1921 902 1951 suamque
931 1909 1100 1941 Lambino
1130 1909 1357 1940 coniecturam
1391 1909 1578 1940 excussit.“
1628 1910 1888 1940 GARATONH's.
1934 1910 2020 1942 Cum

140 1961 320 2004 gratiosus
344 1963 529 1993 secuudum
552 1962 738 2004 analogiam
762 1962 933 2001 omnium,
959 1973 1042 2003 quae
1064 1961 1100 1992 in
1123 1974 1202 1992 osus
1226 1967 1362 2000 exeunt,
1385 1962 1630 1993 adiectiuorum
1655 1962 1681 1992 is
1705 1967 1836 1992 tantum
1856 1961 1920 1993 dici
1942 1974 2023 2005 pos-

143 2013 205 2052 sit,
242 2014 300 2056 qui
330 2015 438 2045 multa
465 2015 589 2057 gratia,
628 2014 746 2046 fauore
767 2015 902 2054 floreat,
938 2021 1058 2056 sponte
1080 2013 1305 2055 intellegitur,
1341 2025 1409 2044 non
1432 2015 1582 2056 potuisse
1600 2016 1798 2058 gratiosum
1822 2026 1894 2046 esse
1914 2015 2025 2048 alicui

143 2073 234 2098 recte
261 2067 337 2098 dici.
383 2068 504 2109 Neque
530 2079 613 2099 uero
638 2079 722 2109 quae
747 2074 824 2098 ante
845 2067 1067 2100 Garatonium
1094 2066 1241 2097 obtinuit
1262 2066 1429 2109 scriptura
1453 2066 1553 2098 ullius
1577 2067 1657 2097 boni
1681 2067 1803 2098 codicis
1825 2069 2023 2100 auctoritate

144 2119 276 2150 nititur.
325 2120 411 2152 Uide
433 2127 633 2163 apparatum
655 2120 820 2151 criticum.
865 2120 974 2151 Immo
998 2130 1113 2150 omnes
1140 2119 1218 2149 libri
1242 2119 1275 2149 id
1300 2119 1481 2151 ostendunt
1503 2131 1521 2150 a
1540 2120 1702 2151 Cicerone
1725 2119 1827 2151 fuisse
1849 2119 2022 2162 scriptum,

147 2171 237 2213 quod
262 2172 287 2202 B
312 2178 344 2203 et
366 2173 395 2203 E
419 2173 531 2215 ipsum
554 2173 689 2204 habent.
735 2174 856 2215 Neque
884 2173 927 2204 II.
951 2173 985 2203 in
1008 2174 1109 2205 Uerr.
1140 2172 1208 2210 ΙΙΙ,
1249 2172 1304 2212 14,
1340 2184 1401 2214 172:
1438 2178 1487 2204 set
1516 2173 1577 2204 isti
1603 2173 1672 2216 ipsi
1701 2173 1832 2215 equites
1859 2173 2022 2211 Romani,

146 2225 320 2266 splendidi
342 2225 494 2257 homines
517 2231 550 2258 et
572 2226 679 2257 aliis
696 2226 987 2269 praetoribus
1007 2225 1214 2269 gratiosi,
1237 2225 1348 2256 uincti
1369 2226 1526 2268 Apronio
1553 2225 1678 2257 traditi
1700 2231 1792 2256 sunt.
1814 2224 1916 2254 uerba
1940 2225 2023 2257 aliis

142 2276 361 2318 praetoribus
384 2278 534 2320 pendent
556 2290 575 2309 a
591 2291 624 2309 u.
648 2279 811 2322 gratiosi,
834 2284 884 2308 set
906 2278 1044 2309 ablatiui
1067 2278 1325 2319 consequentiae
1347 2284 1436 2309 sunt.
1482 2278 1659 2308 Praeterea
1682 2276 1760 2307 uide
1785 2287 1868 2317 quae
1889 2276 2022 2320 Proleg.

148 2329 190 2360 L.
214 2329 255 2358 ll.
281 2330 317 2360 C.
342 2330 368 2360 I.
398 2331 426 2371 ἕ.
451 2330 480 2363 8.
504 2342 537 2373 p.
560 2332 734 2363 XXXVI.
759 2330 800 2361 de
822 2331 886 2362 hoc
909 2332 982 2362 loco
1005 2330 1134 2362 monui.

234 2381 335 2420 Quod
361 2384 480 2414 multis
511 2384 655 2427 benigne
674 2383 818 2427 fecerit)
863 2383 930 2415 Hic
951 2390 1032 2426 aput
1053 2385 1200 2415 Graecos
1231 2388 1281 2414 est
1301 2377 1489 2426 εἰῗεργὲτης,
1524 2382 1613 2425 quod
1645 2382 1814 2423 eleganter
1845 2379 1949 2411 latine
1976 2381 2023 2413 ita

149 2434 372 2474 conuertens,
409 2447 483 2467 cum
506 2437 706 2479 praesertim
728 2436 965 2468 uetustissuma
987 2442 1020 2468 et
1042 2436 1338 2479 praestantissuma
1361 2436 1517 2478 bilinguis
1539 2434 1713 2477 inscriptio
1736 2432 1921 2476 praeiuerit
1942 2439 2022 2476 aput
