2185 2720
870 150 909 178 L.
936 148 993 177 111.
1032 147 1067 177 c.
1087 146 1129 176 v.
1166 146 1196 187 §·
1218 155 1237 177 2
1256 163 1290 168 -
1309 148 1337 176 4.
1930 146 2042 176 xcm

158 228 267 257 Ualeri
294 237 398 263 error,
430 227 468 255 ab
495 225 669 254 editoribus
696 233 762 253 non
787 223 1036 258 animaduersus,
1068 221 1122 260 qui
1151 220 1212 249 duo
1238 220 1273 249 in
1303 220 1449 250 Sextiana
1474 230 1500 250 c.
1519 220 1566 250 54.
1587 224 1619 250 et
1637 219 1684 249 61.
1709 220 1875 260 perspicue
1895 221 2042 251 distincta

155 281 277 305 senatus
294 275 433 304 consulta
447 272 627 303 confuderit
643 272 854 310 templumque
871 271 954 300 Iouis
969 269 1182 308 capitolinum
1203 268 1237 297 C.
1257 267 1360 296 Mario
1380 268 1550 306 inprudens
1571 268 1780 307 adscripserit,
1799 268 1932 297 aliorum
1951 279 2041 299 erro-

155 333 221 353 rem
241 322 392 358 subleuat,
413 322 465 360 qui
487 322 547 350 duo
569 320 696 348 deorum
716 319 886 347 eorundem
905 317 1020 356 templa
1039 327 1102 345 non
1123 316 1345 345 distinxerunt.
1374 314 1411 342 In
1431 314 1480 343 his
1497 316 1683 352 Pii-anesius,
1700 316 1752 344 uel
1767 315 1872 354 potius
1893 315 2040 344 archaeo-

155 372 243 408 logus
263 370 334 406 ille,
357 379 448 408 quem
468 368 665 402 consulebat,
686 366 805 395 duobus
827 364 957 394 Uitruui
976 365 1054 393 locis
1074 375 1164 393 ausus
1185 370 1232 393 est
1250 363 1284 391 in
1304 362 1387 392 aedis
1403 362 1562 392 Marianae
1581 364 1683 392 sedem
1702 363 1934 392 Marcellianam
1954 362 2041 391 inui-

155 423 218 447 tam
245 416 460 446 emendatione
485 414 678 454 pertrahere.
716 414 762 444 Hi
788 418 860 442 sunt
887 412 968 449 loci,
997 412 1110 452 quibus
1139 410 1304 441 Ciceronis
1337 410 1555 439 auctoritatem
1586 410 1730 445 adiunxi,
1765 421 1835 439 cum
1863 410 2041 439 Sextiauam

156 466 394 504 interpretarer.
429 463 523 491 Alter
543 462 608 497 ΠΙ,
630 471 654 490 1.
674 466 749 499 aput
770 460 913 489 Schneid.
932 469 976 490 2.:
1002 461 1182 496 Peripteros
1209 455 1327 498 (aedes)
1353 463 1460 486 autem
1486 459 1563 493 erit,
1597 467 1676 496 quae
1701 457 1794 486 hahet
1819 460 1856 486 in
1871 457 1985 496 fronte
2010 462 2040 485 et

149 515 270 552 postico
296 521 385 541 sena-3
410 511 569 538 columnas
588 523 627 530 -
646 508 819 547 habeatque
845 507 1088 536 ambulationem
1114 508 1202 535 circa
1228 506 1340 534 cellam
1366 505 1468 539 aedis,
1501 504 1759 543 quemadmodum
1785 510 1830 532 est
1857 506 1891 533 in
1911 506 2042 542 porticu

156 560 298 594 Metelli,
319 560 403 587 Iouis
421 558 558 586 Statoris
578 556 729 585 Harmodi·
739 575 747 590 ,
767 561 797 584 et
816 557 861 584 ad
877 556 1035 583 Mariana
1053 554 1194 582 Honoris
1213 559 1244 582 et
1267 554 1404 582 Uirtutis
1422 554 1489 581 sine
1503 555 1624 590 postico
1644 549 1753 591 (ostio)
1773 561 1794 580 a
1813 553 1921 579 Mucio
1932 551 2041 588 faeta.

155 608 219 636 Hic
238 606 319 635 nihil
339 605 417 634 aliut
436 605 498 633 nisi
518 602 709 643 praepositio
729 602 885 638 tollenda,
915 606 950 630 ut
969 600 1110 630 Mariana
1136 600 1276 640 porticus
1305 599 1521 638 intellegatur,
1552 609 1628 638 quae
1655 609 1720 627 uox
1745 597 1838 626 initio
1864 598 1965 636 posita
1983 603 2042 635 est,

156 655 216 684 nisi
237 654 334 683 mauis
354 653 459 681 aedem
479 652 679 689 intellegere,
707 650 759 679 uel
779 649 871 676 etiam
891 649 936 677 ad
952 648 986 676 in
1006 649 1081 676 aede
1100 653 1294 677 conuertere.
1332 648 1487 676 Harmodi
1506 645 1670 676 architecti
1690 655 1820 681 nomen,
1847 645 1931 683 quod
1949 645 2042 683 igno-

156 702 239 731 rauit
265 701 390 737 Iunius,
422 699 590 728 Turnebus
619 697 680 726 XI.
705 697 839 726 Aduers.
858 705 886 724 2.
911 700 1010 725 mutat
1036 695 1071 723 in
1096 696 1303 729 Hermodori,
1337 705 1409 724 sane
1436 694 1654 733 probabiliter.
1693 693 1747 721 Set
1772 692 1948 721 Piranesius
1975 703 2040 722 non

155 749 248 779 modo
268 748 404 776 Rodium
424 746 516 785 plane
536 744 676 783 decepit,
704 753 813 772 uerum
841 743 933 771 etiam
958 743 996 771 de
1015 743 1188 782 praestanti
1208 742 1394 772 Schneideri
1419 741 1584 777 memoria,
1611 740 1787 769 admirabili
1807 739 1949 769 doctrina
1967 740 2040 777 uiri,

158 796 342 826 Ciceronem
361 794 514 830 excussit,
541 792 595 831 qui
615 790 758 820 Marcelli
779 800 893 819 nomeu
913 790 946 819 in
966 790 1022 819 hac
1044 789 1225 819 coniectura
1243 791 1399 829 posuerit:
1426 789 1685 828 quemadmodum
1704 793 1749 816 est
1767 789 1802 816 in
1816 788 1944 824 porticu
1963 788 2041 815 Me-

156 845 240 872 telli:
266 842 445 871 huiusmodi
470 846 499 870 et
526 840 617 869 aedes
636 839 775 867 Honoris
800 844 829 867 et
860 839 996 866 Uirtutis·
1016 838 1166 866 asan-elli
1193 840 1259 866 stne
1278 839 1407 875 porticu
1435 849 1456 866 a
1483 837 1589 866 Mucio
1606 835 1732 874 saetae.
1769 833 1863 870 Quod
1889 835 2042 863 Hemoda·

156 900 271 919 nomen
291 889 461 928 expunxit,
495 893 527 916 et
553 886 731 916 huiusmodi
756 885 876 913 duobus
905 894 944 914 ex
963 884 1054 912 libris
1074 884 1224 923 arripuit,
1253 884 1330 913 Ioue
1349 894 1471 923 quoque
1492 884 1615 912 Statore
1635 882 1773 917 sublato,
1800 890 1891 919 quem
1910 881 1959 909 illi
1978 881 2041 920 ipsi

155 938 231 966 libri
251 937 403 972 retinent,
422 936 503 964 nihil
523 935 555 963 id
575 944 643 962 mea
661 943 743 961 nune
762 932 903 960 interest.
942 931 997 960 Set
1017 931 1099 969 quod
1119 933 1186 959 sine
1200 934 1327 969 porticu
1346 932 1472 968 maluit,
1498 941 1588 970 quam
1607 931 1673 958 sine
1687 931 1824 967 postico,
1851 929 2041 959 Uitruuiana

156 985 326 1023 descriptio
341 984 423 1013 aedis
440 982 627 1021 peripterae,
640 981 667 1010 si
683 986 768 1010 recte
784 979 943 1016 intellego,
957 983 1062 1017 aperte
1078 983 1240 1017 repugnat.
1259 979 1510 1017 Deniquefueta
1525 978 1558 1006 in
1569 976 1713 1006 Marcelli
1727 981 1927 1005 monumento
1943 981 2041 1013 recte,

156 1031 191 1060 in
210 1032 361 1068 Mariano,
379 1031 467 1059 cuius
486 1030 566 1058 cella
586 1033 652 1057 erat
671 1038 741 1064 una,
759 1026 933 1055 necessario
955 1025 1079 1054 dicitur.
1106 1025 1211 1054 Locus
1231 1031 1278 1054 est
1298 1026 1377 1055 alter
1396 1026 1430 1055 in
1449 1025 1583 1065 septumi
1603 1024 1677 1052 libri
1700 1024 1860 1063 prooemio
1880 1034 1911 1052 n.
1935 1033 1978 1061 17.
1999 1024 2038 1053 de

159 1079 194 1108 C.
214 1079 322 1108 Mucio
342 1078 531 1114 architecto,
558 1078 613 1115 qui
632 1086 748 1113 magna
767 1075 899 1102 scientia
919 1074 1054 1109 eory‘isus
1074 1073 1165 1101 aedes
1186 1074 1324 1102 Honoris
1344 1080 1374 1102 et
1398 1075 1534 1102 Uirtutis
1553 1074 1726 1101 fllarianae
1745 1073 1856 1108 cellae,
1877 1072 2041 1100 columna-

157 1136 286 1164 rumque
306 1125 465 1165 (externae
484 1121 637 1163 porticus)
657 1128 687 1150 et
705 1122 918 1159 epistyliorum
936 1121 1131 1159 symmetrias
1151 1121 1308 1159 legitumis
1325 1123 1406 1150 artis
1422 1122 1578 1150 institutis
1591 1120 1736 1157 perfecit.
1766 1118 1947 1156 Legendum
1964 1129 2039 1158 esse,

159 1174 245 1202 aedis
264 1174 402 1203 Honoris
422 1178 451 1202 et
475 1173 611 1202 Uirtutis
630 1170 802 1200 Marianae
822 1169 947 1207 cellam,
967 1172 1030 1197 tam
1049 1173 1096 1198 est
1113 1168 1332 1210 perspicuum,
1350 1173 1387 1201 ut
1404 1178 1468 1200 non
1488 1168 1531 1200 ita
1549 1167 1611 1200 iam
1630 1167 1747 1197 editum
1766 1166 1855 1196 ualde
1874 1166 1980 1196 mirer.

1061 1282 1089 1324 §.
1109 1289 1137 1317 4.

234 1358 299 1388 Iam
317 1357 382 1395 his,
401 1362 438 1387 ut
456 1358 575 1387 animus
595 1356 730 1393 serebat,
756 1355 910 1396 expositis
938 1355 976 1384 de
995 1355 1146 1385 Marianis
1173 1355 1433 1395 inscriptionibus
1460 1353 1578 1393 aliquid
1596 1352 1714 1390 habeo,
1740 1351 1824 1392 quod
1843 1352 1940 1384 dicam
1960 1363 2040 1383 enu-

157 1405 304 1444 cleatius,
330 1417 459 1445 quarum
478 1406 655 1444 exemplum
675 1404 796 1432 celebre
817 1403 873 1432 uix
892 1403 968 1432 olim
988 1404 1162 1441 adtigimus.
1201 1404 1279 1432 Illut
1297 1414 1373 1432 uero
1395 1413 1464 1431 cum
1484 1402 1595 1430 ceteris
1623 1401 1773 1429 eiusmodi
1794 1402 1936 1431 omnibus
1955 1402 2040 1431 Maf-

158 1453 256 1483 feium
283 1459 406 1483 secutus
435 1452 645 1482 Ruhnkenius
672 1452 709 1480 ad
736 1451 895 1479 Uelleium
922 1451 971 1488 II,
1001 1461 1043 1480 12.
1070 1461 1100 1490 p.
1125 1460 1186 1489 ¹09·
1222 1450 1472 1478 commenticium
1500 1448 1713 1477 existumabat.
1751 1448 1806 1476 Set
1831 1455 1957 1488 optume
1984 1450 2040 1478 illa

159 1501 263 1530 omnia
281 1501 404 1539 egregie
422 1500 599 1539 conscripta
619 1499 732 1537 ellogia
751 1499 934 1528 Morcellius
954 1503 1059 1527 noster
1080 1498 1117 1526 de
1137 1498 1210 1526 stilo
1235 1497 1376 1536 inscript.
1395 1507 1425 1536 p,
1450 1496 1511 1525 155.
1531 1494 1616 1524 omni
1635 1496 1747 1524 liberat
1767 1496 1959 1535 suspicione,
1980 1507 2041 1534 qua

157 1552 276 1576 temere
296 1548 527 1576 damnabantur.
566 1546 646 1575 Nam
673 1546 782 1574 statuis
809 1546 951 1575 uirorum
977 1545 1157 1574 inlustrium
1176 1544 1335 1583 Augustus
1362 1554 1398 1572 ea
1423 1543 1456 1571 in
1475 1544 1544 1572 foro
1572 1554 1627 1571 suo
1655 1544 1875 1572 subscribenda
1900 1544 2040 1582 curauit3

159 1595 330 1633 municipia
349 1595 460 1623 deinde
480 1594 587 1623 Italiae
607 1594 868 1632 descriptionibus
888 1593 1149 1632 multiplicarunt.
1187 1592 1363 1622 Marianum
1390 1591 1450 1620 hoc
1468 1590 1577 1619 Arreti
1597 1601 1719 1629 quoque
1746 1596 1778 1619 ct
1794 1591 1931 1619 Arimini
1950 1597 2041 1620 exta-

158 1641 219 1670 bat.
257 1642 375 1670 Romae
394 1652 470 1670 uero
491 1642 551 1670 duo
572 1647 644 1670 sunt
664 1641 791 1669 duarum
810 1640 930 1669 basium
950 1641 1071 1679 prolata
1090 1642 1276 1678 fragmenta,
1296 1651 1313 1668 e
1332 1640 1401 1669 foro
1422 1643 1524 1666 tamen
1543 1638 1677 1676 Augusti
1697 1643 1851 1667 neutrum.
1880 1639 1938 1667 Est
1955 1639 2040 1668 enim

156 1689 291 1719 alterum
310 1689 474 1727 grandibus
494 1688 747 1727 elegantibusque
766 1688 898 1724 litteris,
932 1689 1036 1726 quales
1058 1688 1185 1716 Traiani
1212 1692 1354 1726 tempore
1374 1685 1611 1721 incidebantur,
1639 1692 1675 1715 ut
1693 1687 1727 1714 in
1747 1686 1839 1714 huius
1858 1686 1928 1715 foro
1948 1687 2040 1716 aliam

158 1736 194 1765 C.
213 1736 309 1765 Marii
327 1741 457 1765 statuam
478 1735 645 1765 dedicatam
665 1736 761 1765 fuisse
789 1736 950 1774 significet.
989 1735 1100 1774 Neque
1127 1735 1211 1763 enim
1231 1735 1371 1773 ampliari
1390 1738 1553 1771 tantopere
1572 1732 1606 1761 in
1626 1733 1694 1772 ipso
1715 1733 1849 1771 Augusti
1867 1734 1937 1762 foro
1957 1734 2039 1763 basis

155 1783 261 1823 potuit
280 1793 377 1822 noua,
407 1794 475 1812 cum
496 1789 626 1822 propter
646 1789 813 1812 statuarum
833 1783 1082 1819 multitudinem,
1113 1788 1150 1811 ut
1177 1782 1337 1812 adnotauit
1356 1781 1558 1817 Morcellius,
1591 1781 1683 1809 etiam
1709 1781 1799 1809 binae
1826 1791 1888 1810 una
1912 1782 1945 1809 in
1972 1782 2040 1810 basi

158 1831 363 1860 constiterint.
404 1831 572 1859 Traianum
598 1836 700 1859 autem
728 1836 850 1859 ueteres
878 1831 988 1859 titulos
1023 1831 1269 1868 diligentissume
1295 1839 1509 1864 conseruasse,
1542 1829 1593 1857 uel
1620 1837 1680 1857 uua
1709 1828 1784 1857 haec
1809 1828 1881 1856 satis
1908 1834 2039 1858 testatur

158 1878 324 1916 inscriptio
347 1879 473 1907 Gruter.
495 1878 593 1907 CXC.
613 1879 657 1906 4.:
686 1880 730 1907 M.
752 1878 1040 1906 CALPURNIUS.
1061 1879 1106 1906 M.
1126 1879 1162 1906 F.
1182 1878 1287 1906 PISO.
1308 1877 1455 1906 FRUGI.
1476 1877 1541 1904 PR.
1562 1876 1634 1904 EX.
1657 1877 1686 1904 S.
1708 1877 1741 1905 C.
1762 1876 2038 1906 FACIUNDUM.

157 1925 366 1955 CURAUIT.
386 1925 629 1962 EIDEMQUE.
649 1926 884 1954 PROBAUIT.
912 1925 997 1953 IMP.
1019 1924 1198 1953 CAESAR.
1223 1925 1330 1954 DIUI.
1350 1924 1543 1953 NERUAE.
1564 1924 1598 1952 F.
1619 1923 1781 1952 NERUA.
1803 1924 2037 1953 TRAIANUS.

157 1978 218 2002 etc.
252 1973 474 2002 OPERIBUS.
507 1973 756 2001 AMPLIATIS.
791 1972 1049 2002 RESTITUIT..
1095 1972 1312 2010 Fragmentum
1345 1971 1406 2000 hoc
1438 1972 1471 2000 iu
1505 1971 1632 2000 aedibus
1660 1971 1813 2010 Pomponi
1839 1970 1931 1999 Laeti
1956 1972 2037 2001 uidit

157 2019 309 2056 Smetius,
336 2030 375 2048 ex
401 2030 461 2057 quo
483 2020 637 2050 Gruterus
665 2021 764 2049 edidit
790 2032 820 2060 p.
842 2020 1114 2050 CCCCXXXVI.
1133 2030 1178 2056 2.,
1204 2020 1243 2048 ad
1261 2020 1409 2048 Fuluium
1428 2019 1579 2048 Ursinum
1606 2023 1714 2057 postca
1742 2018 1940 2056 demigrauit,
1966 2018 2035 2057 ipso

158 2072 237 2096 teste
257 2067 295 2095 ad
314 2067 474 2096 Caesarem
494 2069 533 2097 ΙΙ.
553 2068 630 2097 belli
651 2068 732 2096 Gall.
753 2069 779 2097 4.
801 2068 874 2097 edit.
896 2068 1113 2105 langermanni
1134 2068 1192 2096 col.
1211 2068 1285 2105 467..
1324 2068 1469 2097 Alterum
1490 2076 1565 2094 uero
1585 2066 1676 2103 louge
1697 2066 1837 2104 plenius,
1867 2070 1914 2094 set
1932 2065 2036 2094 mino-

157 2114 246 2144 ribus
265 2113 396 2150 litteris,
422 2115 505 2153 quod
524 2115 617 2144 habet
637 2126 676 2144 ex
695 2116 858 2144 Mazoehio
881 2116 1033 2145 Gruterus
1060 2115 1135 2143 ibid.
1156 2125 1186 2143 n.
1206 2117 1252 2150 5.,
1280 2125 1343 2143 non
1364 2126 1403 2144 ex
1422 2114 1581 2153 pluribus,
1610 2119 1645 2141 ut
1665 2114 1846 2148 adnotatm,
1874 2113 2035 2151 particulis

156 2161 214 2199 ille
236 2162 415 2198 contexuit,
435 2168 481 2192 set
500 2164 554 2192 illa
573 2163 640 2201 ipsa
658 2168 705 2191 est
723 2174 821 2202 paene
841 2164 962 2201 integra
985 2163 1160 2201 inscriptio,
1181 2173 1271 2201 quam
1291 2163 1324 2191 in
1344 2163 1396 2191 uia
1415 2160 1568 2189 Flaminia
1588 2160 1671 2188 iuter
1690 2160 1823 2197 Augusti
1841 2160 2035 2189 Mausoleum

159 2214 192 2238 et
217 2209 328 2237 collem
354 2209 550 2238 hortulorum
577 2210 734 2238 inuentam
761 2220 802 2239 ex
820 2211 934 2239 Fuluio
964 2216 994 2238 et
1014 2211 1168 2239 Marliano
1194 2211 1292 2239 refert
1312 2210 1470 2238 Nardinus
1497 2208 1554 2236 IV.
1581 2208 1671 2236 Rom.
1695 2208 1803 2245 Antiq.
1835 2217 1886 2236 10..
1926 2207 2037 2246 Longe

160 2257 246 2285 abest
274 2257 346 2284 inde
372 2257 473 2285 forum
500 2258 649 2294 Augusti,
675 2258 758 2296 quod
777 2263 842 2287 erat
862 2259 945 2286 iuter
965 2258 1139 2287 Romanum
1160 2263 1249 2286 uetus
1271 2263 1302 2285 et
1321 2258 1446 2286 Neruae
1465 2255 1639 2290 recentius,
1667 2255 1726 2284 hoc
1747 2260 1808 2291 est,
1835 2255 1872 2282 ab
1894 2264 1928 2283 ea
1947 2261 2036 2294 parte

160 2303 301 2340 Romano
329 2301 502 2332 continens.
543 2304 628 2341 Quid
653 2313 724 2341 ergo
751 2305 820 2333 est?
848 2315 918 2334 nam
946 2305 984 2334 de
1011 2306 1204 2334 monumenti
1224 2304 1359 2333 Mariani
1387 2305 1457 2332 loco
1480 2314 1542 2332 non
1563 2308 1608 2331 est
1629 2302 1845 2337 laborandum,
1879 2312 1948 2331 cum
1969 2303 2036 2332 eius

162 2360 227 2379 esse
245 2351 308 2380 loci
328 2351 429 2380 uideri
449 2353 540 2390 plane
561 2350 723 2389 inscriptio
744 2361 808 2380 non
827 2353 934 2391 possit.
975 2355 1027 2382 Set
1047 2364 1064 2382 a
1081 2353 1231 2382 Suetonio
1252 2352 1330 2380 mihi
1350 2352 1487 2380 tenebris
1507 2351 1693 2379 circumfuso
1715 2350 1770 2378 lux
1791 2349 1913 2378 tandem
1933 2350 2036 2379 adful-

161 2402 219 2434 get
257 2398 287 2427 Is
313 2399 347 2426 in
368 2398 506 2436 Caligula
533 2409 595 2437 cap.
615 2398 777 2426 XXXIV.
805 2407 943 2436 statuas,
970 2401 1087 2439 inquit,
1115 2403 1255 2429 uirorum
1275 2402 1457 2429 inlustrium
1477 2399 1516 2426 ab
1536 2399 1678 2434 Augusto
1705 2408 1742 2426 ex
1763 2398 1940 2435 Capitolina
1960 2407 2036 2426 area

158 2450 287 2482 Propter
305 2449 470 2483 angustias
489 2449 524 2475 in
545 2447 695 2476 Martium
715 2456 858 2484 campum
883 2449 1023 2476 conlatas
1051 2451 1098 2477 ita
1125 2448 1297 2485 subuertit,
1324 2453 1359 2476 ut
1386 2447 1511 2476 restitui
1536 2446 1634 2473 salicis
1661 2446 1762 2474 titulis
1781 2454 1843 2474 nvn
1865 2446 2035 2482 potuerint.
