2185 2720
191 166 228 193 SS
836 162 1409 194 COMMENTARIUS.

192 232 259 263 uiri
280 232 473 265 doctissumi
503 246 522 266 a
543 235 736 279 municipns
760 237 969 280 coloniisque
991 238 1107 270 Italiae
1131 239 1266 271 ciuitate
1290 239 1517 279 donarentur,
1554 250 1597 271 ex
1621 241 1792 274 Ciceronis
1822 241 1974 274 oratione
2003 249 2067 281 pro

189 284 320 317 Archia
343 294 441 328 poeta
464 294 664 330 conpertum
688 289 866 329 habemus,
903 290 938 321 in
963 302 1027 332 qua
1050 303 1076 322 0.
1102 292 1160 323 III.
1186 294 1215 334 ξ.
1240 293 1269 324 5.
1294 292 1376 322 haec
1398 293 1573 334 leguntur:
1612 294 1736 336 Itaque
1758 295 1848 325 hunc
1873 289 2066 335 (Archiam)

191 343 225 370 et
251 339 435 371 Tarentini
464 347 496 372 et
518 342 651 384 Regini
680 347 712 373 et
741 342 973 385 iVeapolitani
1002 343 1146 375 ciuitate
1174 345 1361 387 ceterisque
1387 346 1555 389 praemiis
1578 346 1772 380 donar-ann
1799 351 1831 376 et
1853 357 1965 377 omnes
1973 369 1984 383 ,
2008 343 2068 386 qui

191 391 328 433 aliquid
357 393 397 422 de
420 392 572 435 ingeniis
598 399 761 437 poterant
783 396 956 433 iudicare,
999 397 1193 438 cognitione
1216 402 1319 439 atque
1341 398 1490 440 hospitio
1514 398 1660 440 dignum
1689 397 1953 428 existumarzmt.
1996 395 2068 427 Ar-

192 442 285 472 chiae
307 449 419 474 autem
442 451 561 486 poetae
584 457 661 476 cum
684 446 912 488 contingeret,
936 452 975 478 ut
996 448 1131 478 ciuitate
1153 448 1189 478 in
1211 448 1327 479 multis
1350 449 1429 480 Lati
1459 451 1593 492 oppidis
1624 450 1825 487 donaretur,
1850 453 1973 489 quanto
1996 457 2071 477 ma-

191 495 240 537 gis
265 495 537 535 Coruncanium,
560 498 735 529 hominem
758 499 841 530 iuris
864 499 1014 541 peritum
1038 507 1071 532 et
1092 500 1210 532 consili
1233 500 1285 531 sui
1307 500 1380 532 aliis
1407 502 1537 544 copiam
1561 502 1750 539 facientem,
1776 501 1906 531 honore
1930 499 1993 530 isto
2013 508 2071 528 or·

189 553 308 578 natum
331 560 402 580 esse
424 549 638 581 credibilest?
685 550 755 581 Cfr.
783 552 883 582 ctiam
910 551 979 583 Cic.
1004 552 1045 582 ad
1069 553 1148 584 Diu.
1172 553 1276 591 XIII,
1315 553 1388 585 50..
1435 554 1595 586 Ceterum
1618 553 1770 585 minume
1795 563 1888 583 meae
1911 551 2071 582 aduersa-

189 604 247 630 tur
270 601 510 642 explicationi,
548 601 639 643 quod
663 601 829 644 interpres
856 603 1104 635 Ambrosianus
1136 604 1178 634 ad
1202 617 1252 636 or.
1277 606 1361 637 Sull.
1385 618 1413 637 c.
1437 619 1466 645 7.
1489 618 1523 649 p.
1552 607 1620 638 155.
1645 605 1696 637 ed.
1720 605 1801 637 Mai.
1825 616 1888 635 sec.
1912 603 2069 637 adnotat:

189 653 241 684 Μ.
264 653 347 684 Cato
371 655 430 686 ille
450 656 623 686 censorius
647 660 680 685 et
707 655 782 687 Tib.
805 655 1040 688 Coruncanius
1061 656 1215 699 fuerunt
1238 671 1255 690 e
1276 660 1466 703 municipio
1492 660 1700 692 Tusculano.
1744 658 1954 690 Simillumos
1978 653 2071 685 enim

191 714 322 736 errores
345 706 427 738 alios
451 717 527 737 cum
550 707 717 748 interpres
739 707 797 738 ille
823 714 894 739 tum
917 709 989 750 ipse
1011 709 1180 741 Asconius
1207 711 1374 742 conmisit.

274 758 373 790 Num
403 760 444 790 (le
474 765 523 790 tot
545 760 686 791 Fuluiis
713 761 880 803 gloriari)
923 761 1117 802 Legebatur
1140 768 1218 793 ante
1242 764 1429 795 Graeuium
1452 763 1573 795 Fabiis
1595 775 1658 805 pro
1681 763 1839 800 Fuluiis,
1874 759 1965 802 quod
1994 758 2069 790 iure

190 820 233 840 ex
259 811 407 852 optumis
429 811 599 842 codicibus
625 812 821 843 restitutum
843 824 928 853 esse,
953 813 1150 845 Perizonius
1172 815 1290 846 Anim.
1315 816 1404 847 Hist.
1432 828 1459 847 c.
1483 816 1529 848 V.
1553 815 1678 854 docuit,
1701 814 1748 845 ita
1771 814 1953 845 disserens:
1980 811 2070 851 „Fa-

188 861 237 892 bii
260 873 329 893 non
347 863 496 894 Tusculo
524 864 591 895 orti
613 870 708 903 sunt,
746 871 797 896 set
819 872 897 897 ante
920 867 1027 908 ipsam
1051 866 1171 897 urbem
1196 867 1366 898 conditam
1389 869 1424 899 in
1448 868 1519 899 eius
1541 867 1620 899 sede
1641 867 1731 897 inter
1749 865 1891 896 Romuli
1912 871 1945 896 et
1967 861 2070 895 Remi

189 914 327 945 comites
350 915 534 957 agitaruut,
559 916 662 946 immo
687 928 726 947 eo
749 917 815 947 loci
839 930 882 950 ex
905 917 1076 957 Euandri,
1102 924 1141 948 ut
1163 920 1321 950 nonnulli
1343 921 1482 959 uolunt,
1510 919 1579 951 filia
1602 919 1641 950 ab
1663 919 1813 950 Hercule
1835 915 2014 960 procreati,
2036 919 2071 945 et

187 973 305 1008 postea
328 968 477 1009 expulsis
501 969 634 1010 regibus
657 968 746 999 inter
768 971 896 1011 primos
920 971 1079 1013 patricios
1103 970 1226 1012 gloria,
1260 971 1439 1013 dignitate,
1470 971 1696 1003 consulatibus
1719 971 1920 1002 floruerunt.
1964 969 2071 1000 Recte

187 1018 345 1060 Pighius,
370 1019 459 1060 quod
482 1020 523 1051 de
546 1021 695 1060 Fuluiis,
717 1022 858 1064 plebeiis
883 1029 916 1054 et
940 1022 1089 1054 obscuris
1114 1022 1243 1064 origine
1266 1035 1341 1063 sua,
1364 1036 1433 1055 non
1455 1024 1497 1055 de
1519 1024 1649 1063 Fabiis,
1683 1023 1882 1054 inlustribus
1906 1027 1939 1052 et
1960 1019 2071 1064 patri-

189 1070 268 1109 ciis,
295 1071 389 1112 loqui
413 1072 611 1104 Ciceronem
633 1080 802 1111 autumat,
834 1074 999 1117 ideoque,
1024 1075 1058 1106 id
1083 1075 1173 1116 qnod
1196 1087 1303 1107 unum
1327 1083 1417 1108 recte
1439 1077 1619 1119 temptauit
1641 1075 1797 1118 Pighius,
1832 1074 1984 1116 accipere
2009 1072 2070 1103 de-

187 1122 339 1154 buissent
360 1124 545 1163 Gruterus,
582 1137 651 1156 non
675 1132 787 1157 antem
810 1127 1009 1169 repudiare,
1037 1126 1263 1169 praeferendo
1286 1129 1428 1168 Fabiis,
1469 1130 1509 1160 de
1534 1129 1654 1171 quibus
1676 1134 1715 1158 ut
1738 1139 1781 1158 ex
1803 1127 1898 1158 nullo
1920 1124 2070 1157 munici-

187 1176 262 1218 pio,
291 1175 442 1217 adeoque
465 1188 527 1207 nec
549 1177 697 1208 Tusculo
722 1179 823 1218 ortis,
850 1180 938 1210 nulli
960 1180 1148 1222 municipes
1171 1180 1310 1222 gloriari
1332 1187 1500 1223 poterant.
1546 1180 1795 1223 Reponendum
1820 1179 1958 1210 omnino
1979 1177 2069 1210 Fal-

188 1228 276 1266 uiis,
312 1228 370 1269 qui
391 1234 503 1259 tamen
533 1241 601 1260 non
625 1231 802 1270 Tiburtes,
837 1238 887 1263 set
910 1232 1095 1264 Tusculani
1123 1232 1255 1274 origine
1283 1232 1433 1264 suerunt.
1474 1233 1612 1265 Etenim
1639 1233 1770 1275 primus
1800 1230 2003 1263 Fuluiorum
2031 1228 2069 1260 in

186 1280 271 1310 urbe
292 1280 403 1311 Roma
424 1281 466 1311 L.
489 1281 629 1313 Fuluios
654 1283 786 1315 Curuos
826 1295 891 1315 cos.
920 1285 966 1316 A.
990 1286 1034 1317 U.
1060 1285 1097 1316 C.
1128 1285 1200 1316 451.
1230 1297 1249 1315 a
1271 1285 1471 1317 Tusculanis
1494 1285 1753 1323 rebellantibus,
1784 1294 1930 1326 quorum
1951 1280 2069 1313 consul

188 1338 280 1371 erat,
308 1332 441 1363 transiit
463 1333 505 1363 ad
528 1334 714 1375 Romanos,
739 1337 779 1367 ab
803 1336 910 1378 iisque
935 1337 1054 1368 eodem
1078 1349 1183 1377 anno,
1209 1349 1275 1379 quo
1298 1338 1403 1369 hostis
1426 1337 1546 1376 suerat,
1571 1337 1687 1369 consul
1712 1336 1818 1367 sactus
1842 1334 2069 1377 triumphauit

188 1384 229 1415 de
255 1385 322 1416 suis
346 1385 578 1427 popularibus.
623 1387 759 1419 Diserte
786 1388 867 1419 haec
889 1390 1019 1421 Plinius
1043 1391 1089 1421 H.
1113 1392 1158 1422 N.
1182 1390 1266 1427 VII,
1290 1390 1341 1421 43.
1386 1391 1502 1432 Atque
1525 1391 1604 1421 hinc
1628 1389 1745 1420 Cicero
1769 1388 1918 1430 Philipp.
1942 1388 2009 1427 III,
2036 1387 2066 1419 6.

186 1437 339 1469 Antonio
363 1437 520 1468 Fuluiam
542 1449 687 1470 uxorem
710 1441 857 1480 habenti,
885 1454 961 1473 cum
985 1443 1012 1474 is
1035 1443 1223 1474 Octauiano
1245 1443 1430 1475 Aricinam
1451 1449 1596 1475 matrem
1617 1441 1864 1485 exprobrasset,
1887 1439 1990 1471 ObiCst
2010 1439 2068 1470 Ui-

187 1490 299 1521 cissim
330 1501 475 1521 uxorem
508 1491 755 1524 Tusculanam.
799 1494 991 1525 Tusculana
1020 1496 1102 1526 haec
1135 1506 1206 1526 non
1235 1495 1299 1526 alia
1328 1501 1377 1526 est
1406 1507 1507 1537 quam
1537 1494 1674 1533 Fuluia,
1710 1504 1794 1535 qnae
1823 1491 1957 1524 Antoni
1985 1498 2066 1523 tunc

186 1554 276 1573 uxor
306 1548 340 1573 et
367 1542 436 1573 filia
466 1549 538 1573 erat
578 1544 679 1574 Fului
709 1545 935 1577 Bambalionis
974 1558 1011 1577 ac
1040 1547 1262 1590 Semproniae
1292 1548 1456 1579 Tuditani
1490 1548 1589 1580 filiae.
1604 1550 1625 1566 ‘⁶
1669 1545 1759 1578 Uide
1788 1544 1829 1576 de
1851 1544 1974 1576 Fuluia
2002 1543 2067 1576 ista

186 1595 321 1627 Antoni
345 1607 455 1626 uxore
479 1597 703 1627 Garatonium
729 1597 771 1627 ad
796 1597 883 1628 Phil.
910 1598 977 1637 III,
1005 1600 1052 1631 6..

272 1648 323 1680 At
349 1648 384 1678 in
407 1661 649 1692 quemcumque
669 1668 711 1673 —
733 1651 959 1693 audiendum.)
1005 1653 1202 1684 Modeste
1225 1652 1270 1684 (Ze
1293 1664 1348 1692 se,
1381 1651 1451 1683 sed
1484 1651 1531 1682 de
1559 1652 1596 1683 C.
1620 1650 1761 1682 llIario
1791 1650 1931 1680 multo
1961 1649 2066 1680 ube-

187 1700 278 1731 rius
307 1706 347 1731 et
378 1700 558 1739 rectius3
606 1712 657 1732 ex
687 1713 765 1743 q‘uo
797 1702 925 1734 etiam
953 1716 1029 1735 suo
1058 1704 1210 1736 honori
1242 1704 1476 1746 plurimum
1505 1704 1643 1742 dedit,
1675 1702 1724 1733 de
1748 1713 1830 1743 quo
1854 1701 2064 1743 aliquan-

187 1759 229 1784 to
254 1752 475 1784 demissius
497 1759 539 1784 et
560 1753 857 1786 uerecundius
882 1755 1070 1787 dixerat.
1095 1757 1255 1788 SCHOLIA
1270 1757 1478 1788 UATICANA.
1502 1755 1643 1787 Inlustri
1667 1755 1723 1786 1110
1744 1755 1837 1785 locus
1861 1753 2063 1795 exemplost,

189 1806 270 1847 quid
294 1805 357 1836 sibi
380 1805 547 1847 interpres
576 1805 634 1836 ille
657 1806 693 1837 in
722 1806 950 1838 describendis
977 1809 1148 1841 Ciceronis
1185 1808 1298 1840 uerbis
1327 1809 1531 1850 permiserit.
1573 1808 1687 1839 Habet
1710 1807 1800 1838 enim
1823 1806 1902 1837 huic
1923 1805 2066 1836 adnota-

187 1858 274 1890 tioni
296 1858 377 1888 haec
399 1857 503 1887 uerba
526 1858 732 1900 praeposita:
759 1860 810 1891 Ac
833 1861 864 1890 si
888 1861 923 1891 in
947 1862 1099 1904 aliquem
1122 1861 1329 1903 Arpinatem
1352 1862 1528 1899 incideris,
1551 1862 1618 1892 erit
1641 1859 1704 1891 tibi
1716 1858 1875 1902 fortasse
1897 1859 2002 1890 etiam
2023 1858 2066 1890 de

188 1911 283 1943 nobis
306 1910 461 1953 aliquid,
484 1911 544 1942 secl
565 1917 654 1942 certe
678 1912 719 1942 de
742 1911 776 1943 C.
799 1913 916 1944 Mario
939 1914 1160 1945 audiendum.
1186 1924 1249 1954 pro
1274 1913 1394 1954 quibus
1418 1913 1520 1944 ceteri
1543 1912 1692 1949 codices,
1716 1912 1753 1942 iu
1779 1911 1909 1942 duobus
1933 1916 2066 1941 tantum

188 1963 301 1994 uerbis
324 1974 343 1993 a
367 1973 402 1993 se
427 1962 676 2001 dissentientes,
701 1963 781 1993 haec
803 1964 945 1996 habent:
969 1966 1019 1998 At
1043 1967 1079 1996 in
1103 1977 1345 2008 quemcumque
1366 1965 1575 2008 Arpinatem.
1596 1965 1780 2001 incideris,
1803 1963 1940 1995 etiamsi
1961 1963 2064 2001 nolis,

190 2016 256 2047 erit
282 2022 395 2047 tamen
418 2014 481 2045 tibi
494 2014 652 2056 fortasse
674 2017 778 2048 etiam
800 2017 840 2048 cle
862 2017 958 2048 nobis
981 2018 1129 2061 aliquid,
1152 2019 1289 2060 aliquid
1311 2024 1399 2049 certe
1422 2019 1462 2050 de
1485 2018 1520 2050 C.
1542 2018 1660 2050 Mario
1682 2017 1907 2048 audiendum.
1949 2016 2062 2047 Nemo

189 2079 260 2098 non
282 2073 402 2109 sponte
424 2066 608 2108 intellegit,
643 2079 712 2098 non
734 2068 973 2110 interpolatam
1004 2069 1060 2100 1110
1089 2076 1279 2101 ceterorum
1310 2070 1463 2101 codicum
1487 2070 1689 2112 scripturam
1715 2068 1780 2099 dici
1802 2079 1920 2110 posse,
1950 2073 2002 2099 set
2021 2067 2063 2099 ab

189 2120 374 2161 interprete
400 2118 562 2150 Uaticano
586 2119 689 2150 uerba
715 2121 887 2152 Ciceronis
909 2121 1035 2163 partim
1058 2123 1197 2162 omissa,
1221 2129 1259 2154 ut
1281 2123 1507 2165 explicatione
1529 2133 1596 2153 non
1621 2121 1767 2164 egentia,
1801 2120 1927 2163 partim
1947 2120 2062 2151 inmu-

189 2177 258 2202 tata
280 2183 361 2202 esse.
406 2171 444 2201 In
466 2171 530 2202 hoc
552 2182 620 2202 nno
643 2173 832 2214 sequendus
856 2180 969 2204 tamen
990 2174 1131 2206 fortasse
1154 2175 1389 2217 palimpsestus
1412 2175 1594 2207 Uaticanus
1618 2181 1677 2214 est,
1702 2174 1793 2216 quod
1814 2175 1856 2206 cle
1876 2173 1972 2205 nobis
1993 2172 2063 2204 ali-

192 2224 287 2266 quid,
309 2224 368 2255 secl
389 2230 478 2255 certe
499 2224 624 2255 scribit.
669 2225 829 2257 Eademst
852 2227 942 2257 enim
966 2228 1063 2258 etiam
1089 2226 1296 2258 Erfurtensis
1319 2227 1399 2258 libri
1423 2228 1599 2270 scriptura,
1623 2228 1669 2258 ita
1692 2232 1822 2257 tantum
1846 2223 2062 2256 dissentiente

190 2275 363 2314 Bauarioe,
388 2275 477 2316 quod
501 2287 576 2307 cum
599 2277 672 2308 aliis
695 2278 864 2310 codicibus
887 2279 938 2310 bis
961 2280 1099 2323 aliquid
1111 2279 1237 2311 scribit.
1284 2280 1379 2320 Quae
1401 2291 1475 2310 mea
1497 2279 1600 2310 fuerit
1623 2279 1664 2310 de
1686 2279 1852 2320 scriptura
1872 2277 1972 2309 huius
1994 2276 2061 2308 loci

190 2326 372 2365 sententia,
407 2328 538 2370 Proleg.
567 2329 644 2360 Lib.
668 2330 710 2362 II.
740 2331 778 2362 C.
801 2331 827 2362 Ι.
859 2332 888 2372 §.
913 2331 942 2363 8.
974 2343 1007 2374 p.
1037 2331 1234 2363 XXXVIII
1263 2344 1310 2373 sq.
1344 2332 1473 2374 aperui.
1518 2334 1619 2363 Nunc
1647 2337 1759 2362 tamen
1781 2341 1849 2361 non
1873 2329 2060 2368 dissimulo,

190 2390 289 2422 posse
316 2379 416 2410 etiam
438 2381 581 2412 alterum
604 2383 758 2426 aliquid,
789 2384 878 2425 quod
903 2385 984 2415 Bau.
1008 2395 1085 2414 cum
1107 2383 1179 2415 aliis
1199 2384 1314 2415 multis
1337 2385 1453 2425 habet,
1484 2396 1547 2427 pro
1570 2384 1694 2426 glossa,
1727 2394 1810 2425 quae
1831 2392 1934 2424 super
1955 2381 2060 2413 uerba

191 2439 243 2466 set
264 2438 353 2465 certe
373 2451 414 2458 —
437 2435 647 2467 audiendam
668 2436 777 2479 posita
799 2435 917 2477 fuerit,
943 2436 1072 2468 haberi.
