2185 2720
89 153 144 180 112
745 138 1322 169 COMMENTARIUS.

89 221 126 252 in
157 230 223 261 quo
252 217 388 250 reiectis
416 213 594 247 manifesto
625 214 790 257 significat
820 227 887 247 non
917 215 1050 247 auditis
1078 214 1135 245 uel
1163 226 1230 245 non
1259 213 1434 245 admissis.
1480 212 1679 256 Diff'erencli
1702 216 1879 248 notionem
1900 223 1976 249 tum

90 278 225 304 tautum
246 270 371 302 habere
392 273 520 310 potest,
553 278 630 298 cum
653 267 807 300 additum
828 267 956 310 aliquid
983 273 1048 305 est,
1086 278 1130 297 ex
1154 277 1220 307 quo
1246 265 1287 295 de
1311 264 1472 296 dilatione
1499 276 1691 297 sermonem
1713 278 1784 300 esse
1806 275 1898 300 certo
1922 268 1977 300 in-

92 323 285 366 tellegitur,
319 321 428 352 ueluti
449 320 483 351 in
508 319 577 351 Cic.
602 320 666 362 Ep.
689 320 731 351 ad
759 320 928 362 Quintum
951 318 994 350 fr.
1018 320 1066 357 ΙΙ,
1091 319 1121 350 5.
1155 318 1192 350 A
1214 318 1298 350 Kal.
1319 318 1421 351 Febr.
1443 318 1634 361 legationes
1657 319 1694 350 in
1717 319 1796 352 idus
1816 321 1977 354 Februa-

94 378 169 410 rias
194 374 437 407 reicicbantur.
476 378 509 407 et
530 372 676 404 ibidem:
705 373 853 406 Interim
876 372 1011 405 reiectis
1035 369 1266 414 legationibus
1290 370 1326 402 in
1352 372 1432 404 idus
1456 377 1535 402 etc..
1582 369 1738 412 Simplex
1766 379 1879 404 autem
1907 374 1980 405 elo-

96 429 187 460 cutio
210 427 400 470 legationes
422 426 549 458 reicere
570 424 696 466 ubique
718 423 882 466 significat
904 424 1094 467 legationes
1121 435 1189 454 non
1219 423 1355 455 audire.
1396 422 1529 454 Eodem
1559 422 1663 454 modo
1693 425 1869 457 auctiones
1898 427 1982 458 reici

98 481 278 518 dicuntur,
316 489 393 509 cum
416 477 566 510 exerceri
582 476 824 520 prohibentur.
866 476 936 507 Eae
958 487 1041 507 uero
1069 475 1228 516 quoniam
1252 474 1383 505 tamdiu
1404 480 1538 506 tantum
1561 476 1714 507 exerceri
1737 487 1807 507 non
1828 483 1982 519 possunt,

99 531 263 575 quamdiu
284 530 451 562 iustitium
476 536 544 568 est,
578 528 675 560 facile
698 528 925 570 intellegitur,
966 528 1031 559 hoc
1060 527 1154 567 loco,
1190 526 1227 557 in
1250 538 1316 568 quo
1346 526 1476 558 iustitio
1501 526 1609 558 edicto
1633 528 1804 560 auctiones
1828 528 1984 560 dicantur

98 585 261 623 reiectae,
296 589 388 614 recte
411 584 555 615 reiectas
578 581 742 623 explicari
766 592 865 624 posse
887 582 1028 613 dilatas.
1070 580 1188 621 Itaque
1210 585 1389 618 certumst,
1425 579 1679 621 ambiguitatem
1705 580 1742 611 iu
1764 581 1870 612 uerbo
1890 582 1985 613 'reie—

101 644 176 670 ctae
197 636 254 668 hic
284 646 372 674 esse,
409 641 568 676 recteque
586 634 653 664 iam
675 633 863 665 Graeuium
887 634 1063 665 auctiones
1086 633 1231 665 reiectas
1261 631 1446 675 explicasse
1474 642 1537 673 per
1566 633 1743 665 auctiones
1765 634 1915 672 dilatas,
1950 640 1985 665 et

101 689 292 732 legationes
315 688 458 720 reiectas
480 698 542 729 per
564 687 754 729 legationes
775 697 843 717 non
865 686 1017 718 auditas.
1061 686 1133 716 Iam
1157 695 1242 726 quae
1274 684 1436 715 acerbitas
1459 683 1495 714 in
1513 684 1622 715 Grani
1644 697 1807 728 responso
1829 686 1883 726 sit,
1903 697 1984 729 per-

101 742 218 785 spicue
237 739 465 782 intellegetur.
509 739 630 771 Nasica
653 737 821 770 Granium
843 737 974 768 tristem
996 743 1133 779 putarat
1155 747 1241 776 esse,
1270 735 1361 778 quod
1384 746 1443 777 spe
1466 735 1564 775 lucri,
1593 737 1685 778 quod
1707 749 1751 768 ex
1774 738 1986 770 auctionibus

101 794 139 825 in
160 803 343 836 praecones
366 793 496 824 solebat
516 791 724 829 redundare,
755 789 945 821 excidisset.
991 789 1055 820 Cui
1077 789 1124 820 ita
1145 788 1330 832 respondet
1352 786 1518 826 Granni-5,
1548 794 1588 820 ut
1608 801 1678 820 non
1700 796 1843 833 propter
1868 790 1986 823 dilatas

103 845 293 882 auctiones,
335 851 386 876 set
416 851 559 887 propter
588 855 658 875 nou
683 841 812 873 auditas
841 841 1024 883 legationes
1050 852 1085 872 se
1109 841 1241 873 tristem
1265 841 1354 872 dicat
1375 850 1456 871 esse.
1504 839 1582 881 Quo
1611 841 1790 883 significat,
1826 854 1897 874 non
1927 855 1987 875 sua

105 908 219 929 caussa
244 907 279 927 se
299 895 426 937 dolere,
450 897 576 939 quippe
600 895 658 937 qui
681 894 792 926 dilatis
822 893 1033 926 auctionibus
1057 892 1094 924 in
1116 899 1250 936 tempus
1274 903 1433 936 praesens
1456 893 1693 925 tantummodo
1715 894 1804 925 nihil
1825 895 1914 926 lucri
1933 895 1988 927 fa·

105 951 186 990 ciat,
213 955 263 981 set
285 960 403 980 eorum
426 960 554 987 caussa,
579 948 637 989 qui
659 947 791 979 reiectis
813 945 1036 989 legationibus
1060 945 1200 976 omnino
1225 946 1407 988 priuentur
1427 944 1521 975 lucro
1545 946 1602 976 uel
1623 946 1783 988 pecunia,
1815 959 1915 989 quam
1937 948 1989 980 le-

105 1003 191 1046 gati,
215 1001 244 1033 si
267 1007 376 1032 essent
399 999 525 1038 auditi,
557 999 734 1030 dedissent.
778 999 861 1032 Uolt
883 1004 1014 1037 autem,
1043 997 1101 1039 qui
1122 998 1218 1029 lucro
1239 998 1394 1040 priuatus
1417 996 1476 1036 sit,
1507 996 1620 1038 ipsum
1642 998 1795 1040 intellegi
1816 1000 1986 1041 Nasicam,

105 1066 183 1087 cum
205 1053 351 1085 consulis
374 1051 599 1094 potissumum
622 1057 724 1090 esset,
758 1051 907 1091 efficere,
938 1056 978 1082 ut
1006 1050 1107 1092 legati
1136 1050 1348 1081 audirentur.
1393 1049 1438 1080 Et
1460 1060 1580 1080 reuera
1604 1049 1741 1091 quidem
1763 1051 1890 1093 legatos
1912 1059 1986 1085 tum

105 1106 270 1149 temporis
294 1104 440 1142 consuli,
477 1102 570 1133 cuius
594 1114 697 1144 opera
719 1103 826 1134 auditi
853 1109 980 1142 essent,
1016 1102 1195 1144 pecuniam
1218 1101 1360 1133 reddere
1381 1111 1574 1139 consuesse,
1607 1108 1743 1143 praeter
1764 1103 1989 1146 interpretem

106 1157 375 1192 Ambrosianum
396 1161 539 1187 testatur
563 1154 681 1186 Cicero
704 1155 776 1197 ipse
798 1155 834 1186 in
857 1156 921 1198 Ep.
945 1154 986 1185 ad
1011 1154 1181 1195 Quintum
1203 1153 1246 1185 fr.
1270 1154 1320 1192 II,
1348 1165 1416 1185 12.:
1448 1154 1505 1186 De
1527 1153 1753 1197 Commageno
1776 1167 1875 1198 rege,
1898 1159 1991 1200 quod

107 1223 179 1244 rem
202 1215 309 1242 totam
335 1209 583 1245 (liscusseram,
614 1206 764 1249 mirifice
785 1209 872 1240 mihi
896 1214 928 1240 et
944 1219 1010 1251 per
1032 1219 1068 1238 se
1090 1213 1123 1238 et
1139 1219 1205 1250 per
1227 1207 1459 1250 Pomponium
1482 1206 1661 1238 blanditur
1682 1207 1833 1250 Appius.
1884 1209 1990 1242 Uiclet

107 1265 218 1301 enim,
256 1263 317 1294 hoc
337 1272 464 1304 genere
486 1259 623 1291 (licendi
645 1260 676 1290 si
701 1265 784 1291 utar
807 1261 843 1291 in
866 1260 1004 1298 ceteris,
1035 1259 1268 1291 Februarium
1290 1259 1490 1291 sterilem
1510 1258 1692 1302 fitturum.
1737 1258 1864 1291 Confer
1887 1261 1989 1293 etiam

109 1327 194 1359 quae
219 1314 344 1346 ibidem
367 1312 469 1355 paulo
492 1317 569 1353 post
591 1311 701 1343 addit:
740 1311 850 1344 Nihil
871 1317 921 1344 est
943 1313 1034 1344 enim
1046 1311 1218 1355 facilius,
1251 1324 1354 1355 quam
1376 1313 1511 1355 reliqua
1532 1312 1716 1343 discutere.
1759 1312 1819 1344 Set
1840 1326 1907 1346 non
1920 1314 1990 1358 fa-

109 1370 211 1407 ciam,
234 1373 273 1399 ut
296 1367 397 1398 illum
420 1363 603 1407 offendam,
626 1375 667 1394 ne
689 1363 839 1406 inploret
851 1363 965 1407 fidem
985 1365 1085 1397 Iouis
1109 1363 1321 1408 Hospitalis,
1345 1364 1473 1396 Graios
1494 1364 1604 1395 omnis
1628 1370 1798 1403 conuocet,
1814 1377 1882 1409 Per
1904 1379 1988 1410 quos

109 1432 240 1453 mecum
263 1420 298 1450 in
320 1417 478 1460 gratiam
500 1416 616 1447 rediit.
638 1421 671 1446 et
693 1416 830 1446 consule
852 1416 894 1446 ad
917 1417 993 1448 illos
1017 1417 1108 1447 locos
1131 1417 1324 1447 Blanutium
1349 1421 1382 1446 et
1395 1416 1602 1446 Ernestium.
1649 1416 1810 1447 Ceterum
1832 1428 1872 1448 οο
1893 1429 1989 1449 acer-

108 1474 183 1505 bius
208 1472 333 1502 dictum
355 1469 432 1500 illut
451 1473 533 1505 erat,
558 1479 624 1509 quo
646 1468 751 1515 inagis
777 1467 951 1509 integritas
966 1467 1108 1499 Nasicae
1131 1474 1164 1499 et
1177 1468 1286 1499 uirtus
1309 1468 1465 1499 omnibus
1487 1474 1567 1499 nota
1583 1475 1663 1508 erat,
1689 1480 1789 1511 quem
1804 1469 1989 1513 Diodorus,

107 1532 147 1557 ut
169 1523 339 1556 monitum
361 1521 428 1552 iam
450 1532 469 1551 a
492 1519 720 1558 Garatoniost‚
745 1517 996 1563 ἀδωροδόκητον
1017 1518 1155 1553 ἅπαντα
1176 1519 1235 1553 τὸν
1255 1519 1335 1563 βίον
1357 1520 1449 1551 (11011.
1495 1521 1653 1563 Denique
1674 1522 1792 1560 miror,
1816 1522 1989 1555 neminem

110 1578 280 1609 editorum
310 1573 536 1611 intellexisse,
568 1572 626 1613 qui
648 1571 778 1603 fuerint
798 1573 899 1614 legati
922 1573 988 1612 illi,
1022 1573 1142 1615 quibus
1172 1574 1304 1605 reiectis
1331 1572 1498 1604 iustitium
1524 1574 1642 1605 Cicero
1670 1574 1817 1605 edictum
1840 1586 1909 1606 esse
1931 1576 1989 1608 ait.

110 1631 218 1662 Erant
247 1627 334 1658 filius
362 1624 546 1666 Iugurthae
570 1624 705 1666 duoque
728 1624 798 1655 eius
822 1623 1004 1657 familiares
1033 1625 1074 1656 ad
1104 1631 1258 1656 senatum
1280 1625 1389 1664 missi,
1424 1631 1462 1656 ut
1483 1631 1577 1668 patet
1609 1638 1651 1657 ex
1675 1627 1812 1658 Sallusti
1834 1628 1988 1669 Iugurth.

113 1682 151 1714 C.
172 1680 326 1712 XXVII.
351 1683 384 1708 et
406 1687 493 1717 seq„
527 1676 718 1708 scribentis:
751 1678 810 1708 Set
832 1677 891 1709 ubi
912 1683 1051 1709 senatus
1079 1678 1198 1709 clelicti
1227 1677 1435 1708 conscientia
1451 1678 1623 1720 populum
1646 1679 1761 1717 timet,
1793 1680 1869 1722 lege
1893 1681 1990 1713 Sem..

109 1733 236 1778 pronia
258 1731 464 1774 prouinciae
485 1727 629 1771 fitturis
658 1729 852 1761 consulibus
880 1730 1057 1762 Numidia
1091 1735 1195 1772 atque
1223 1729 1333 1760 Italia
1365 1729 1530 1760 decretae.
1574 1729 1736 1761 Consules
1765 1731 1990 1765 declarantur

111 1787 154 1818 P.
179 1784 295 1827 Scipio
318 1782 473 1819 Affisica,
504 1781 549 1813 L.
571 1782 694 1813 Bestia
716 1781 949 1824 Calpurnius3
980 1781 1169 1824 Calpurnio
1191 1781 1387 1818 ZVumislia,
1415 1781 1571 1823 Scipioni
1591 1782 1703 1813 Italia
1726 1782 1874 1816 obuenit.
1916 1785 1991 1816 De—

112 1838 192 1869 inde
215 1836 405 1873 exercitus,
435 1834 495 1877 qui
517 1834 552 1864 in
577 1834 742 1876 Africam
758 1839 981 1876 portaretur,
1010 1833 1195 1872 scribitur3
1231 1833 1460 1876 stipendium,
1490 1833 1584 1871 alia,
1617 1846 1703 1876 qliae
1725 1834 1810 1866 bello
1834 1836 1915 1867 usui
1926 1835 1992 1879 fo-

113 1895 207 1927 rent,
248 1888 490 1919 decernuntur.
534 1886 584 1918 At
606 1886 784 1928 Iugurtha
806 1891 925 1917 contra
948 1897 1041 1928 spem
1063 1887 1186 1916 nuntio
1209 1890 1364 1927 accept0‚
1403 1885 1529 1927 quippe
1552 1886 1609 1917 cui
1631 1887 1764 1918 Romae
1786 1888 1902 1919 omnia
1931 1900 1993 1920 ue.-

113 1953 196 1973 num
219 1941 270 1971 ire
292 1940 328 1970 in
351 1940 466 1970 animo
488 1939 665 1976 haeserat,
693 1937 860 1980 filium
886 1944 924 1970 et
947 1950 1035 1969 cum
1057 1949 1098 1969 eo
1122 1937 1200 1969 cluo
1222 1936 1484 1980 familiaris
1510 1938 1566 1968 acl
1594 1944 1792 1969 senatum
1817 1939 1992 1982 legatos

113 1993 277 2030 mittit,
302 1992 467 2034 iisque,
489 1995 538 2022 ut
560 1989 680 2027 illis,
707 2001 807 2032 quos
828 1989 1087 2032 Hiempsale
1109 1987 1348 2031 interfecto
1371 1988 1833 2032 miserat‚praecipit,
1857 1993 1992 2024 omnis

114 2044 322 2077 mortalis
346 2043 538 2086 pecunia
562 2041 902 2083 adgrecliantur.
945 2042 1029 2081 Qui
1050 2047 1285 2084 postquam
1309 2041 1484 2072 Romam
1505 2041 1830 2081 acluentarant,
1863 2055 1993 2076 sena-

116 2103 187 2129 tus
215 2109 238 2128 a
259 2095 418 2128 Bestia
447 2093 702 2125 consultus:
729 2094 989 2136 placeretne
1020 2094 1192 2136 legatos
1215 2092 1461 2135 Iugurthae
1491 2092 1633 2135 recipi
1655 2091 1901 2134 moenibus3
1932 2095 1993 2126 ii-

117 2161 194 2192 que
225 2148 482 2184 decreuere,
519 2145 584 2177 uti
612 2145 655 2175 in
684 2145 831 2176 diebus
861 2146 1003 2177 decem
1032 2145 1181 2177 Italia
1210 2145 1486 2176 decederent:
1526 2145 1682 2176 consul
1709 2145 1916 2177 A‘umidis
1944 2157 1992 2177 ex

117 2201 262 2232 senati
299 2200 471 2231 decreto
517 2197 727 2229 nuntiari
765 2197 897 2229 iubet.
939 2198 1014 2229 Ita
1050 2196 1239 2239 infectis
1273 2196 1396 2228 rebus
1432 2196 1508 2226 illi
1542 2197 1705 2229 domum
1745 2198 1991 2230 discedunt.

117 2252 263 2285 Interim
287 2251 497 2294 Calpurnius
513 2253 673 2293 parato
696 2250 894 2280 exercitu
916 2250 1012 2292 legat
1034 2249 1100 2280 sibi
1124 2249 1276 2280 homines
1298 2248 1422 2279 nobilis
1446 2253 1526 2278 etc..

202 2305 318 2335 Medio
347 2304 383 2333 in
406 2301 505 2344 foro)
549 2300 623 2332 Etsi
655 2300 692 2330 in
721 2301 852 2342 Proleg.
881 2301 924 2332 L.
953 2302 979 2332 Ι.
1014 2302 1052 2332 C.
1074 2300 1135 2330 ΠΙ.
1166 2301 1195 2341 §.
1227 2300 1257 2331 6.
1286 2299 1496 2342 probandam
1527 2299 1747 2331 Ambrosiani
1777 2299 1992 2342 scripturam,

120 2353 224 2385 uerba
251 2354 297 2384 sic
325 2354 545 2392 conlocemus,
586 2352 624 2384 in
645 2352 756 2384 meclio
769 2352 873 2396 foro,
918 2364 987 2384 esse
1011 2351 1104 2391 dixi,
1146 2351 1252 2382 malui
1274 2357 1387 2383 tamen
1409 2352 1472 2383 hac
1499 2351 1536 2383 in
1561 2364 1599 2384 re
1624 2358 1814 2384 ceterorum
1837 2353 1991 2386 codicum

121 2405 354 2437 auctoritatem
375 2405 481 2447 sequi.
