2185 2720
143 170 196 197 2¹46
709 162 1146 194 COMMENTARIUS.
1185 163 1290 192 CAP.
1310 162 1417 192 XLII.
1443 160 1556 203 §.104.

230 240 364 283 Alagma
382 239 418 271 in
434 244 528 271 meta
543 236 631 279 meo)
657 237 743 269 Cum
758 238 798 269 de
813 238 928 270 Planci
943 238 1051 270 salute
1063 238 1285 270 uehementer
1301 237 1451 270 timeam.
1474 237 1690 270 MANUTIUS.

229 292 364 334 Subito)
387 291 506 323 Statim
522 296 701 333 postquam
718 297 844 323 nostras
858 291 931 322 uidi
946 291 1122 324 lacrumas.
1144 291 1261 333 Atque
1276 291 1342 322 hoc
1358 289 1456 329 dicit,
1476 301 1547 321 non
1559 289 1639 332 quia
1653 290 1800 324 iustitiae
1816 302 1930 324 caussa
1942 291 2011 325 iam

144 345 222 378 satis
239 345 405 390 disputata
423 350 456 375 et
469 342 606 375 defensa
621 342 760 383 diffidat,
786 350 836 375 set
849 350 886 375 ut
899 344 1045 376 iustitiae
1056 343 1325 376 misericordiam
1338 343 1444 375 addat.
1466 343 1682 378 BIANUTIUS.

238 398 306 430 Uos
319 398 452 430 eosdem
469 398 506 429 in
525 398 586 429 hoc
602 398 839 429 conseruando·
846 396 1014 440 futuros,
1037 399 1097 442 qui
1101 396 1253 441 fueritis
1273 397 1310 429 in
1326 409 1396 436 nze,
1426 396 1591 440 quoniam
1605 397 1683 429 istis
1699 398 1829 430 uostris
1845 397 2011 431 lacrumis

146 452 188 484 cle
204 451 277 483 illis
292 450 471 490 recordor,
494 463 580 494 quas
591 461 660 494 pro
679 461 732 482 me
747 462 847 493 saepe
865 456 899 482 et
913 450 1062 483 multum
1075 449 1302 494 profudistis)
1341 449 1560 483 Aduerbium
1582 462 1682 493 saepe
1704 450 1849 483 alterum
1873 451 2016 483 extorsit

146 505 305 537 multum.
344 503 506 534 Tullione
523 503 600 546 ipsi,
623 514 666 533 an
679 502 966 545 descriptoribus?
1005 504 1039 535 1<
1043 503 1111 533 ulla
1133 508 1183 533 est
1199 503 1361 540 uarietas;
1392 509 1493 545 atque
1509 502 1556 534 ita
1569 502 1742 545 Uergilius
1757 503 1819 535 III.
1834 504 1923 536 Aen.
1940 503 2013 536 548.

145 558 195 589 Et
210 556 360 589 multum
375 556 549 588 lacrumas
565 556 670 588 uerba
683 557 774 589 inter
787 556 930 600 singula
935 555 1074 599 fundit.
1113 555 1208 597 Quid
1225 555 1418 598 quaerimus
1429 556 1446 587 ‘3
1483 556 1652 587 Graecum
1666 562 1715 587 est
1729 555 1855 590 πολλὸν
1868 553 2014 600 δάκρυα,-

147 609 299 641 Catullus
319 614 432 640 tamen
445 609 596 648 LXVII,
619 620 668 650 17.
692 608 734 639 de
749 620 844 640 coma
857 609 1024 641 Berenicis
1041 620 1083 640 ex
1099 608 1306 640 Callimacho
1321 608 1458 648 maluit,
1488 608 1646 641 (Hier-tim
1659 609 1806 641 thalami
1819 622 1905 653 quas
1920 609 2016 642 intra

146 660 450 705 liminafzmdunt.
481 662 537 693 Set
550 661 629 694 huic
644 662 821 701 locutioni,
843 662 871 694 si
886 662 1052 705 poeticam
1070 661 1168 701 dicas,
1192 660 1402 694 defensiones
1417 661 1502 693 aliae
1517 673 1586 693 non
1600 661 1730 693 desunt.
1769 663 1868 694 Certe
1885 662 2015 694 multas

147 714 297 746 usitatius
315 713 436 754 dicere,
459 714 538 757 quid
555 720 627 746 erat
641 715 778 757 negoti?
803 726 868 756 quo
884 721 968 747 esset
983 713 1172 745 emendatio
1188 714 1251 746 ista
1264 713 1404 746 fortasse
1420 713 1655 757 periculosior.
1677 714 1829 757 Tempus
1842 725 1923 745 uero
1937 713 2016 745 illut

146 767 286 798 omuino
299 765 473 808 significat,
498 778 564 809 quo
579 767 616 798 in
630 767 772 798 exilium
786 767 958 810 profectus
974 774 1033 807 est,
1056 767 1098 798 de
1113 779 1180 810 quo
1194 779 1257 810 pro
1273 767 1375 799 domo
1387 778 1416 798 c.
1432 777 1502 798 22.:
1526 767 1612 810 quid
1624 768 1689 800 illa
1702 773 1754 800 tot
1766 765 2015 810 uirorumfor-

147 819 372 851 tissumorum
396 818 520 850 milia?
547 820 634 863 qaid
654 821 764 852 nostri
781 821 912 864 equites
930 821 1108 853 Romani?
1137 821 1223 865 quid
1244 821 1410 852 senatus?
1441 820 1527 864 quid
1543 821 1694 864 denique
1715 833 1830 853 omnes
1852 819 1956 852 boni?
1982 819 2014 851 εἰ

147 872 245 904 nulla
261 877 336 903 erat
351 871 419 910 uis,
440 883 503 903 cur
517 884 571 905 me
588 873 716 917 flentes
731 874 852 917 potius
866 874 1045 917 prosecuti
1056 880 1154 913 sunt,
1185 886 1290 917 quam
1304 879 1368 905 aut
1383 873 1600 917 increpantes
1617 874 1836 906 retinuerunt
1851 878 1915 905 aut
1929 873 2015 904 irati

149 924 390 967 reliquerunt?
432 925 553 967 Neque
568 926 680 957 solum
695 932 766 957 tum
778 926 966 967 fleuerunt,
989 937 1066 957 cum
1083 926 1201 958 Cicero
1216 925 1337 965 abiuit‚
1358 937 1481 958 uerum
1495 926 1598 958 etiam
1610 939 1711 970 saepe
1726 932 1798 958 toto
1812 923 2015 957 discriminis

146 976 239 1008 illius
261 975 479 1008 acerbissumi
502 984 665 1020 tempore.
713 979 772 1010 Set
793 979 852 1021 qui
871 991 951 1011 eum
971 979 1118 1011 retinere
1142 990 1180 1010 ac
1199 990 1399 1011 conseruare
1419 991 1488 1011 non
1507 985 1710 1022 potuerunt,
1733 978 1824 1010 idem
1840 977 2015 1010 Plancium

145 1035 315 1072 poterant.
337 1028 416 1061 Dici
432 1040 512 1072 ergo
530 1031 658 1073 nequit,
673 1032 916 1064 uosPlancium
928 1039 1193 1071 conseruataros,
1203 1033 1601 1072 utmeconseruastis‚set
1614 1038 1651 1064 ut
1665 1043 1722 1063 me
1738 1041 1938 1063 conseruare
1949 1041 2014 1061 uo-

148 1081 276 1119 luistis,
299 1081 355 1112 uel
367 1081 498 1124 potius,
521 1089 560 1114 ut
572 1095 627 1115 me
643 1085 844 1117 restituistis.
874 1086 957 1128 Spes
974 1086 1099 1118 etenim
1116 1092 1217 1128 atque
1231 1096 1349 1124 omen,
1372 1086 1463 1127 quod
1475 1097 1520 1117 ex
1534 1086 1588 1118 his
1600 1083 1758 1116 lacrumis
1772 1083 1923 1126 capitur,
1945 1094 2014 1116 non

147 1134 356 1166 uoluntatem
378 1136 631 1177 tantummodo,
663 1144 714 1170 set
735 1139 848 1181 ipsum
871 1138 1029 1182 inprimis
1050 1139 1181 1171 exitum
1201 1143 1336 1180 spectat.
1374 1139 1492 1180 Atque
1512 1144 1552 1170 ut
1570 1136 1718 1169 iudicum
1735 1137 1904 1168 lacrumae
1917 1147 2014 1179 spem

148 1198 316 1229 omenque
331 1187 550 1220 absolutionis
567 1189 704 1222 Plancio
718 1191 931 1232 adferebant,
954 1192 1000 1224 ita
1014 1193 1050 1224 in
1065 1192 1161 1224 Tulli
1175 1191 1339 1235 periculo,
1363 1191 1455 1233 quod
1470 1191 1590 1222 tollere
1606 1190 1672 1233 ipsi
1686 1201 1755 1220 non
1770 1194 1938 1232 poterant,
1961 1195 2014 1220 at—

148 1251 213 1282 que
227 1240 263 1270 in
280 1239 352 1282 ipsa
363 1240 443 1282 fuga
456 1241 629 1284 profusae,
651 1243 875 1276 restitutionis
891 1257 986 1288 spem
1003 1245 1154 1277 dederint
1174 1255 1307 1276 necesse
1322 1250 1387 1283 est,
1412 1255 1513 1286 quam
1534 1242 1697 1286 perficere
1716 1248 1910 1285 potuerunt.
1949 1243 2014 1276 Uel

149 1292 250 1335 igitur
273 1294 309 1325 in
332 1306 384 1326 me
406 1294 554 1336 explices
577 1308 663 1339 erga
682 1309 755 1336 me,
778 1298 852 1337 uel,
875 1298 904 1330 si
919 1298 1143 1341 repetendum
1157 1303 1207 1329 est
1223 1298 1469 1336 conseruando,
1492 1297 1556 1328 erit
1576 1295 1664 1327 idem
1679 1295 1768 1338 quod
1782 1296 2015 1336 restituendo,-

147 1345 279 1377 ratione
292 1351 405 1377 tamen
421 1347 535 1379 habita
549 1349 741 1388 uoluntatis,
771 1362 855 1392 quae
869 1351 967 1383 bonis
982 1352 1138 1384 omnibus
1152 1350 1270 1382 eadem
1283 1361 1417 1392 semper
1431 1348 1506 1381 fuit.
1529 1349 1792 1381 GARATONIUS.
1836 1349 1936 1381 Nihil
1950 1349 2016 1381 hoc

148 1399 182 1430 in
201 1398 277 1430 loco
294 1398 479 1432 insolenter
497 1401 623 1433 dictum
636 1402 790 1443 nihilque
808 1404 1050 1437 mutandumst.
1089 1405 1203 1438 Uerba
1226 1404 1264 1436 in
1286 1404 1348 1436 hoc
1370 1402 1604 1434 conseruando
1625 1401 1831 1444 significant:
1860 1402 1898 1434 in
1911 1402 2015 1434 Plan-

148 1451 248 1491 cium,
273 1451 331 1493 qui
345 1454 538 1485 conseruari
555 1454 654 1486 debet
667 1455 721 1486 uel
738 1457 986 1489 conseruaudus
1001 1463 1060 1496 est,
1083 1457 1316 1498 sententiaque
1332 1455 1436 1487 totius
1454 1454 1521 1486 loci
1539 1455 1622 1486 haec
1635 1460 1700 1487 est:
1723 1466 1838 1498 spero,
1860 1466 1922 1487 uos
1938 1466 2015 1487 eos-

148 1503 226 1535 dem
242 1504 278 1535 111
289 1504 390 1546 hunc,
414 1506 472 1548 qui
489 1507 682 1539 conseruari
694 1515 857 1548 meretur,
880 1509 1015 1541 futuros
1030 1521 1111 1549 esse,
1133 1510 1191 1552 qui
1207 1508 1317 1541 fuistis
1330 1509 1365 1540 in
1380 1519 1446 1547 me,
1469 1506 1503 1538 id
1516 1513 1576 1546 est,
1598 1520 1660 1540 uos
1677 1508 1814 1539 eosdem
1830 1507 1911 1539 huic
1923 1507 2015 1539 salu-

149 1564 214 1588 tem
231 1556 366 1589 daturos
387 1570 476 1598 esse,
501 1560 558 1602 qui
571 1560 658 1591 mihi
672 1560 874 1593 reddidistis.
913 1561 983 1593 Cfr.
1001 1563 1030 1603 §.
1055 1573 1125 1594 102.
1136 1584 1145 1593 .
1184 1561 1287 1604 Quod
1302 1567 1476 1604 praeterea
1499 1561 1650 1593 multum
1667 1560 1770 1592 deleri
1782 1560 1856 1592 uolt
1869 1561 2014 1592 Garato-

150 1610 243 1650 nius‚
271 1610 308 1641 in
324 1621 362 1641 eo
376 1612 597 1643 uehementer
614 1611 753 1644 fallitur.
793 1613 969 1645 Eiusmodi
987 1615 1092 1646 uerba
1110 1626 1296 1657 numquam
1313 1614 1519 1645 addiderunt
1536 1613 1750 1656 interpretes.
1794 1613 1886 1646 Male
1902 1619 2013 1645 autem

150 1668 181 1693 et
194 1662 395 1694 inconcinne
411 1674 474 1706 pro
489 1665 639 1698 multum
653 1666 771 1698 Cicero
788 1667 917 1699 multas
933 1667 1136 1710 scripsisset,
1175 1679 1252 1699 cum
1271 1667 1398 1709 ubique
1420 1666 1640 1710 praecedente
1663 1666 1826 1698 aduerbio
1847 1678 1949 1710 saepe
1968 1676 2013 1697 ex

150 1721 239 1746 recto
252 1715 347 1747 latini
361 1717 526 1749 sermonis
544 1730 606 1750 usu
620 1719 822 1751 aduerbium
836 1721 984 1753 multum
1000 1721 1096 1763 sequi
1109 1721 1224 1752 soleat.
1247 1721 1363 1753 Uerba
1379 1721 1553 1752 lacrumas
1565 1718 1779 1763 profundere
1794 1719 1894 1750 unius
1908 1718 2012 1750 ueluti

151 1767 246 1799 uerbi
259 1768 366 1800 instar
379 1768 530 1801 habenda
545 1778 634 1804 sunt.
657 1772 867 1805 Rectissume
883 1779 997 1806 autem
1011 1786 1112 1818 saepe
1126 1780 1160 1829 fit
1173 1774 1322 1807 multum
1323 1773 1414 1818 flere
1429 1772 1503 1812 dici,
1513 1783 1614 1803 nemo
1626 1783 1694 1803 non
1708 1777 1829 1814 sponte
1836 1771 2012 1814 intellegit.
