2185 2720
151 128 205 159 174
854 124 1426 156 COMMENTARIUS.

154 201 348 243 Graeuique
378 200 507 232 codices
543 206 576 231 et
606 199 672 231 duo
701 199 894 238 Barberini,
933 207 1130 243 septemque
1158 200 1362 241 Britannici,
1397 201 1456 232 ille
1489 200 1634 244 denique
1663 204 1819 247 inprimis
1849 205 2022 238 Mediceus

152 262 328 298 optumus,
368 266 410 284 ex
434 264 500 295 qno
522 252 607 284 mihi
630 264 717 284 anno
741 253 967 285 MDCCXCI.
1004 265 1036 285 u.
1059 265 1086 284 c.
1110 253 1281 285 Antonius
1306 254 1434 285 Sartius
1458 255 1646 287 Canonicus
1669 256 1916 291 Laurentianus
1944 271 2022 290 ora-

152 309 337 340 tiunculam
364 307 458 337 illam
479 317 611 336 summa
633 305 807 346 diligentia
830 306 1046 348 descripsit.“
1093 307 1352 337 GARATONIL·S.

237 362 361 393 Oculos
392 358 483 390 acris
514 363 618 401 atque
646 359 774 399 acutos)
819 360 869 390 Ita
908 370 967 389 cur
995 358 1203 401 scripserim,
1248 358 1442 401 expositum
1469 360 1603 403 Proleg.
1635 360 1678 392 L.
1709 361 1752 392 II.
1784 362 1822 393 C.
1854 364 1881 394 Ι.
1910 364 1940 405 §.
1974 376 2022 398 10.

179 437 186 445 .
212 415 343 445 xix..

152 426 174 458 P
237 467 300 497 Cui
317 465 435 507 suerit
458 476 499 495 ne
522 464 630 495 otiam
653 465 789 507 quidem
811 476 973 507 nmquam
996 462 1155 503 otiosum)
1203 461 1273 494 Cfr.
1300 475 1363 506 pro
1388 464 1502 496 Caelio
1527 465 1565 497 C.
1587 465 1613 498 l.
1636 468 1665 507 §.
1693 478 1720 497 1.
1755 479 1816 499 uos
1839 467 2024 501 laboriosos

153 520 353 556 existumet,
378 517 500 560 quibus
524 517 640 548 otiosis
664 530 705 549 ne
728 518 763 549 in
787 517 946 548 conmuni
969 518 1105 561 quidem
1128 516 1196 547 otio
1222 516 1326 548 liceat
1348 529 1429 550 esse.
1452 517 1494 549 de
1516 518 1569 549 Re
1590 518 1726 560 publica
1747 519 1781 558 I,
1812 532 1859 562 17.
1883 522 1943 565 qui
1966 523 2025 554 de-

152 573 253 615 nique
283 576 321 602 nt
344 569 557 613 Africanmn
588 582 690 601 auom
717 582 829 601 meum
858 569 977 601 scribit
1000 570 1082 601 Cato
1105 569 1246 600 solitum
1268 581 1338 601 esse
1360 570 1490 609 dicere,
1520 572 1631 614 possit
1654 572 1744 603 idem
1766 573 1806 604 de
1829 585 1863 605 se
1880 575 2025 617 praecli-

153 635 245 663 (τινε,
278 634 465 666 numquam
496 634 530 653 se
547 622 631 665 plns
653 634 774 665 agere,
808 633 911 665 quam
933 622 1024 654 nibil
1052 635 1129 654 cum
1150 626 1291 664 ageret,
1323 634 1512 666 numquam
1533 624 1647 656 minus
1670 625 1781 656 solum
1802 637 1890 664 esse,
1923 637 2027 669 quam

153 688 229 708 cnm
252 677 343 707 solus
365 681 459 707 esset.
504 674 662 706 Ceterum
685 680 805 717 sponte
826 680 917 717 patet
939 676 1047 706 otium
1068 684 1157 704 nunc
1181 673 1245 704 dici
1268 673 1347 706 illut
1368 681 1604 719 tempus„quo
1628 676 1702 719 quis
1722 677 1865 719 publicis
1884 677 2026 720 negotiis

154 740 277 759 uacuus
300 728 360 767 sit,
385 729 531 759 otiosum
553 733 665 757 autem
689 733 837 769 tempus,
863 739 928 770 quo
952 727 1039 758 nihil
1062 726 1200 757 omnino
1223 733 1351 769 agatur.

239 781 418 812 Clarorum
443 781 600 812 uirorum
622 786 725 823 atque
747 780 965 824 magnorum)
1010 778 1217 810 Erfurtensis
1237 791 1300 822 pro
1326 781 1484 813 uir-oram
1506 781 1606 813 habet
1634 783 1820 816 hominum.
1863 784 2025 825 „Sequor

151 840 184 864 et
206 833 260 864 hic
284 832 519 864 Erfurtensem
541 844 604 875 pro
628 833 780 874 uolgato:
816 834 989 865 clarorum
1018 833 1175 864 uirorum
1198 838 1302 876 atque
1323 846 1529 877 magnorum
1536 847 1549 875 ‚-
1585 833 1675 876 quod
1698 841 1863 876 respuunt
1884 847 1991 867 aures.
2004 839 2025 857 “

152 887 359 917 GRAEUIUS.
403 886 475 927 Ego
498 892 610 916 tamen
637 887 858 925 recentiores,
895 886 953 928 qui
975 892 1164 917 ceterorum
1188 886 1341 917 omnium
1366 887 1519 919 codicum
1542 888 1720 919 lectionem
1744 889 1902 920 uirorum
1922 900 2023 931 prae-

151 939 322 977 tulerunt,
357 949 425 969 non
456 938 625 981 uitupero.
670 940 747 971 Nisi
776 939 900 970 etenim
925 939 1042 970 Cicero
1074 938 1109 969 iu
1140 938 1254 970 uerbis
1282 939 1398 971 alienis
1421 940 1486 971 hoc
1507 940 1571 972 sibi
1591 941 1792 983 sumpserit,
1830 947 1868 972 ut
1890 941 2025 972 aurium

152 1003 263 1022 caussa
286 991 415 1032 aliquid
437 991 637 1030 inmutaret,
677 992 717 1022 ab
741 992 814 1035 ipso
839 993 966 1024 Catone
999 992 1083 1023 hanc
1106 996 1195 1021 certe
1218 990 1427 1033 diligentiam
1448 1004 1517 1024 non
1539 993 1688 1035 requiro.
1732 995 1809 1025 Hoc
1832 1005 1875 1025 ex
1899 995 2026 1026 Catone

151 1043 293 1075 retinuit
322 1043 458 1083 Cicero,
498 1043 557 1074 ubi
586 1044 725 1075 tertium
758 1057 826 1076 non
857 1052 928 1077 erat
959 1045 1102 1076 uerbum
1125 1043 1282 1074 similiter
1304 1043 1476 1085 desinens,
1511 1046 1574 1078 IV.
1597 1045 1698 1077 Tusc.
1723 1057 1769 1085 2.,
1807 1046 1896 1078 etin
1917 1047 2025 1078 Bruto

151 1108 178 1127 c.
207 1108 253 1138 19.
285 1096 428 1128 Utinam
451 1102 612 1128 extarent
635 1098 699 1129 illa
721 1100 894 1138 carmina,
933 1110 1019 1142 quae
1048 1097 1169 1129 multis
1194 1097 1341 1129 saeculis
1371 1102 1451 1130 ante
1473 1106 1573 1130 suam
1594 1105 1739 1131 aetatem
1763 1100 1800 1131 in
1822 1099 1933 1142 epulis
1955 1112 2026 1132 esse

152 1151 323 1182 cantitata
352 1162 374 1181 a
397 1150 547 1192 singulis
571 1151 728 1182 conuiuis
756 1152 797 1183 de
820 1153 992 1183 clarorum
1022 1151 1179 1183 uirorum
1206 1150 1384 1189 laudibus,
1420 1151 1457 1183 in
1479 1152 1673 1194 originibus
1695 1153 1861 1195 scriptum
1884 1152 2026 1194 reliquit

154 1204 246 1236 Cato.
287 1202 416 1240 Uideo,
440 1201 521 1243 quid
543 1202 696 1242 intersit;
727 1211 777 1236 set
801 1204 873 1246 quis
896 1205 1057 1242 miretur,
1089 1203 1252 1234 Catonem
1275 1202 1418 1244 dixisse,
1450 1204 1624 1236 clarorum
1646 1205 1803 1236 uirorum
1825 1209 1927 1247 atque
1952 1216 2027 1236 ma-

149 1268 311 1299 gnorum,
335 1254 392 1297 qui
415 1254 560 1293 nouerit,
586 1257 746 1288 orationis
769 1263 971 1289 structuram
994 1261 1169 1287 uenustam
1193 1262 1226 1287 et
1248 1262 1387 1298 gratam,
1410 1268 1568 1289 numeros
1591 1257 1793 1299 deniquevin
1816 1257 1944 1288 Catone
1967 1256 2027 1287 de-

153 1308 295 1340 siderari
318 1320 337 1339 a
361 1307 477 1338 Tullio
500 1307 536 1338 in
560 1309 678 1341 eodem
699 1311 805 1341 Bruto
829 1321 856 1341 c.
881 1310 947 1349 16„
970 1316 1070 1350 atque
1092 1309 1127 1340 in
1150 1310 1289 1341 summis
1312 1310 1382 1341 eius
1404 1309 1560 1340 laudibus
1582 1310 1647 1341 1100
1667 1316 1780 1341 tamen
1802 1309 2027 1352 potissumum

153 1361 275 1404 excipi.
321 1361 410 1392 Hinc
433 1360 616 1393 Diomedes
639 1374 672 1405 p.
699 1363 771 1395 468.
801 1362 977 1402 monebat,
1011 1363 1157 1406 antiqua
1178 1363 1372 1407 scriptura,
1405 1374 1492 1407 quae
1513 1363 1644 1395 dicitur
1666 1362 1893 1406 confragosa,
1926 1374 2027 1394 nsum

153 1427 223 1447 esse
247 1414 418 1447 Catonem.
465 1415 723 1447 GAnATox1t·s.

237 1468 385 1510 Eleaque
403 1468 552 1511 priuata
581 1469 726 1500 consilia
754 1468 886 1512 publici
915 1480 1045 1511 quoque
1072 1480 1170 1500 casus
1192 1468 1508 1512 conprobauerzmt‚
1541 1473 1582 1500 ut
1603 1468 1708 1500 etiam
1730 1480 1863 1500 summa
1885 1479 1939 1500 res
1954 1481 2026 1512 pzo-

153 1520 242 1552 blica
267 1520 353 1551 mihi
376 1520 468 1551 (lomi
481 1518 599 1562 fuerit
619 1522 772 1563 gerenda
796 1527 828 1552 et
852 1520 931 1552 urbs
961 1521 997 1551 in
1027 1521 1108 1553 urbe
1130 1521 1315 1563 seruanda)
1360 1521 1513 1563 Respicit
1543 1531 1737 1564 oppressam
1765 1532 1784 1551 a
1805 1532 1840 1552 se
1869 1521 2027 1552 coniura-

152 1574 280 1604 tionem
310 1572 551 1604 Catilinariam.
598 1573 637 1603 In
662 1584 725 1614 qna
748 1580 916 1613 notinnst,
953 1575 1061 1605 multa
1090 1586 1167 1606 eum
1188 1575 1349 1616 priuatim
1374 1574 1498 1616 cepisse
1520 1580 1554 1605 et
1579 1580 1758 1605 executum
1782 1585 1852 1606 esse
1876 1574 2025 1615 consilia,

156 1637 241 1668 quae
263 1625 312 1656 rei
335 1624 490 1667 publicae
511 1625 668 1655 salutaria
690 1625 870 1657 admodum
892 1625 1012 1666 fuisse,
1043 1626 1107 1669 ipsi
1129 1626 1198 1666 illi,
1223 1639 1305 1669 quos
1328 1627 1424 1665 dicit,
1445 1626 1572 1669 publici
1592 1637 1684 1658 casus
1706 1626 1904 1657 docuerunt.

239 1679 268 1720 ἕ.
293 1678 343 1718 67.
387 1677 521 1709 Eadem
544 1678 676 1720 igitur,
717 1678 831 1717 Cassi,
870 1680 930 1711 uia
952 1680 1087 1711 mzmita
1109 1679 1295 1712 Laterensi
1315 1697 1358 1703 —-
1379 1678 1532 1719 ascendi)
1575 1679 1687 1710 Nota
1718 1677 2024 1720 gratificatio-

153 1742 243 1763 nem
280 1730 500 1761 molestam
534 1734 589 1761 'et
624 1742 714 1761 cum
749 1732 910 1773 magnis
946 1732 1258 1763 amaritudinis
1293 1731 1456 1763 aculeis
1492 1731 1813 1773 interpositam.
1856 1730 2022 1763 Dicens

152 1795 330 1825 namque
365 1795 450 1814 non
478 1783 608 1814 aliter
636 1783 682 1814 ad
710 1784 895 1815 honores
926 1784 1227 1827 adipiscendos
1258 1789 1573 1827 peruenturum
1605 1794 1697 1814 esse
1728 1784 2022 1823 Laterensem,

154 1848 276 1879 quam
301 1836 478 1867 Tullius
500 1836 592 1879 ipse
614 1854 655 1860 —
676 1854 718 1859 —
743 1837 788 1868 de
811 1856 854 1861 —
875 1855 916 1861 ——
942 1837 1173 1869 subiunxit
1203 1836 1502 1876 testificando,
1535 1847 1578 1867 se
1602 1848 1684 1868 non
1708 1836 1875 1879 generis
1896 1836 2024 1867 nobi-

154 1889 279 1920 litate
306 1888 374 1920 sed
403 1889 562 1921 uirtute
592 1889 638 1920 ad
667 1890 808 1921 omnis
833 1890 1105 1931 magistratus
1126 1890 1392 1933 peruenisse3
1432 1890 1706 1921 Laterensem
1733 1889 1812 1920 hoc
1835 1888 2022 1932 amplius

153 1941 387 1973 adiumenti
420 1942 680 1982 habiturum,
729 1943 837 1984 quod
878 1942 1014 1973 nobili
1050 1942 1220 1974 familia
1260 1948 1374 1974 ortus
1409 1942 1452 1973 in
1482 1941 1698 1973 candidam
1730 1940 1885 1973 ueniat.
1928 1940 2023 1972 Sibi

154 2006 252 2036 ergo
282 1994 547 2026 adiudicauit
573 2007 655 2026 non
685 1995 936 2027 laenocinia
961 1996 1130 2038 generis
1160 1995 1227 2027 sed
1256 1994 1563 2039 praestantiam
1585 1994 1780 2033 uirtutis3
1820 1993 1893 2025 illi
1914 2004 2022 2025 uero

154 2059 270 2090 spem
309 2047 357 2078 de
393 2047 629 2080 maioribus
667 2049 805 2089 dedit,
850 2049 958 2092 quod
993 2049 1256 2091 suffragium
1291 2047 1443 2079 scimus
1476 2057 1565 2078 esse
1600 2046 1808 2086 fortunae.
1863 2047 2023 2078 senous

153 2100 414 2131 AxifflnosmNA.

236 2153 335 2184 Idem
357 2154 502 2186 uirtutis
524 2167 646 2187 cursus
667 2156 715 2187 ad
733 2153 900 2198 gloriam)
944 2153 1000 2186 Ad
1026 2153 1127 2185 uerba
1149 2154 1294 2187 uirtutis
1317 2165 1438 2186 cursus
1463 2151 1786 2195 subintellegendum
1808 2162 1933 2183 nomen
1951 2150 2022 2183 La·-

155 2210 290 2235 terensxs
315 2211 372 2236 est.

237 2258 309 2290 Per
331 2270 383 2290 me
405 2258 522 2302 nixas)
567 2260 648 2292 Cod.
671 2261 769 2292 Barb.
793 2261 927 2299 nissus,
952 2259 1046 2302 prior
1067 2260 1155 2292 Uen.
1179 2261 1288 2299 uisus,
1309 2265 1490 2301 utrumque
1515 2269 1559 2289 ex
1580 2258 1690 2297 nisus,
1711 2257 1752 2288 de
1774 2266 1839 2299 qua
1860 2254 2021 2297 scriptura

153 2307 229 2339 uide
251 2309 289 2339 ad
312 2311 356 2342 V.
379 2312 414 2343 in
438 2313 535 2345 Uerr.
559 2313 609 2345 55.
633 2319 664 2344 et
685 2325 746 2356 pro
772 2314 905 2345 Cluent.
928 2313 996 2354 57..
1020 2312 1278 2344 GARATONIUS,
1323 2312 1457 2343 Scilicet
1478 2310 1675 2353 scripturam
1695 2311 1792 2343 nisus
1813 2306 2020 2352 praeferebat

153 2362 257 2393 Drak.
280 2363 319 2392 ad
340 2364 418 2395 Liu.
442 2365 510 2403 IV,
539 2377 598 2407 19„
621 2366 660 2396 ad
683 2366 742 2397 Sil.
767 2366 809 2402 ΙΙ,
838 2365 906 2396 125.
930 2370 961 2395 et
983 2371 1072 2397 extat
1096 2377 1129 2397 u.
1153 2376 1180 2396 c.
1206 2370 1286 2408 aput
1303 2365 1382 2396 Liu.
1403 2365 1452 2405 II,
1475 2365 1538 2404 50„
1561 2369 1609 2395 set
1629 2368 1710 2406 aput
1730 2361 1926 2393 Ciceronem
1947 2359 1971 2392 l.
1993 2360 2018 2392 l.

153 2415 307 2446 meliores
332 2416 410 2447 libri
433 2417 571 2448 alteram
593 2425 735 2450 seruant.
782 2418 985 2450 ORELLIUS.
