2185 2720
900 99 925 129 c
945 98 975 128 A
993 99 1035 129 P.
1074 98 1167 127 xvi
1199 96 1226 138 ς.
1247 103 1292 130 39.
1313 103 1358 131 40.
2013 111 2067 138 125

194 180 277 214 (luci
299 178 413 212 uelis?
444 183 483 210 tu
507 188 648 221 occupes
668 176 798 215 locum,
821 187 921 220 quem
943 175 1103 208 idoneum
1124 173 1172 205 acl
1190 173 1264 205 uim
1287 179 1384 206 tuam
1405 175 1593 216 iudicaris,
1617 178 1776 222 conpletis
1797 191 1957 220 numero,
1985 193 2068 213 con-

187 231 315 273 firmes
333 232 513 275 praesidio
536 243 601 275 quo
623 230 737 262 uelis?
753 230 880 274 populi
901 227 1053 262 Romani
1074 227 1306 269 uectigalibus
1330 234 1434 271 atque
1456 230 1611 263 omnibus
1633 233 1742 276 copiis
1764 233 1878 276 ipsum
1895 234 2067 277 populum

194 286 394 317 Romanum
415 296 588 322 coerceas,
625 282 819 326 opprimas,
857 283 998 326 redigas
1020 281 1057 313 in
1079 280 1184 312 istam
1206 280 1470 313 decemuiralem
1493 283 1659 316 ditionem
1678 298 1719 317 ac
1733 287 1966 329 potestatem?
2001 298 2064 328 pro

193 338 342 370 Murena
363 338 434 376 IX,
458 347 510 369 21.
532 342 566 368 et
588 348 666 368 cum
688 336 792 379 longo
814 335 1002 368 interuallo
1026 333 1181 372 ueneris,
1207 345 1284 364 eum
1306 333 1370 372 iis,
1395 335 1456 377 qui
1477 335 1513 366 in
1526 335 1613 379 foro
1635 338 1860 380 habitarunt,
1884 339 1926 371 cle
1948 339 2067 382 digni-

195 396 267 423 tate
289 391 496 423 contendas‘?
518 388 597 420 ibid.
620 389 787 429 XXXV,
811 388 861 431 74.
886 395 924 421 tu
950 388 1038 421 mila·
1059 399 1230 419 summum
1252 386 1445 429 inperium,
1466 401 1635 422 summam
1656 393 1913 432 auctoritatem,
1940 398 1978 424 tu
1998 404 2069 436 gu-

195 443 383 476 bernacula.
411 444 463 475 rei
483 442 644 486 publicae
667 447 770 485 petas
789 440 959 485 fouendis
988 440 1165 474 hominum
1188 439 1342 471 sensibus
1372 445 1406 472 et
1427 441 1634 475 deliniendis
1659 444 1786 475 animis
1811 451 1844 477 et
1865 445 2069 478 adhibendis

197 495 464 539 uoluptatibus?
503 506 565 537 pro
588 494 688 525 domo
709 495 758 533 ll,
792 493 824 525 4.
846 495 948 526 Itane
971 494 1078 526 uero?
1115 493 1207 537 quod
1228 492 1263 523 in
1285 492 1438 536 inperita
1460 495 1686 528 multitudine
1709 502 1759 528 est
1781 498 2069 539 uitiosissumunz‚

194 548 350 581 uarietas
379 553 412 579 et
443 548 678 580 inconstantia
705 553 738 580 et
767 546 886 579 crebra
916 553 1094 590 tamquam
1124 549 1365 590 tempestatum
1396 546 1445 578 sic
1468 549 1718 580 sententiarum
1740 553 1973 591 conmutatio,
2007 554 2070 585 hoc

196 606 238 632 tu
259 600 307 632 ad
327 600 388 632 lios
412 600 624 644 transferas,
650 612 733 644 quos
755 599 797 632 ab
818 600 1051 632 inconstantia
1068 599 1235 643 grauitas
1256 616 1300 621 —
1323 599 1497 632 deterret?
1518 600 1557 631 de
1581 601 1656 632 Fin.
1682 602 1721 633 B.
1745 608 1777 634 et
1798 603 1847 635 M.
1870 604 1913 643 Π,
1940 605 1990 644 24,
2018 617 2068 647 77.

196 652 329 692 Quodsi
350 653 486 685 uoltum
509 653 589 692 tihi,
613 655 644 686 si
665 655 836 686 incessum
851 652 1033 696 fingeres,
1058 665 1123 696 quo
1143 651 1294 695 grauior
1316 653 1491 692 uidet-ere,
1514 666 1581 686 non
1605 666 1693 687 esses
1717 655 1772 688 tui
1792 655 1935 690 similis:
1965 659 2070 691 uerba

200 709 240 736 tu
253 703 382 748 fingas
404 711 437 738 et
460 718 501 739 ea
522 707 637 746 dicas,
661 719 748 750 quae
768 718 836 739 non
859 707 1006 744 sentias,
1026 723 1069 729 —
1092 705 1309 737 occultetur?

283 769 339 801 Ta
361 782 414 802 me
437 772 564 813 ignaro
581 787 624 793 —-
645 775 749 812 atque
772 766 927 800 omnibus
954 767 1104 812 iniquos)
1126 769 1222 800 Haec
1244 779 1303 800 cur
1324 767 1420 800 uncis
1441 768 1639 801 incluserint
1662 777 1694 802 et
1714 772 1829 815 spuria
1849 779 1965 817 putem
1989 785 2070 814 esse,

198 821 332 864 Proleg.
355 823 397 854 L.
421 824 465 854 ΙΙ.
490 823 528 854 C.
552 823 596 854 ΙΙ.
621 833 656 864 p.
677 821 747 853 LX
769 832 842 863 sqq.
867 821 1022 863 exposui.

278 885 330 917 Et
352 890 492 918 tuorum
513 883 736 926 necessarios)
780 885 834 916 De
855 884 882 915 B
906 889 940 915 et
962 884 990 915 E
1014 883 1198 927 scriptura,
1238 891 1317 928 post
1339 892 1479 919 tuorum
1500 886 1691 919 addentium
1710 889 1918 929 amicorum,
1958 889 2072 922 moni-

194 944 298 970 tumst
319 938 356 969 in
377 938 510 980 Proleg.
536 937 616 970 Lib.
640 938 684 968 II.
706 937 745 969 C.
767 937 811 968 II.
837 938 866 979 §.
891 937 921 969 8.
951 949 986 980 p.
1009 937 1144 968 XLII..

286 1001 353 1034 Uel
378 1002 515 1045 iniquos
544 1001 602 1033 uel
630 1013 740 1040 meos,
779 1001 838 1033 uel
867 1000 973 1032 etiam
1001 1000 1220 1044 defensorum
1251 1002 1417 1045 meorum)
1463 1001 1567 1044 Quod
1593 1002 1745 1046 primum
1768 1005 1911 1038 uerbum
1935 1005 2071 1050 iniquos

197 1054 335 1094 adtinet,
371 1059 463 1086 recte
487 1054 552 1085 hoc
574 1065 594 1084 a
613 1054 833 1096 VVopkensio
857 1053 899 1084 ad
924 1053 1031 1084 Tacit.
1056 1055 1117 1086 III.
1143 1056 1237 1087 Ann.
1260 1056 1291 1087 4.
1315 1056 1351 1087 in
1373 1055 1468 1088 Actis
1492 1056 1638 1088 Traiect.
1663 1057 1705 1088 T.
1732 1058 1791 1098 IL,
1816 1071 1916 1101 quem
1938 1071 2073 1091 memo-

195 1106 285 1139 rauit
308 1106 530 1146 Garatonius,
554 1112 672 1138 contra
694 1106 921 1145 Lambinum,
949 1105 1007 1147 qui
1029 1107 1322 1149 paucissumorum
1345 1108 1495 1140 codicum
1520 1120 1706 1152 eorumque
1728 1123 1965 1154 pessumorum
1988 1111 2073 1143 scri-

193 1166 331 1204 pturam
356 1159 513 1192 inimicos
538 1160 716 1202 praetulit,
753 1158 971 1190 defensumst.
1019 1159 1170 1192 Omnino
1197 1161 1343 1193 dubitari
1365 1161 1500 1204 nequit,
1536 1162 1618 1204 quin
1641 1175 1739 1206 saepe
1761 1177 1780 1196 a
1802 1166 1934 1197 Latinis
1959 1165 2074 1209 iniqui

193 1212 397 1245 substantiui
425 1213 499 1244 loco
522 1212 647 1244 dictum
671 1212 722 1244 sit.
767 1211 857 1245 Uide
888 1223 973 1253 quae
995 1212 1034 1242 ad
1060 1213 1097 1244 C.
1118 1214 1254 1246 XXIII.
1280 1216 1309 1257 §.
1333 1216 1384 1256 57.
1408 1215 1535 1246 monita
1558 1222 1645 1247 sunt.
1690 1218 1763 1249 Nec
1790 1218 1854 1249 hoc
1884 1220 1959 1251 loco
1989 1219 2074 1250 aliut

195 1266 277 1309 quid
299 1265 340 1297 ab
366 1272 503 1298 auctore
526 1266 688 1309 scriptum
711 1265 830 1305 fuisse,
866 1265 995 1297 codices
1020 1266 1201 1298 manifesto
1228 1268 1421 1302 ostendunt.
1468 1269 1600 1300 Deinde
1622 1281 1705 1301 uero
1730 1270 1944 1304 offenderunt
1966 1271 2072 1304 edito-

192 1332 244 1352 res
268 1320 327 1352 uel
346 1319 532 1363 particulae
554 1325 631 1349 ante
654 1319 790 1363 iniquos
814 1325 846 1350 et
867 1332 958 1351 meos
980 1318 1120 1362 positae.
1165 1320 1283 1362 Itaque
1307 1322 1512 1354 Garatonius
1534 1323 1750 1356 scribendum
1773 1325 1927 1357 coniecit:
1954 1331 1987 1358 et
2018 1325 2072 1357 in·-

193 1373 313 1406 imicos
335 1372 393 1404 uel
415 1384 523 1411 meos,
553 1372 612 1404 uel
633 1372 748 1405 etiam.
794 1372 919 1404 Contra
949 1372 1100 1404 Orellius
1125 1372 1295 1405 edendum
1318 1375 1467 1407 curauit:
1508 1376 1646 1420 iniquos
1673 1379 1731 1410 uel
1750 1391 1852 1418 meos,
1875 1379 1934 1412 uel
1954 1380 2071 1418 eliam,

194 1426 356 1457 adnotans
379 1425 419 1456 ad
438 1425 471 1456 h.
495 1425 628 1457 locum:
653 1426 747 1464 „uel
768 1425 858 1456 enim
881 1431 958 1456 ante
982 1426 1119 1469 iniquos
1142 1427 1199 1457 uel
1224 1428 1381 1461 inimicos
1403 1440 1447 1460 ex
1470 1428 1534 1459 hoc
1556 1429 1630 1471 ipso
1656 1431 1822 1473 originem
1846 1432 1954 1471 duxit,
1981 1433 2070 1475 quod

193 1478 231 1510 in
252 1477 404 1519 margine
426 1477 667 1510 adnotabatur:
692 1479 828 1522 iniquos
853 1479 910 1510 uel
933 1479 1131 1511 inimieosf‘
1174 1481 1339 1513 Garatoni
1362 1481 1550 1513 coniectura
1571 1483 1677 1514 multo
1701 1485 1856 1517 audacior
1879 1492 1946 1525 est,
1971 1497 2072 1528 quam

196 1542 280 1574 quae
301 1530 440 1574 probari
462 1530 587 1574 possit,
620 1542 695 1562 cum
719 1532 778 1563 uel
799 1538 898 1574 atque
921 1538 954 1564 et
975 1532 1159 1574 particulae
1181 1540 1250 1565 tam
1274 1535 1415 1567 diuersis
1439 1535 1540 1566 scribi
1564 1536 1632 1567 sint
1656 1538 1774 1569 solitae
1797 1538 2010 1581 conpendiis,
2035 1545 2071 1570 ut

194 1595 401 1626 numquam,
431 1583 521 1626 quod
545 1584 781 1623 meminerim,
808 1585 966 1616 confusae
988 1585 1212 1628 reperiantur.
1257 1588 1366 1620 Orelli
1389 1589 1580 1620 coniectura
1603 1601 1671 1620 non
1695 1591 1922 1624 audacissuma
1947 1592 2070 1632 solum,

194 1649 315 1670 uerum
339 1636 439 1668 etiam
463 1648 482 1667 a
504 1636 671 1668 sententia
692 1637 758 1668 loci
780 1638 899 1669 aliena.
941 1639 1029 1669 Nam
1054 1639 1082 1670 si
1105 1641 1164 1672 uel
1185 1647 1298 1672 ortum
1321 1641 1361 1672 ab
1386 1653 1424 1672 eo
1449 1648 1542 1681 esset,
1570 1642 1628 1684 qui
1653 1644 1845 1686 explicandi
1869 1657 1983 1678 caussa
2003 1658 2070 1689 pu-

191 1696 284 1723 tatur
313 1700 416 1732 super
445 1690 582 1733 iniquos
611 1689 781 1732 scripsisse
810 1692 868 1723 uel
897 1691 1073 1731 inimicos,
1112 1692 1248 1724 deberet
1277 1694 1375 1725 etiam
1406 1694 1572 1738 idipsum
1604 1696 1663 1728 uel
1682 1698 1840 1730 inimicos
1862 1705 1919 1729 aut
1937 1705 2068 1730 tantum

194 1745 332 1788 iniquos
364 1742 399 1773 in
431 1742 601 1774 codicibus
633 1743 799 1786 scriptum
832 1751 959 1777 extare.
1002 1745 1064 1775 Est
1093 1752 1206 1777 autem
1236 1747 1272 1777 in
1296 1749 1444 1790 optumis
1467 1760 1504 1779 ac
1526 1749 1626 1791 longe
1648 1750 1816 1792 plurumis
1843 1752 1901 1783 uel
1922 1752 2070 1796 iniquOS,

195 1807 342 1839 quorum
375 1795 531 1827 librarios
560 1797 772 1829 statuendum
804 1804 904 1837 esset,
943 1797 977 1828 id
1001 1798 1090 1839 quod
1114 1799 1154 1830 ab
1178 1800 1270 1831 omni
1294 1801 1532 1843 probabilitate
1562 1801 1739 1842 abhorret,
1780 1804 1913 1846 signum
1936 1811 2068 1837 tantiun

192 1850 320 1892 glossae
343 1849 600 1891 superscriptae,
625 1862 736 1893 neque
758 1863 840 1884 uero
863 1851 971 1894 ipsam
994 1851 1138 1892 glossam
1160 1853 1336 1896 recepisse.
1382 1854 1469 1886 Cum
1486 1855 1612 1887 codices
1629 1855 1700 1886 fere
1716 1868 1831 1888 omnes
1853 1857 1947 1900 iique
1968 1871 2069 1902 prae-

191 1901 398 1934 stantissumi
422 1902 508 1933 hanc
529 1902 741 1945 scripturam,
766 1906 826 1937 uel
845 1906 980 1948 iniquos
1004 1904 1062 1935 uel
1082 1917 1183 1944 meos,
1207 1912 1376 1947 tueantur,
1404 1919 1545 1950 eamque
1568 1908 1734 1940 sententia
1756 1909 1822 1940 loci
1845 1911 1923 1942 satis
1946 1912 2068 1944 admit—

192 1960 256 1992 tat,
286 1965 358 1985 non
381 1953 501 1995 uideo,
539 1967 599 1987 cur
621 1955 855 1989 audacioribus
878 1957 1079 1989 coniecturis
1103 1958 1348 2002 indulgendum
1368 1960 1430 1999 sit,
1462 1972 1666 2003 quamquam
1689 1963 1754 1994 hoc
1776 1974 1881 2005 genus
1904 1964 2066 2007 loquendi

193 2008 251 2041 uel
272 2007 408 2050 iniquos
431 2009 488 2040 uel
508 2021 599 2041 meos
621 2020 691 2040 non
716 2010 901 2044 offensione
925 2016 1025 2042 caret.
1072 2011 1129 2043 Set
1150 2011 1226 2043 uide
1248 2013 1380 2056 Proleg.
1405 2014 1448 2045 L.
1472 2014 1515 2045 II.
1541 2014 1579 2045 C.
1604 2015 1646 2046 II.
1670 2027 1703 2058 p.
1727 2016 1813 2048 LXI
1835 2028 1927 2059 sqq..

278 2070 479 2103 Consessum
499 2083 652 2106 meorum
675 2074 843 2117 iudicum)
889 2074 1017 2105 Contra
1039 2074 1241 2108 latinitatem
1265 2077 1387 2117 fuisse,
1425 2077 1514 2119 quod
1536 2084 1612 2109 ante
1636 2079 1859 2112 Garatonium
1881 2082 2064 2125 legebatur,

191 2136 310 2158 eorum
331 2134 393 2166 pro
416 2135 582 2164 meorum,
606 2137 675 2158 non
699 2140 782 2171 opus
807 2134 856 2159 est
877 2134 915 2159 ut
938 2128 1042 2159 uerbo
1066 2128 1214 2160 doceam.

272 2186 372 2231 Aput
395 2198 516 2231 eosque
542 2200 597 2221 me
617 2203 659 2223 ne
681 2193 831 2236 quinque
854 2192 991 2235 quidem
1014 2193 1167 2233 reiectis,
1208 2195 1300 2238 quod
1326 2195 1362 2226 in
1387 2205 1558 2238 proxumo
1587 2208 1644 2228 reo
1678 2198 1719 2230 de
1747 2199 1871 2230 consili
1894 2201 2065 2234 sententia

189 2240 467 2278 constitutumst,
501 2253 605 2284 cogas
624 2257 782 2278 caussam
802 2262 845 2269 -
866 2243 992 2288 dicere)
1037 2245 1125 2276 Iam
1155 2246 1200 2277 de
1231 2246 1454 2279 sodaliciis
1485 2258 1647 2280 causam
1678 2250 1850 2282 dixerat
1872 2252 1909 2283 P.
1934 2254 2064 2286 Uati-

188 2293 284 2324 nius
314 2292 458 2323 eodem
490 2293 746 2329 defendente
774 2299 822 2330 M.
848 2298 1077 2337 Cicerone3
1117 2299 1235 2332 cuius
1266 2300 1471 2343 exemplo
1503 2309 1629 2344 negat
1660 2302 1904 2345 iniquitate
1925 2306 2062 2338 Late-

190 2345 325 2377 rensis
353 2357 445 2377 esse
469 2347 644 2380 Plancio
673 2350 943 2392 permissum,
983 2351 1173 2394 quinque
1206 2354 1357 2385 saltem
1388 2352 1564 2386 iudices
1590 2355 1772 2396 reicere,
1812 2369 1896 2400 quo
1924 2359 2061 2390 mani—-

189 2397 304 2429 festa
335 2398 390 2430 sit
419 2399 683 2444 improbitas
720 2403 938 2435 obstinate
967 2404 1207 2438 conire-ntis
1235 2405 1428 2446 inimici,
1469 2413 1512 2439 ut
1541 2420 1639 2440 reus
1671 2409 1878 2442 innocens
1909 2411 2059 2454 oppri-
