2185 2720
129 183 163 208 10
781 170 826 199 M.
854 168 1015 200 TULLI
1040 167 1327 198 CICERONIS
1362 167 1565 199 ORATIO

130 261 202 282 nou
222 253 354 291 potest,
388 252 421 278 et
442 251 476 277 te
498 244 540 275 ad
566 254 717 276 caussam
738 243 921 287 aliquando
945 243 1142 286 crimenque
1166 242 1358 274 deducere?
1403 241 1458 283 Si,
1487 242 1580 286 quod
1604 245 1726 286 equitis
1748 246 1896 279 Romani
1924 247 2014 280 filius

133 308 204 342 est,
236 299 381 332 inferior
402 310 473 330 esse
496 296 632 329 debuit:
662 308 779 329 omnes
802 302 915 328 tecum
937 296 1092 338 equitum
1114 296 1353 328 Romanorum
1383 294 1447 327 filii
1467 296 1688 339 petiuerunt3
1717 298 1807 330 nihil
1838 299 1913 332 dico
1941 312 2017 332 am-

133 354 235 398 plius.
279 353 356 384 Hoc
378 358 491 383 tamen
512 350 638 390 miror,
662 361 723 381 cur
744 356 783 381 tu
805 348 885 380 huic
909 348 1133 392 potissumum
1154 348 1318 387 irascare,
1363 347 1422 390 qui
1443 348 1652 390 longissume
1673 359 1694 380 a
1713 354 1748 381 te
1768 349 1864 384 afujt.
1907 354 2019 396 Equi-

134 408 213 439 dem
234 406 263 438 si
287 404 440 447 quandO,
468 410 508 435 ut
529 403 585 443 fit,
615 402 722 434 iactor
743 401 778 433 in
809 401 929 442 turba,
957 413 1028 433 non
1050 401 1151 433 illum
1173 410 1323 440 accussQ
1352 400 1412 442 qui
1434 407 1484 433 est
1507 401 1545 432 in
1567 412 1700 432 summa
1722 412 1815 434 sacra
1834 404 1908 445 uia,
1941 417 2019 439 cum

135 471 196 502 ego
219 458 262 489 ad
283 457 429 489 Fabium
450 454 618 487 fornicem
640 455 800 498 inpellor,
823 460 875 485 set
897 466 986 495 eum,
1011 453 1071 497 qui
1092 453 1129 484 iu
1150 464 1205 483 me
1227 452 1340 495 ipsum
1365 453 1512 485 incurrit
1532 460 1634 496 atque
1658 453 1789 485 incidit.
1834 455 1891 487 Tu
1910 469 2021 500 neque

136 512 181 554 Q.
203 510 325 550 Pedio,
348 509 432 541 forti
454 509 554 548 uiro,
576 519 766 547 suscenses,
789 518 901 549 neque
923 507 1005 539 huic
1025 507 1072 540 A.
1094 504 1224 545 Plotio,
1250 505 1476 537 ornatissumo
1498 506 1650 547 homini,
1681 505 1844 539 familiari
1864 520 1959 549 meo,
1989 517 2024 543 et

135 564 176 596 ab
200 575 256 602 eo,
281 562 341 605 qui
362 563 424 594 hos
448 561 610 600 dimouit,
634 559 748 603 potius
781 571 883 602 quam
911 560 951 592 ab
980 560 1039 600 iis,
1063 557 1122 601 qui
1143 557 1181 589 in
1202 563 1237 589 te
1257 556 1372 600 ipsum
1392 558 1632 599 incubuerunt,
1654 564 1689 591 te
1711 558 1892 602 depulsum
1912 567 2023 604 putas.

93 621 126 649 18
138 617 197 648 Set
217 622 333 647 tamen
352 616 435 647 haec
457 614 553 646 tibist
575 613 688 656 prima
709 624 787 644 cum
809 613 947 645 Plancio
970 612 1102 657 generis
1125 609 1235 641 nostri
1256 608 1475 653 familiaeque
1495 611 1686 652 contentio,
1720 623 1786 654 qua
1807 613 1865 644 abs
1887 619 1922 644 te
1943 613 2025 645 uin-

139 669 244 700 citur:
269 679 329 698 cur
352 667 445 698 euim
470 678 540 698 non
563 665 725 697 confitear
748 664 840 708 quod
861 666 1051 697 necessest?
1080 669 1131 696 set
1153 673 1224 694 non
1246 661 1303 693 hic
1323 663 1446 705 magis,
1477 675 1580 706 quam
1603 675 1664 706 ego
1686 676 1706 696 a
1726 665 1812 697 meis
1834 666 2027 709 conpetito-

139 721 233 754 ribus
258 726 292 751 et
315 720 395 751 alias
419 726 452 751 et
473 719 511 750 iu
542 719 733 750 consulatus
756 716 924 760 petitione
945 716 1117 749 uincebar.
1162 716 1222 747 Set
1242 714 1340 755 uide,
1363 726 1408 746 ne
1429 716 1511 747 haec
1532 715 1622 759 ipsa,
1647 727 1732 758 quae
1754 717 1913 761 despicis,
1946 719 2028 751 huic

140 773 321 814 suffragata
344 772 430 803 siut:
453 771 500 803 sic
523 772 615 803 enim
638 770 863 802 conferamus.
906 771 969 802 Est
990 776 1089 801 tuum
1109 779 1235 800 nomen
1257 773 1402 810 utraque
1423 767 1552 799 familia
1581 769 1768 801 conquare.
1812 771 1907 802 Num
1926 771 2028 803 dubi-

139 833 190 863 tas
213 825 335 867 igitur,
360 824 443 866 quin
467 836 602 862 omnes,
635 823 695 866 qui
715 821 833 854 fauent
855 822 1042 861 nobilitati,
1075 821 1134 864 qui
1155 821 1191 852 id
1213 826 1336 863 putant
1358 832 1430 853 esse
1455 821 1755 863 pulcherrumum,
1788 823 1847 866 qui
1868 823 2029 866 imagini-

141 879 222 916 bus,
250 877 308 919 qui
329 877 526 908 nominibus
548 876 673 908 uostris
699 875 890 914 ducuntur,
924 880 958 907 te
980 874 1126 906 aedilem
1147 872 1313 906 fecerint?
1358 873 1531 916 Equidem
1553 885 1623 905 non
1647 873 1777 906 dubito.
1822 875 1881 906 Set
1907 875 1937 907 si
1959 887 2029 918 ⁴pa-

142 943 221 963 rum
243 929 345 961 multi
366 936 461 969 sunt,
487 929 546 971 qui
567 928 782 960 nobilitatem
803 933 934 968 ament,
959 938 1043 959 num
1067 927 1163 959 istast
1184 931 1300 958 nostra
1321 926 1444 968 qupa?
1473 926 1612 958 Etenim
1633 925 1675 957 ad
1697 933 1798 970 caput
1828 933 1862 959 et
1885 927 1929 959 ad
1948 927 2030 960 fon-

143 990 215 1015 tem
236 982 416 1023 utriusque
438 981 570 1024 generis
593 981 781 1012 ueniamus.

100 1049 134 1075 19
230 1036 329 1068 Vm.
352 1035 409 1065 Tu
433 1046 466 1066 es
489 1046 534 1066 ex
555 1032 742 1076 municipio
773 1032 1019 1075 antiquissumo
1042 1030 1256 1071 Tusculano,
1288 1043 1332 1063 ex
1355 1042 1422 1074 quo
1445 1030 1551 1072 [sunt]
1575 1031 1756 1073 plurumae
1777 1031 1926 1065 familiae
1949 1046 2032 1067 con-

146 1089 292 1126 sulares,
315 1087 351 1117 in
376 1088 497 1129 quibus
521 1093 571 1118 est
593 1086 695 1117 etiam
718 1086 892 1126 quentia,
915 1092 983 1127 tot,
1015 1090 1099 1127 quot
1121 1095 1165 1116 ex
1186 1083 1327 1126 reliquis
1351 1083 1546 1126 municipiis
1570 1084 1727 1115 omnibus
1749 1096 1820 1116 non
1844 1092 1939 1125 sunt3
1975 1088 2031 1120 hic

147 1148 198 1173 est
221 1153 239 1172 e
261 1139 476 1183 praefectura
497 1139 647 1179 Atinati,
677 1150 748 1170 non
770 1145 840 1171 tam
861 1138 989 1182 prisca,
1017 1147 1088 1168 non
1109 1142 1180 1169 tam
1201 1136 1384 1177 honorata,
1413 1146 1482 1167 nou
1510 1141 1580 1167 tam
1607 1136 1809 1169 suburbana.
1854 1138 2031 1179 Quantum

224 1293 402 1334 aliquando)
422 1294 594 1322 Seruarunt
611 1294 637 1322 B
658 1299 689 1323 et
708 1294 745 1323 E.
762 1309 800 1317 —-

224 1344 273 1379 Si,
294 1341 388 1381 quod)
407 1342 456 1369 Lb
477 1342 644 1379 Siquidem.
663 1356 702 1363 —-
740 1339 888 1380 Romani)
907 1350 942 1379 χι
964 1341 1094 1368 ναοὶοηί.
1109 1353 1148 1360 -
1185 1335 1300 1376 tecum)
1319 1337 1350 1366 D
1367 1338 1400 1366 in
1416 1347 1508 1376 marg.
1523 1348 1582 1376 pro
1595 1338 1748 1367 uarietate
1761 1338 1856 1369 habet
1870 1350 1981 1371 seeum.
1994 1356 2033 1365 -

150 1389 374 1424 Romanorum)
395 1389 439 1426 χὸ
460 1394 633 1422 terrarum,
652 1398 679 1426 ψ
697 1390 841 1418 Romani.
859 1403 898 1409 -—
936 1385 1052 1426 tamen)
1071 1386 1138 1423 Mb,
1158 1396 1204 1423 ου,
1223 1387 1326 1421 Pace„
1347 1392 1377 1415 et
1397 1386 1468 1414 Urs.
1489 1392 1621 1415 tantum.
1641 1400 1680 1407 ——
1717 1396 1773 1415 cur
1791 1391 1827 1415 tu
1845 1386 1932 1424 huic)
1958 1389 1984 1417 B
2004 1394 2036 1419 et

150 1440 177 1468 E
198 1450 255 1468 cur
275 1438 367 1471 hui05
387 1438 431 1465 Pa
450 1447 506 1464 cur
524 1442 559 1464 tu
577 1436 642 1465 lzoc.
662 1452 699 1458 --
737 1434 882 1473 irascare)
903 1435 927 1464 C
949 1439 979 1463 et
1000 1435 1027 1463 T
1048 1437 1191 1463 irascere.
1210 1448 1248 1456 --
1286 1432 1375 1472 afuit)
1394 1434 1448 1462 Ma
1467 1437 1499 1461 et
1517 1433 1556 1470 χ5
1584 1432 1691 1471 affuit.
1708 1448 1746 1455 —-

225 1484 392 1524 Equidem)
412 1486 464 1513 Ma
483 1485 618 1520 Etenim,
639 1484 671 1512 H
687 1486 729 1513 Ec
750 1484 881 1523 quidem.
901 1497 940 1504 —-
978 1480 1017 1521 si)
1036 1481 1086 1510 Lb
1107 1483 1174 1510 etsi.
1192 1495 1231 1502 —-
1268 1479 1315 1519 fit)
1336 1480 1360 1509 C
1373 1481 1451 1516 fiat.
1469 1494 1509 1502 —
1545 1480 1644 1508 iactor
1663 1478 1710 1518 in)
1730 1481 1775 1519 χ5
1793 1483 2036 1512 iactator-um.—

151 1534 210 1572 est)
230 1533 277 1560 Lc
298 1538 329 1560 et
348 1533 381 1561 H
402 1542 461 1560 om.
479 1547 517 1554 -·
556 1531 624 1571 ego)
644 1542 679 1560 ου
701 1543 761 1561 0111.
783 1546 819 1555 ι-
858 1528 1025 1569 fornicem)
1043 1530 1096 1559 Mc
1111 1528 1334 1566 plzormionem.
1351 1542 1390 1549 —·
1426 1526 1472 1566 in)
1492 1537 1528 1556 ου
1547 1537 1607 1556 om.
1626 1541 1666 1548 —-
1701 1526 1847 1564 incurrit)
1864 1529 2037 1560 Arusianus

153 1581 289 1611 Messius
310 1590 340 1618 p.
360 1579 424 1607 382.
444 1578 615 1608 incumbat.
634 1594 672 1600 —

228 1627 339 1665 neque)
358 1627 387 1653 D
410 1637 447 1654 ne
462 1636 540 1663 quae
561 1636 631 1655 cum
651 1627 690 1664 gl.
712 1636 865 1664 neque.·-
883 1622 993 1663 Pedio)
1017 1623 1056 1662 23
1074 1623 1183 1652 Pedio.
1201 1638 1240 1644 —-
1259 1624 1430 1662 suscenses)
1449 1623 1500 1652 Sic
1523 1623 1567 1661 E;
1594 1624 1647 1652 Ma
1661 1622 1830 1660 subcenses,
1850 1623 1948 1653 ceteri
1965 1634 2036 1652 sue-

152 1685 264 1705 censes.
284 1688 323 1694 -—-
360 1672 412 1712 A.)
438 1675 491 1702 Ma
510 1675 551 1702 al.
571 1689 608 1696 —
647 1680 678 1703 et
700 1674 736 1702 ab
767 1673 817 1711 eo)
836 1672 884 1700 La
913 1671 951 1699 ab
975 1681 1016 1700 ee.
1034 1684 1074 1692 --
1112 1669 1183 1707 hos)
1207 1670 1258 1699 Lb
1281 1682 1344 1706 eos,
1371 1671 1401 1699 D
1420 1680 1484 1698 uos,
1503 1685 1543 1692 —
1580 1668 1724 1706 dimouit)
1741 1669 1770 1697 E
1790 1674 1822 1698 et
1838 1669 1870 1697 D
1893 1670 2037 1706 demouit‚

155 1733 190 1751 ου
209 1723 337 1750 domuit.
357 1736 394 1743 -—
433 1721 465 1749 in
488 1726 519 1749 te
539 1721 652 1760 ipsum)
672 1722 734 1757 Ma,
753 1721 805 1757 Pa,
824 1725 857 1748 et
885 1719 924 1758 χ5
944 1725 973 1748 te
991 1720 1112 1757 ipsum,
1130 1717 1177 1745 Le
1199 1724 1229 1747 te
1250 1721 1284 1747 in
1305 1721 1417 1756 ipsum.
1438 1731 1477 1738 -—-

231 1768 258 1808 §.
282 1770 324 1797 18.
346 1769 460 1805 tamen)
479 1769 541 1804 Ma,
561 1769 618 1805 Lc,
639 1773 670 1797 et
688 1769 721 1797 H
744 1779 802 1796 om.
823 1782 860 1790 --
897 1767 974 1796 haec
1002 1765 1062 1795 tibi
1083 1763 1140 1803 est)
1169 1766 1222 1794 Ma
1241 1765 1316 1793 haee
1337 1771 1383 1793 est
1402 1765 1467 1793 tibi.
1487 1778 1525 1786 —-
1562 1762 1673 1802 uestri)
1698 1763 1753 1792 Ma
1771 1766 1802 1791 et
1821 1762 1852 1790 D
1873 1765 1980 1792 nostri.
1999 1779 2037 1787 —

158 1816 313 1854 uincitur).
328 1816 351 1844 C
373 1818 500 1844 uic-itur.
519 1831 558 1836 —
596 1815 757 1855 confitear)
776 1816 832 1845 Mb
852 1816 1047 1852 confiteatur.
1062 1826 1102 1833 -·
1139 1812 1211 1851 Sed)
1231 1813 1280 1841 Lb
1301 1815 1337 1841 si.
1353 1828 1391 1835 --
1429 1822 1493 1840 non
1512 1809 1577 1850 hic)
1595 1811 1643 1839 La
1661 1811 1713 1839 liic
1729 1821 1799 1846 non,
1819 1809 1869 1838 Lb
1889 1820 1952 1838 non
1971 1811 2037 1846 hoe,

160 1865 184 1893 C
206 1875 266 1892 non
286 1864 368 1891 ime.
387 1879 424 1884 —
463 1869 494 1892 et
514 1863 588 1891 alias
615 1863 658 1902 et)
691 1865 744 1892 Mc
765 1866 870 1893 etiam.
888 1878 926 1886 ·—-
965 1859 1052 1898 alias)
1071 1860 1138 1897 Mb,
1157 1859 1218 1897 Lb,
1237 1860 1289 1897 Pa,
1308 1861 1364 1896 Pb,
1382 1860 1441 1896 Pe,
1463 1859 1502 1896 O,
1529 1863 1560 1887 et
1579 1869 1597 1891 ς
1617 1859 1697 1887 aliis.
1716 1873 1754 1881 ·-
1790 1856 1842 1895 in)
1863 1857 1903 1893 C,
1926 1857 1972 1895 T,
1992 1869 2038 1896 ov,

159 1916 190 1939 et
214 1911 253 1948 23
274 1913 369 1937 eliani
387 1913 428 1939 in.
449 1926 488 1931 -
523 1909 685 1949 uincebar)
705 1911 729 1939 C
750 1911 904 1940 uincebat.
921 1925 961 1932 —

234 1956 321 1995 haec)
342 1958 369 1985 T
391 1968 450 1985 0111.
469 1973 509 1978 -
546 1957 718 1997 suffragata)
746 1958 785 1994 T,
805 1969 851 1993 ου,
870 1963 901 1987 ct
922 1958 960 1996 23
985 1956 1150 1995 suff-agia.
1169 1971 1206 1977 —
1245 1955 1321 1995 sint)
1341 1955 1391 1984 Lb
1411 1957 1464 1984 sit.
1483 1968 1523 1975 —
1559 1950 1700 1991 utraque)
1726 1961 1761 1980 ov
1780 1957 1903 1988 utrum,
1928 1963 1948 1985 ς
1967 1960 2042 1984 tua.

160 2018 225 2046 que.
245 2021 283 2029 ·—-
321 2004 417 2044 Num)
437 2006 499 2040 Ma,
520 2005 585 2040 Mb,
607 2007 670 2041 Mc,
690 2006 747 2041 La,
767 2006 818 2041 Pa,
840 2006 895 2042 Pb,
915 2007 969 2041 Pe,
988 2004 1030 2041 D,
1051 2004 1091 2040 O,
1113 2004 1152 2040 G,
1171 2003 1234 2040 Br.‚
1261 2003 1296 2039 C,
1316 2003 1358 2039 H,
1377 2014 1405 2039 ς,
1433 2012 1481 2041 χι,
1501 2006 1532 2030 et
1553 2009 1578 2039 ψ
1597 2001 1680 2028 [Yon.
1698 2015 1735 2021 --
1775 1999 1909 2039 dubitas)
1935 2003 1989 2031 Ma
2009 2009 2043 2033 et

163 2056 193 2083 li
214 2055 341 2083 dubites
361 2068 399 2075 -·
437 2052 556 2091 omnes)
575 2063 610 2081 ov
631 2063 685 2081 εοε.
702 2068 740 2074 --
778 2051 946 2092 ducuntur)
965 2053 1012 2081 Le
1027 2052 1186 2080 (licuntur.
1200 2065 1238 2074 —-
1274 2047 1420 2088 fecerint)
1438 2050 1486 2078 La
1505 2060 1574 2078 cum
1593 2049 1632 2087 gl·
1645 2048 1806 2086 fecerunt,
1825 2048 1871 2076 Pb
1882 2049 2042 2087 fecerunt.

163 2118 200 2124 —
218 2101 305 2140 num)
325 2102 367 2129 Pe
388 2112 406 2128 z
401 2102 478 2129 nde.
498 2115 536 2122 —-
575 2100 632 2139 est)
652 2100 702 2129 Lb
723 2111 782 2129 om.
801 2115 840 2122 ·—-·
876 2098 995 2136 nostra)
1017 2099 1059 2135 C,
1081 2099 1119 2136 T,
1141 2104 1173 2128 et
1192 2099 1216 2128 F
1229 2108 1240 2128 1
1262 2105 1376 2127 uestra.
1397 2112 1436 2119 —
1473 2097 1510 2126 ad
1530 2095 1634 2135 caput)
1656 2095 1712 2124 Mb
1739 2099 1771 2124 et
1789 2105 1807 2127 ς
1827 2101 1857 2124 et
1876 2097 1922 2125 ad
1937 2104 2042 2136 capue.

164 2164 201 2170 —-
223 2154 254 2176 et
274 2148 323 2185 ad)
343 2149 392 2175 Mn
363 2160 404 2183 a,
424 2148 481 2185 Lc,
501 2153 532 2176 et
552 2149 584 2177 H
605 2154 643 2178 et.
662 2163 700 2168 —
738 2148 901 2186 utriusque
918 2146 1051 2186 generis)
1071 2147 1097 2176 E
1115 2148 1241 2185 generis
1260 2148 1432 2184 utriusque.
1449 2157 1488 2166 —·

239 2196 274 2224 C.
294 2195 323 2222 V
327 2193 431 2234 111.§.
454 2205 497 2233 19.
518 2194 568 2234 ex)
588 2196 614 2224 E
635 2207 658 2224 e.
678 2210 716 2217 -
755 2201 826 2224 sunt
845 2196 998 2234 plurimae
1016 2195 1166 2234 fami-liae)
1185 2195 1237 2223 Sic
1258 2194 1300 2231 B3
1320 2193 1348 2222 E
1365 2195 1522 2230 plurimae
1542 2198 1616 2220 sunt
1628 2191 1801 2230 familiae5
1828 2191 1924 2220 ceteri
1937 2192 2043 2228 pluri-

167 2255 233 2272 mae
245 2243 395 2280 familiae
415 2249 499 2271 sunt.
517 2258 554 2265 ·--
592 2242 651 2282 est)
670 2243 695 2272 B
715 2254 774 2272 om.
794 2259 832 2266 ·—
871 2242 1026 2283 quentia)
1045 2244 1107 2279 Ma,
1126 2243 1192 2278 Mb,
1212 2243 1275 2276 Mc,
1301 2240 1343 2276 D,
1371 2240 1476 2276 0,01,
1503 2251 1531 2276 ς,
1559 2250 1608 2278 χι,
1639 2243 1670 2268 et
1696 2246 1722 2276 ψ
1742 2240 1928 2272 inuentitia,
1956 2239 1990 2267 H
2008 2251 2043 2268 m

168 2292 318 2324 aemilia,
341 2291 395 2325 Lc,
415 2290 466 2326 Pa,
486 2290 542 2326 Pb,
563 2296 594 2319 et
613 2291 655 2319 Pc
676 2292 863 2326 iuuentitia,
886 2291 911 2320 C
931 2294 966 2320 in
985 2293 1159 2329 uegintina.
1178 2303 1216 2311 —-
1253 2293 1320 2324 tot,
1340 2293 1416 2326 quot
1435 2286 1487 2324 ex)
1508 2286 1558 2314 sic
1580 2296 1634 2324 ego
1656 2296 1695 2314 ex
1715 2285 1811 2320 coni.;
1836 2285 1871 2320 B,
1891 2284 1928 2320 E,
1946 2291 1977 2314 et
1996 2287 2043 2316 La

169 2345 213 2367 tot
233 2347 285 2369 ex;
304 2342 350 2365 set
366 2337 399 2366 in
414 2338 461 2367 La
475 2348 568 2377 super
583 2344 627 2366 tot
642 2338 792 2376 scriptum
813 2345 905 2376 quot5
925 2339 987 2374 Mc,
1009 2338 1070 2374 Lb,
1089 2338 1142 2373 Pa,
1162 2337 1218 2373 Pb,
1237 2336 1290 2372 Pe,
1311 2335 1351 2371 O,
1373 2335 1411 2371 G,
1431 2335 1494 2370 Bu,
1515 2334 1551 2370 C,
1570 2334 1624 2369 F1‚
1644 2345 1669 2370 2,
1689 2331 1782 2367 Pith„
1804 2335 1834 2359 ct
1849 2331 1929 2360 Lan.
1949 2338 1994 2361 tot
2008 2345 2043 2369 e,-

171 2398 214 2421 ov,
243 2395 270 2419 ς,
298 2394 344 2421 21,
376 2390 407 2413 θῐ
434 2395 459 2423 Ψ
487 2392 550 2421 tot,·
575 2386 606 2413 D
635 2391 671 2413 ut
691 2395 706 2412 e
737 2394 806 2413 cum
825 2385 865 2423 gl.
889 2391 951 2419 tot‚·
971 2387 1004 2415 H
1019 2391 1111 2424 quot5
1132 2384 1229 2413 ceteri
1250 2389 1323 2422 quot
1342 2394 1411 2412 e.—
1430 2393 1494 2411 non
1509 2381 1592 2420 sunt)
1610 2382 1660 2410 Lb
1676 2390 1736 2408 non
1753 2384 1797 2406 est
1811 2379 1877 2406 alia
1890 2389 1990 2416 super.
2005 2395 2044 2402 —-

244 2430 273 2469 e)
294 2430 320 2457 Ε
341 2442 384 2459 ea.
401 2448 438 2453 —
475 2433 611 2472 Atinati)
632 2433 658 2461 E
674 2443 734 2470 pro
754 2440 808 2460 'a'
827 2434 945 2463 atinati
952 2443 965 2467 ,-
984 2432 1015 2461 D
1037 2433 1194 2467 Altinati,
1222 2436 1254 2461 et
1273 2431 1317 2460 sic
1337 2435 1533 2466 constanter;
1566 2430 1619 2458 Mc
1639 2432 1670 2455 ct
1693 2426 1717 2454 C
1735 2427 1888 2464 Arpinati.
1908 2442 1946 2448 —
1983 2433 2045 2457 tam

173 2477 282 2523 prisca)
305 2478 334 2505 D
348 2482 466 2517 prisca.
485 2495 522 2502 —-
