2185 2720
952 143 992 172 L.
1017 143 1074 172 ΙΙΙ.
1127 141 1162 171 C.
1188 139 1228 170 ΙΙ.
1916 140 2031 169 LXXI

228 223 334 260 „Hace
354 219 485 260 sumpsit
504 219 554 248 uir
577 219 685 249 doctus
706 217 951 258 [Lallemandus]
972 228 989 246 a
1007 216 1150 247 Manutio
1170 215 1208 244 ad
1229 226 1254 244 0.
1275 215 1369 255 42.*).
1401 215 1479 245 Cum
1499 215 1548 245 his
1568 220 1598 244 et
1613 215 1687 244 Ant.
1707 214 1882 253 Augustino
1903 215 1932 245 C.
1953 217 2032 245 Fla-

153 273 241 300 uium
262 270 314 299 liic
333 270 409 308 legit
429 269 522 297 etiam
542 267 671 305 Pighius
691 268 729 296 ad
748 277 862 295 annum
884 264 1115 300 DCXCVIII.‚
1143 274 1274 303 eumque
1294 273 1359 291 non
1378 270 1552 302 praetorem
1572 264 1664 293 modo
1681 263 1777 299 facit,
1804 272 1913 292 uerum
1940 264 2032 292 etiam

154 317 364 357 quaestionem
396 318 528 346 ambitus
560 320 766 344 exercentem.
810 314 962 342 Ernestus
989 313 1024 341 in
1051 312 1118 340 Ind.
1145 312 1228 340 Hist.
1258 322 1438 349 quamquam
1472 311 1551 339 nihil
1580 311 1738 347 decernit,
1779 317 1825 340 est
1853 312 2032 350 suspicatus,

155 367 190 396 C.
212 365 357 395 Flauium
377 365 428 394 hic
448 365 538 393 illum
558 363 713 400 intellegi,
741 362 794 401 qui
813 361 916 390 Attici
935 365 967 389 et
985 360 1077 389 Bruti
1098 359 1259 387 familiaris
1286 358 1356 386 fuit.
1398 358 1514 386 Contra
1535 358 1689 387 Corradus
1716 359 1749 388 in
1770 359 1896 396 Quaest.
1917 369 1947 398 p.
1968 360 2031 387 263.

153 414 202 443 ed.
221 414 309 453 Lips.
330 413 374 441 ita
394 412 432 440 de
451 410 536 439 Alfio
555 419 619 438 non
640 409 770 445 dubitat,
789 415 825 438 ut
844 409 925 438 hanc
946 408 1119 436 orationem
1140 417 1220 435 anno
1240 406 1423 434 DCXCIX.
1445 404 1536 445 (700)
1556 405 1692 434 habitam
1713 417 1751 435 ex
1771 416 1808 434 eo
1829 407 2035 435 demonstrari

154 462 336 491 εει-1155111110
361 459 547 492 arbitretur,
582 456 665 494 quod
692 457 726 485 C.
746 457 847 486 Alfius
874 456 973 486 fuerit
997 455 1054 483 illo
1083 464 1162 482 anno
1190 455 1354 492 quaesitor.
1392 453 1459 491 Ego
1480 463 1556 481 uero
1584 454 1718 492 primum
1744 453 1818 483 haec
1845 455 2036 483 obseruanda

154 510 251 539 duco:
270 508 471 536 Laterensem
491 504 582 532 edere
603 514 694 542 quem
713 504 811 533 uellet
830 504 986 543 potuisse,
1006 508 1073 532 tum
1092 501 1267 541 priuatum,
1288 507 1353 528 tum
1374 510 1437 528 11011
1457 499 1549 528 1110ᾱο
1568 507 1755 538 praeturam,
1775 507 1821 530 set
1841 502 1934 531 alium
1957 513 2036 541 quo—

155 566 216 596 que
234 555 444 593 magistratum
463 556 637 589 gerentem,
670 557 704 580 ut
724 551 806 580 nihil
833 552 874 581 sit
902 550 1072 586 infirmius,
1107 559 1197 587 quam
1223 548 1278 576 illa
1297 547 1446 586 Pighiana
1474 553 1634 586 praetura,
1662 555 1693 578 et
1712 549 1843 577 ambitus
1863 556 1946 579 sorte
1967 550 2037 579 data

155 601 296 642 quaestio
324 601 357 629 C.
379 599 488 627 Flauio
517 608 556 627 ex
583 598 643 627 1100
670 599 838 628 Planciano
866 599 984 628 iudicio
1011 598 1140 627 tributa.
1180 596 1234 625 Set
1260 601 1363 624 tamen
1392 596 1425 624 in
1452 596 1500 624 his
1528 596 1755 635 quaesitoribus
1783 598 2037 626 extraordinariis

156 648 315 689 dignitatis
333 646 487 676 rationem
506 646 601 675 fuisse
620 646 775 685 habitam,
792 657 884 675 nemo
904 646 1034 675 infitiari
1055 646 1156 674 debet.
1196 643 1259 681 Qui
1280 643 1363 672 enim
1382 643 1500 672 iudicio
1520 650 1555 673 ut
1575 650 1748 683 praeesset,
1769 649 1876 682 atque,
1894 649 1929 673 ut
1950 655 1974 673 0.
1991 646 2037 673 53.

155 707 214 737 pro
232 696 356 725 Cluent.
376 694 501 730 dicitru,
521 694 639 723 iudices
660 700 828 731 coerceret,
849 695 1030 733 eligebatur,
1051 693 1100 721 cui
1120 702 1170 721 res
1189 692 1281 730 plane
1301 693 1458 730 praetoria
1476 693 1727 727 conmittebatur,
1747 702 1817 720 eum
1836 702 1899 720 non
1919 692 2039 720 medio-

157 744 205 773 cri
224 742 392 782 splendore
411 742 588 780 praeditum
608 751 673 771 esse
694 743 868 782 oportebat.
906 741 1074 781 Pompeius
1103 740 1194 775 tulit,
1222 744 1258 768 ut
1278 740 1448 768 consularis
1476 750 1493 768 a
1520 740 1638 779 populo
1658 740 1692 768 in
1712 740 1864 769 Milonem
1885 741 2040 778 quaesitor

159 791 366 829 deligeretur3
397 790 460 818 uid.
480 792 594 819 Ascon.
616 800 676 828 arg.
695 800 754 829 pro
774 790 853 819 Mil..
894 788 1078 818 Censorium
1106 787 1210 815 uirum
1235 787 1272 815 ab
1293 793 1487 816 accussatore
1507 787 1662 815 delectum
1682 787 1871 815 ostendimus
1892 788 1928 816 ad
1949 798 1974 816 c.
1994 789 2039 817 33.

158 849 217 880 pro
238 838 333 866 Sulla.
373 838 429 866 Cn.
449 838 608 866 Domitius
628 842 754 876 praetor
774 836 920 865 similiter
939 836 976 864 ad
1003 835 1154 864 iudicium
1175 845 1192 863 a
1209 835 1338 874 propria
1358 835 1537 873 quaestione
1566 834 1700 862 alienum
1721 836 1928 864 exercendum
1947 847 2041 864 uoca-

158 892 208 917 tus
228 886 305 922 suit3
324 885 388 913 uid.
410 886 529 913 Ferrat.
549 885 587 912 ad
606 894 666 922 arg.
686 895 744 922 pro
766 884 882 912 Caelio.
921 883 981 912 His
1001 882 1194 921 praemissis,
1223 883 1260 911 de
1279 884 1363 911 Alfio
1384 883 1552 912 uideamus.
1591 882 1672 910 Eum
1698 881 1750 910 hic
1776 882 1915 911 retinent
1936 893 2040 911 omncs

159 934 252 971 libri;
278 939 397 962 tantum
425 932 521 969 aliqui
548 932 689 959 scribunt
709 930 878 968 Λίμῖιίιιηι,
905 936 942 959 ut
966 930 1050 959 idem
1076 941 1189 959 nomen
1218 931 1252 959 in
1281 931 1387 959 multis
1408 930 1522 959 Horati
1542 930 1619 959 Msis
1647 935 1678 958 et
1705 929 1792 959 editt.
1814 929 1854 958 ΙΙ.
1874 930 1974 968 Epod.
1996 931 2041 963 [37.

160 982 373 1016 scribebatur,
398 979 453 1007 ubi
481 978 547 1006 cod.
574 978 664 1005 Bai-b.
691 979 774 1016 259¹·
804 977 899 1007 habet
919 978 1080 1015 Alpheus,
1110 983 1146 1006 ut
1172 977 1225 1006 1110
1251 978 1340 1017 prior
1359 977 1439 1006 Uen.
1460 977 1610 1016 Alfeum;
1635 982 1681 1006 set
1702 987 1718 1005 e
1744 977 1926 1006 melioribus
1952 979 2042 1007 libris

161 1029 338 1058 emendatus
358 1028 418 1055 iam
437 1026 510 1054 inde
529 1036 546 1053 a
567 1025 737 1054 Torrentio
757 1025 819 1054 fuit
837 1026 1004 1062 Horatius,
1032 1032 1063 1055 et
1083 1025 1135 1054 1110
1156 1026 1260 1055 editur
1279 1027 1402 1062 Alfium
1426 1035 1525 1064 paene
1551 1024 1588 1052 ab
1617 1025 1759 1053 omnibus
1787 1035 1856 1054 cum
1877 1026 1943 1054 cod.
1964 1037 2043 1057 11100,

159 1077 269 1112 Β311).,
288 1081 319 1104 et
337 1075 504 1114 plerisque.
543 1073 615 1100 Hoc
636 1082 691 1110 ego
711 1082 826 1101 nomen
852 1083 870 1101 a
888 1073 1014 1102 notiore
1040 1073 1138 1102 altero
1159 1075 1311 1102 Flauium
1338 1073 1416 1101 oriri
1442 1072 1583 1112 potuisse
1607 1072 1664 1101 uix
1692 1078 1808 1111 putem.
1848 1072 1972 1100 Deinde
1992 1073 2044 1101 in-

160 1129 245 1153 certa
264 1122 368 1151 omnia
387 1122 425 1150 de
446 1122 480 1150 C.
500 1119 610 1149 Flauio
638 1125 669 1148 et
695 1119 825 1148 011501113
851 1126 941 1156 sunt,
976 1127 1013 1150 ut
1039 1121 1078 1149 ad
1097 1132 1123 1150 c.
1142 1122 1188 1150 42.
1215 1120 1407 1157 uidebimus3
1443 1125 1552 1149 contra
1570 1130 1687 1148 summa
1706 1126 1772 1149 erat
1791 1120 1824 1148 in
1846 1120 1880 1149 C.
1900 1120 1984 1149 Alfio
2004 1121 2044 1149 iis

159 1171 355 1211 temporibus
375 1169 514 1199 omnium
535 1177 688 1196 consensu
707 1167 848 1205 dignitas.
880 1168 960 1197 Nam
979 1169 1046 1198 fere
1064 1168 1208 1201 1110011111
1221 1169 1332 1197 Cicero
1353 1169 1489 1207 appellat
1505 1170 1744 1206 grauis-sumum
1763 1167 1916 1196 hominem
1934 1170 2045 1197 iustis-

160 1230 360 1258 samumque,
390 1227 459 1245 cum
486 1226 550 1244 non
576 1215 668 1244 modo
697 1215 733 1243 ab
761 1215 830 1254 ipso
860 1216 1008 1254 priuatim
1035 1216 1156 1245 dicatur
1181 1216 1238 1245 III.
1265 1216 1303 1244 ad
1323 1217 1362 1253 Q.
1388 1216 1516 1245 fratrem
1535 1216 1562 1244 3.
1583 1218 1739 1253 quaesitor
1755 1217 1868 1253 grauis
1887 1222 1916 1243 et
1927 1216 2045 1252 firmus

160 1269 277 1305 fustus,
297 1276 407 1296 uerum
427 1264 519 1292 etiam
540 1263 656 1291 dictum
677 1263 814 1291 Caesaris
834 1264 990 1293 referatiu·
1009 1264 1043 1292 in
1062 1264 1169 1293 Uatin.
1187 1275 1212 1293 c.
1229 1263 1289 1292 16.:
1310 1265 1341 1293 C.
1362 1263 1485 1300 Afficcm
1499 1265 1711 1300 praeteritum
1725 1264 1908 1299 permoleste
1928 1264 2045 1294 tulisse,

164 1317 249 1355 quod
265 1317 300 1344 in
318 1314 442 1343 homine
464 1321 615 1340 summam
626 1310 728 1346 fidem
742 1310 991 1349 probitatemque
1010 1318 1178 1350 cognosset.
1217 1312 1296 1340 Cum
1315 1315 1418 1339 autem
1439 1311 1471 1339 in
1491 1310 1654 1339 Uatinium
1675 1310 1790 1338 dixerit
1812 1309 1922 1338 Cicero
1943 1320 2047 1338 meuse

162 1363 278 1393 Blartio
299 1361 372 1391 311111
391 1357 589 1389 DCXCVII.
611 1355 702 1396 (698.)
724 1357 910 1385 Marcellino
937 1364 968 1386 et
987 1358 1136 1398 Philippo
1157 1370 1254 1395 coss.‚
1288 1368 1329 1386 ex
1348 1357 1388 1385 II.
1417 1357 1450 1385 in
1471 1358 1509 1394 Q.
1530 1358 1568 1386 fr.
1588 1358 1615 1386 4.
1637 1358 1672 1386 C.
1692 1358 1808 1386 Alfium
1836 1363 1920 1396 patet
1939 1358 2047 1396 repul-

163 1421 227 1439 sam
246 1414 428 1449 praeturae,
449 1407 486 1435 de
507 1416 566 1444 qua
585 1404 630 1433 ibi
651 1404 806 1442 loquitur,
826 1404 936 1433 tulisse
956 1416 1036 1435 anno
1057 1407 1228 1446 superiore.
1269 1406 1409 1434 Tandem
1427 1410 1553 1444 praetor
1571 1405 1633 1434 fuit
1653 1416 1731 1434 anno
1751 1405 1934 1434 DCXCIX.
1956 1404 2047 1444 (700.)

161 1458 269 1497 Appio
290 1462 322 1485 et
341 1454 485 1483 Domitio
515 1462 608 1486 coss,
643 1457 673 1479 et
700 1451 869 1479 maiestatis
898 1454 1110 1490 quaestionem
1139 1455 1268 1484 sortitus
1295 1459 1360 1490 est,
1388 1458 1423 1482 ut
1453 1463 1557 1482 omnes
1578 1453 1690 1482 docent
1710 1463 1749 1481 ex
1770 1452 1826 1480 III.
1846 1452 1885 1481 ad
1905 1453 1942 1489 Q.
1963 1453 2000 1481 sr.
2025 1464 2046 1482 1.

164 1503 192 1544 §.
214 1514 258 1541 7.;
284 1502 368 1531 unde
389 1500 571 1533 conficitur,
595 1497 714 1526 Alfium
740 1504 916 1536 praetorem
944 1500 1052 1529 eodem
1078 1512 1159 1530 anno
1181 1502 1372 1538 designatiun
1392 1501 1504 1536 fuisse,
1538 1511 1598 1538 quo
1619 1500 1763 1528 Plancius
1782 1499 1918 1538 primum
1940 1500 2048 1528 aedilis

167 1556 214 1580 est
234 1550 421 1587 designatus.
461 1545 583 1583 Quodsi
603 1545 662 1572 iam
683 1555 763 1573 almo
782 1545 963 1575 DCXCVI.
986 1546 1094 1587 (697.),
1121 1559 1191 1577 cum
1210 1549 1345 1588 primurn
1365 1553 1541 1586 praeturam
1559 1547 1676 1585 petiuit
1694 1547 1811 1582 Alfius,
1837 1546 1910 1575 satis
1930 1553 1995 1575 erat
2015 1547 2050 1574 in

165 1597 294 1628 homine
321 1593 482 1634 diguitatis
508 1592 546 1620 ad
578 1593 730 1621 iudicium
763 1593 926 1631 publicum
959 1596 1183 1633 exercendum,
1211 1606 1276 1624 11011
1304 1596 1341 1624 ab
1369 1595 1549 1633 integritate
1580 1600 1716 1633 spectata
1736 1594 1853 1628 solum,
1883 1599 1929 1623 set
1958 1595 2050 1622 etiam

165 1646 203 1675 ab
223 1643 412 1677 honoribus,
433 1651 503 1669 cum
522 1639 604 1668 nihil
624 1641 755 1679 amplius
776 1641 809 1668 111
829 1640 938 1669 annuis
969 1642 1184 1680 quaestionum
1202 1643 1359 1672 iudicibus
1386 1643 1600 1682 requireretur
1621 1641 1697 1682 (uid.
1717 1643 1847 1671 Excurs.
1868 1641 1905 1669 ad
1926 1641 2049 1670 Cluent.

168 1691 196 1732 §.
216 1692 258 1720 II.
285 1690 342 1719 III.
368 1686 456 1726 1V.),
490 1687 588 1725 qualis
615 1694 705 1717 antea
729 1688 796 1727 ipse
822 1688 948 1718 uidetur
975 1688 1077 1717 Alfius
1097 1689 1209 1718 fuisse:
1245 1695 1359 1729 quanto
1385 1690 1480 1729 magis
1507 1694 1615 1729 postea
1643 1689 1726 1717 idem
1750 1689 1806 1717 ille
1837 1694 1964 1728 praetor
1990 1689 2050 1717 iam

165 1740 265 1769 factus
287 1749 303 1767 a
321 1736 422 1776 probo
439 1739 630 1763 accussatore
650 1736 821 1764 Laterense
841 1736 999 1774 quaesitor
1020 1736 1114 1774 deligi
1134 1738 1280 1776 potiut'?“

241 1786 341 1815 Porro
375 1783 413 1812 ad
448 1792 473 1810 e.
493 1782 539 1811 42.
572 1779 600 1820 §.
623 1783 685 1812 104.
724 1783 911 1812 Garatonius
943 1783 977 1812 in
1012 1783 1059 1813 ed.
1093 1784 1190 1824 Neap.
1223 1797 1254 1825 p.
1282 1786 1338 1815 466
1352 1796 1395 1825 sq.
1431 1785 1469 1814 ad
1499 1786 1595 1814 uerba
1631 1785 1750 1824 Teque,
1790 1784 1821 1812 C.
1847 1786 1945 1813 Flaui
1976 1785 2050 1813 haec

168 1832 345 1864 adnotauit:

245 1889 370 1926 „Celeb.
391 1888 587 1916 Burmannus
614 1887 653 1915 ad
673 1887 824 1924 Quinctil.
845 1887 870 1918 I.
891 1888 930 1917 O.
950 1888 1017 1925 IX,
1037 1889 1064 1918 3.
1084 1898 1115 1927 p.
1135 1889 1199 1919 816.
1226 1900 1296 1919 cum
1315 1891 1453 1927 uideret,
1479 1891 1623 1920 Flauium
1651 1889 1802 1927 quendam
1828 1889 1862 1918 in
1891 1890 2051 1919 Ciceronis

169 1938 340 1975 frag-mento
361 1935 406 1964 ibi
433 1941 555 1965 seruato
576 1935 668 1963 Bruti
690 1935 874 1963 familiarem
892 1936 1066 1973 nominari,
1087 1937 1163 1966 duos
1185 1937 1219 1966 C.
1240 1938 1365 1967 Flauios
1387 1939 1609 1977 distinguebat,
1631 1948 1760 1976 quorum
1781 1938 1836 1965 ille
1857 1944 1937 1968 esset
1957 1939 2052 1967 alter-

171 1990 258 2013 uter:
291 1982 392 2018 hunc,
413 1993 503 2021 quem
522 1982 640 2011 laudari
660 1993 678 2011 a
697 1983 806 2011 Tullio
826 1982 888 2011 hoe
907 1984 977 2013 loco
999 1984 1141 2021 uidebat3
1162 1990 1193 2013 et
1216 1985 1363 2021 alterum,
1393 1997 1483 2024 quem
1502 1987 1584 2015 idem
1605 1985 1789 2015 commendat
1808 1985 1900 2013 XIII.
1920 1986 1957 2013 ad
1976 1986 2050 2014 Diu.

172 2033 237 2067 31.,
267 2030 403 2070 equitem
422 2031 612 2066 Romanum,
638 2030 822 2059 familiarem
841 2041 948 2067 suum,
977 2032 1241 2070 pernecessarium
1262 2033 1296 2061 C.
1316 2033 1456 2069 Pisonis,
1476 2034 1583 2071 generi
1611 2033 1686 2061 olim
1713 2033 1781 2068 sui,
1808 2038 1839 2061 et
1868 2033 1992 2062 fratrem
2014 2034 2051 2060 L.

173 2078 282 2115 Flaui,
307 2078 344 2106 ab
365 2087 419 2114 eo,
444 2082 481 2106 ut
499 2077 631 2116 opinor,
657 2078 789 2115 diuersi,
815 2078 869 2117 qui
889 2078 913 2107 I.
932 2078 971 2107 ad
991 2079 1030 2116 Q.
1049 2080 1088 2109 fr.
1109 2089 1135 2109 2.
1157 2077 1184 2119 §.
1203 2081 1231 2109 3.
1248 2086 1378 2118 praetor
1397 2081 1578 2119 designatas
1597 2081 1730 2117 dicitiu',
1759 2081 1886 2109 Caesare
1906 2081 2053 2109 nimirum

243 2229 266 2261 *)
285 2227 419 2253 Manutius
438 2226 471 2251 ad
491 2235 514 2250 c.
532 2225 575 2253 42.
599 2225 683 2250 uerba
705 2227 809 2258 Teque,
837 2227 864 2251 C.
881 2225 967 2251 Flaui
984 2226 1050 2251 haec
1069 2227 1218 2252 adnotauit:
1252 2227 1325 2259 „Aut
1343 2227 1386 2252 hic
1406 2228 1433 2253 C.
1451 2227 1526 2261 Alfi,
1558 2234 1603 2254 aut
1622 2237 1700 2262 supra
1720 2229 1748 2254 C.
1766 2227 1897 2253 Flauium
1914 2228 2054 2263 legendum

175 2273 297 2299 uidetur:
316 2272 493 2305 quaesitorem
511 2270 581 2295 enim
599 2278 657 2294 esse
676 2274 791 2300 coustat3
819 2269 853 2295 de
871 2269 966 2295 Flauio
986 2276 1073 2296 autem
1091 2273 1170 2305 magis
1190 2272 1287 2304 credo,
1305 2278 1335 2297 ut
1352 2273 1385 2297 sit
1404 2274 1539 2306 quaesitor
1558 2273 1644 2297 editus
1663 2282 1677 2297 a
1696 2273 1853 2298 Laterense:
1871 2282 1931 2298 nam
1948 2275 2054 2302 Alfium,

176 2322 207 2342 ut
224 2316 327 2350 opinari
346 2316 411 2341 licet
431 2325 463 2341 ex
482 2320 548 2340 orat.
566 2315 594 2339 in
612 2313 762 2346 Uatinium,
795 2319 945 2347 praetorem
969 2315 1048 2340 huius
1075 2315 1152 2347 anni,
1184 2316 1330 2341 uerisimile
1354 2326 1408 2342 non
1434 2317 1540 2342 uidetur
1565 2327 1580 2342 a
1597 2317 1741 2342 Laterense
1763 2317 1937 2350 quaesitorem
1955 2319 2055 2343 editum

177 2361 275 2392 fuisse,
292 2369 350 2385 cum
368 2365 521 2394 praetorum
540 2367 587 2383 sua
612 2358 738 2391 cuiusque
764 2359 870 2392 propria
887 2364 958 2385 sorte
977 2360 1039 2385 data
1064 2361 1185 2394 quaestio
1210 2366 1294 2393 esset,
1324 2361 1394 2386 unde
1414 2361 1510 2387 abduci
1528 2370 1577 2387 nec
1595 2366 1718 2395 possent,
1744 2370 1794 2386 nee
1811 2361 1838 2387 in
1855 2361 1947 2388 Planci
1966 2372 2054 2388 caussa

178 2413 290 2431 necesse
308 2409 393 2436 esset,
417 2404 479 2429 data
497 2403 655 2429 accussatori
672 2403 700 2428 in
720 2402 828 2429 crimine
845 2403 973 2438 sodalici,
993 2413 1060 2440 quos
1079 2404 1104 2431 ei
1125 2406 1290 2432 commodum
1309 2410 1392 2439 esset,
1410 2406 1507 2432 edendi
1522 2406 1566 2432 uel
1582 2405 1700 2440 iudices,
1717 2406 1762 2432 uel
1780 2406 1974 2441 quaesitorem,
1993 2407 2057 2432 licet

177 2453 286 2484 praetor
302 2458 357 2476 non.
375 2449 475 2475 esset.“
