2185 2720
185 139 248 169 XL
855 136 1387 167 PROLEGOMENA.

263 213 297 243 C.
318 213 463 242 XXXII.
486 211 512 252 ξ.
534 220 576 248 7⁹.
615 217 660 240 sel
681 222 742 248 me,
763 222 832 240 cum
852 218 1011 241 tantum
1038 215 1100 242 iam
1121 213 1256 241 Plancio
1275 211 1430 246 deberem,
1456 213 1564 242 Racili
1584 213 1740 251 benefieiis
1751 216 1856 255 fuisse
1875 221 2061 245 contentum.

189 261 274 290 Idem
294 268 416 289 tantum
439 261 594 288 omittunt.

264 309 298 338 C.
319 308 464 337 XXXH.
485 307 512 347 ᾗ.
534 309 578 343 78.
617 307 714 346 Atqui
742 307 838 335 haee
863 317 933 335 cum
960 307 1066 342 uides,
1094 317 1152 345 quo
1179 316 1225 334 me
1252 308 1379 335 tandem
1403 309 1438 336 in
1457 314 1487 337 te
1507 310 1610 336 animo
1625 315 1724 346 putas
1743 321 1822 345 esse,
1854 310 2063 340 Laterensis?

188 357 273 386 Idem
293 357 369 385 llaec
388 356 543 384 omittunt.

263 404 297 431 C.
317 403 479 430 XXXIV.
500 402 527 442 §.
548 403 593 432 83.
632 405 745 432 Nonne
765 402 850 430 uobis
872 402 998 430 uidelur
1018 413 1087 430 cum
1107 403 1212 440 aliquo
1233 403 1456 440 declamatore,
1485 414 1547 432 non
1567 414 1637 431 eum
1657 403 1772 432 laboris
1792 411 1821 433 et
1841 405 1913 443 firi
1938 405 2062 434 disci-

185 451 283 488 pulo
303 451 488 486 disputare?
508 451 591 479 Idem
614 452 764 488 discipulo
785 450 942 477 omittunt.

265 497 299 525 C.
319 497 409 525 XLI.
430 496 458 536 §.
478 508 522 536 9²&
561 500 668 526 Jluins
697 508 749 535 ego
776 503 804 524 et
831 499 975 534 parentis
1004 498 1085 531 eius,
1111 497 1361 534 prudentissumi
1387 504 1479 537 atque
1500 500 1620 536 optumi
1644 500 1742 533 senis,
1768 505 1805 527 et
1825 499 2008 538 fratris,
2034 504 2063 527 et

189 546 352 583 utriusque
363 545 509 580 filiorum
529 546 672 573 manibus
694 550 760 573 etc..
801 544 884 572 Idem
907 551 935 573 et
947 545 1069 582 finiris
1089 545 1245 573 omittunt.

264 592 300 620 In
320 592 408 620 nullo
429 592 539 621 horum
559 593 698 621 locorum
719 604 795 631 opus
820 597 878 627 est,
906 597 941 620 ut
961 593 1056 621 uerbo
1079 593 1219 628 doceam,
1248 602 1282 619 ea
1302 601 1378 630 quae
1398 592 1533 620 familiae
1553 593 1663 621 tertiae
1684 593 1804 621 codices
1826 593 1970 621 omittant
1988 601 2064 630 spu-

188 640 236 670 ria
255 640 386 668 iudicari
409 650 471 667 11011
492 650 591 678 posse,
612 650 680 667 cum
701 640 737 667 ad
759 640 906 668 orationis
926 641 1133 679 iutegritatem
1154 640 1326 668 necessario
1346 640 1464 678 requiri
1485 641 1683 679 perspicuum
1706 642 1755 670 sit.
1785 642 1888 680 Atque
1908 641 1941 668 in
1961 639 2062 668 tribus

190 698 313 723 eorum,
348 688 381 715 C.
401 687 494 714 XIV.
515 685 541 725 §.
564 688 626 722 33„
661 687 695 715 C.
716 687 862 715 XXXII.
882 686 908 726 §.
932 698 990 725 77.,
1026 689 1059 717 C.
1078 689 1241 716 XXXIV.
1262 685 1289 726 §-
1310 688 1371 723 84„
1399 697 1467 715 cum
1487 688 1512 715 B
1534 693 1565 715 et
1584 688 1610 715 E
1631 688 1853 717 Ambrosianus
1874 688 1964 716 etiam
1985 696 2063 715 con—

189 736 300 769 sentit,
327 745 415 773 quem
443 734 647 762 animaduerti
675 735 748 763 uolo
776 746 941 773 numquam
967 746 1035 764 cum
1061 736 1194 765 familiae
1220 735 1330 764 tertiae
1358 736 1517 764 codicibus
1543 736 1661 773 facere,
1691 736 1808 774 aliquid
1836 734 2062 770 omittentibus,

190 783 273 822 quod
292 783 325 810 in
345 783 370 810 B
391 786 422 808 et
442 782 468 808 E
490 787 543 809 est.
584 782 701 809 Recole
722 793 797 820 quae
818 783 890 811 Lib.
912 783 936 811 I.
958 784 991 812 C.
1013 784 1069 811 III.
1090 783 1117 823 §
1142 794 1165 812 1.
1192 783 1376 812 monuimus.

263 840 408 868 Attamen
429 850 492 867 non
512 840 611 868 minus
633 845 798 876 certumst,
832 846 938 869 extare
959 841 1050 869 etiam
1071 842 1103 869 in
1123 842 1148 870 B
1169 846 1200 869 ct
1218 841 1245 869 E
1267 840 1340 868 solis
1361 840 1569 879 interpretum
1590 841 1812 877 additamenta,
1841 841 1952 880 quibus
1971 839 2063 869 fami-

189 889 249 918 liae
268 888 378 916 tertiae
399 887 520 915 codices
541 887 629 915 uacui
651 892 730 915 sunt.
771 887 889 917 Eorum
909 900 990 917 1111110
1018 889 1077 917 (1110
1107 894 1227 922 tantum
1255 889 1507 925 comnemorabo,
1542 900 1618 928 quae
1645 900 1715 918 cum
1740 889 1840 927 recipi
1860 899 1923 917 11011
1942 888 2064 927 possint

190 937 265 975 quin
290 935 442 963 sententia
462 935 524 962 1001
544 946 671 973 prorsus
692 942 923 974 corrumpatur,
954 937 985 964 id
1008 936 1172 972 euincunt,
1194 936 1275 974 quod
1294 936 1385 972 11010,
1405 947 1468 964 11011
1490 947 1553 965 0550
1575 937 1715 965 codicum
1735 937 1877 966 Bauarici
1900 941 1930 964 et
1948 936 2064 964 Erfur-

190 984 286 1013 tensis
307 982 520 1010 auctoritatem
541 993 621 1018 eam,
647 988 682 1010 ut
702 993 910 1022 quaecumque
931 985 989 1012 soli
1010 985 1105 1012 uerba
1125 984 1250 1019 addant,
1271 994 1304 1011 ea
1326 984 1413 1012 Tulli
1434 994 1496 1012 esse
1518 984 1643 1012 credere
1665 986 1837 1014 debeamus.
1875 984 1923 1012 Ac
1943 983 1980 1012 de
1999 992 2063 1011 uno
2084 1014 2086 1017 ι

191 1031 313 1071 quidem
335 1029 540 1058 additamento
561 1030 621 1058 iam
641 1041 732 1068 supra
752 1032 959 1069 exposuimus.
990 1032 1134 1059 Fidimus
1151 1032 1205 1067 ibi,
1226 1032 1258 1060 C.
1269 1031 1412 1059 XXVII.
1433 1029 1460 1069 §
1472 1031 1516 1066 67.
1538 1032 1720 1062 Ciceronem
1735 1044 1797 1061 11011
1812 1034 1948 1070 petizcit5
1967 1041 2004 1060 ea
2018 1035 2064 1059 est*

190 1090 265 1109 usus
303 1079 439 1111 ratione,
460 1088 521 1115 qua
543 1083 618 1112 etc.,
648 1087 722 1115 quae
743 1078 863 1115 uolgata
884 1080 1082 1119 scriptumst,
1104 1084 1151 1107 set
1165 1082 1282 1116 petiuit
1302 1090 1337 1107 ea
1358 1089 1431 1107 usus
1451 1080 1582 1115 ratione,
1603 1090 1665 1117 qua
1686 1086 1742 1109 etc.
1763 1080 1931 1119 scripsisse.
1969 1076 2063 1106 Unde

191 1126 338 1156 continuo
360 1125 515 1162 sequitur,
547 1125 577 1153 id
600 1126 681 1163 quod
701 1136 793 1163 supra
813 1126 872 1154 iam
892 1127 1089 1161 mouitumst,
1118 1138 1229 1155 nomen
1251 1129 1354 1161 uitae,
1381 1126 1463 1164 quod
1483 1127 1508 1153 B
1529 1132 1560 1154 et
1580 1127 1606 1154 E
1627 1128 1687 1155 soli
1706 1133 1777 1166 post
1797 1129 1917 1156 ratione
1937 1125 2062 1161 addunt,

190 1175 419 1204 alienissumum
448 1172 628 1210 interpretis
654 1173 895 1202 additamentum
923 1185 998 1202 esse.
1043 1175 1113 1202 Hoc
1148 1180 1248 1203 autem
1285 1174 1537 1213 quemadmodum
1573 1176 1609 1203 ab
1637 1186 1672 1203 eo
1701 1175 1852 1203 adiectum
1879 1177 1981 1212 patet,
2008 1170 2063 1209 qui

190 1233 294 1252 ueram
313 1220 375 1249 loci
396 1219 579 1247 sententiam
600 1230 662 1248 11011
684 1221 898 1257 intellexerat,
930 1223 1061 1250 uerbum
1076 1225 1195 1260 petiuit
1215 1222 1251 1250 ad
1270 1222 1484 1250 antecedentia
1503 1222 1661 1260 pertinere
1681 1223 1865 1257 arbitratus,
1900 1220 1943 1248 ita
1962 1218 2063 1248 simil-

189 1271 274 1299 lumo
302 1268 392 1297 modo
421 1267 454 1295 C.
475 1267 621 1295 XXXII.
650 1267 677 1307 §.
704 1271 766 1304 78.,‘
790 1269 844 1297 ubi
870 1274 954 1297 recte
981 1270 1017 1297 ab
1045 1270 1215 1298 editoribus
1243 1269 1383 1297 omuibus
1412 1270 1605 1308 scriptumst:
1632 1271 1685 1298 Λη
1712 1281 1784 1299 uero
1804 1276 1916 1307 puta-5²,
1944 1268 2064 1296 iudices

190 1319 305 1346 idcirco
325 1317 427 1342 minus
447 1325 514 1342 mea
535 1325 645 1343 caussa
657 1315 823 1352 facturos,
845 1317 928 1354 quod
945 1327 990 1345 me
1014 1328 1075 1345 esse
1093 1324 1221 1355 gramm
1242 1316 1439 1345 crimineris?
1467 1318 1503 1345 ab
1525 1318 1713 1356 interprete,
1734 1317 1786 1355 qui
1806 1326 1928 1345 sensum
1947 1314 2064 1343 uerbo-

191 1376 259 1394 rum
287 1373 349 1392 non
377 1361 602 1400 perspexisset,
630 1369 699 1400 post
727 1366 829 1392 minus
850 1364 1001 1392 adiectum
1022 1365 1162 1393 lubenter
1182 1370 1242 1400 est,
1273 1364 1355 1402 quod
1380 1365 1413 1391 in
1441 1365 1515 1392 solis
1535 1366 1560 1392 B
1582 1369 1612 1392 et
1630 1364 1657 1392 E
1679 1365 1829 1404 scriptum
1849 1368 1942 1392 extat.
1980 1362 2062 1391 Nam

191 1412 290 1441 eucrti
309 1411 368 1438 hoe
389 1408 492 1436 addito
512 1408 574 1436 loci
595 1410 793 1445 sententiam,
814 1411 886 1438 satis
907 1411 939 1439 in
963 1413 1181 1440 commentario
1203 1412 1419 1440 demonstraui.

265 1467 329 1495 Iam
355 1475 424 1492 011111
451 1462 525 1491 haec
554 1463 614 1491 (1110
642 1470 728 1492 extra
756 1475 876 1494 omnem
903 1467 1147 1494 controuersiam
1174 1466 1274 1504 posita
1293 1466 1372 1502 sint,
1398 1466 1423 1494 B
1445 1470 1475 1494 et
1495 1465 1522 1493 E
1551 1470 1581 1494 et
1607 1461 1791 1504 integriores
1819 1478 1907 1505 quam
1926 1466 2062 1496 familiae

191 1516 300 1545 tertiae
321 1513 442 1541 codices
463 1521 545 1546 csse,
581 1512 663 1549 quod
683 1513 841 1540 nonnullis
868 1513 902 1540 iu
928 1513 1004 1541 locis
1032 1514 1090 1542 soli
1116 1515 1247 1551 genuina
1273 1514 1359 1542 Tulli
1388 1514 1483 1542 uerba
1508 1514 1678 1549 serum-int,
1711 1519 1742 1542 ct
1768 1514 2062 1553 interpolationibus

192 1562 363 1595 auctiores,
385 1558 466 1597 quod
486 1558 554 1586 aliis
575 1558 606 1586 in
628 1559 704 1586 locis
724 1559 781 1586 soli
803 1559 1009 1599 interpretum
1029 1561 1244 1590 additamentis
1283 1562 1440 1600 deprauati
1460 1562 1538 1597 sint,
1559 1562 1670 1600 quibus
1690 1562 1824 1590 familiae
1843 1562 1954 1590 tertiae
1973 1562 2063 1590 codi-

192 1619 241 1639 ces
261 1608 401 1637 uidemus
423 1606 557 1634 inmunis
579 1616 659 1633 csse:
688 1616 791 1633 01111105
813 1609 982 1637 concedant
1002 1614 1171 1644 necessest,
1197 1619 1342 1648 perquam
1364 1609 1488 1638 difficile
1509 1614 1540 1637 et
1565 1610 1719 1637 lubricum
1740 1610 1777 1637 de
1797 1610 1860 1637 illis
1881 1610 1958 1638 locis
1977 1610 2062 1638 iudi-

193 1657 273 1685 cium
295 1665 374 1690 esse,
396 1654 428 1681 111
449 1654 559 1692 quibus
588 1664 663 1691 quae
694 1655 752 1681 soli
773 1655 796 1682 B
819 1660 848 1683 ct
868 1655 894 1682 E
916 1656 1009 1683 uerba
1029 1656 1161 1692 habent,
1190 1662 1220 1685 et
1240 1656 1340 1685 omitti
1361 1658 1444 1685 salua
1464 1657 1616 1685 sententia
1637 1662 1667 1684 et
1687 1657 1756 1684 addi
1777 1658 1941 1686 uideantur
1960 1668 2059 1696 posse.

192 1704 285 1732 Errat
309 1707 409 1730 autem
436 1701 653 1736 uehementer,
681 1701 734 1738 qui
756 1711 789 1729 ea
809 1708 927 1742 tantum
948 1705 983 1731 ab
1013 1704 1184 1742 interprete
1212 1705 1350 1742 profecta
1375 1706 1470 1733 uerba
1497 1704 1558 1732 sibi
1584 1704 1764 1743 persuadet,
1797 1705 1907 1742 quibus
1934 1705 2062 1733 adjectis

193 1761 298 1779 sensus
325 1749 387 1777 loci
415 1749 637 1786 pessumdatur.
678 1748 757 1776 Nam
785 1751 858 1778 talia
878 1752 1019 1789 profecto
1047 1751 1158 1779 addere
1189 1762 1226 1779 ne
1254 1751 1328 1789 ipsis
1350 1752 1472 1789 quidem
1492 1752 1715 1790 interpretibus
1735 1752 1769 1779 in
1788 1758 1921 1781 mentem
1940 1758 2063 1792 poterat

192 1798 309 1826 uenire.
348 1796 399 1823 Illi
422 1806 489 1823 011111
510 1796 542 1823 111
562 1801 701 1833 agerent,
731 1802 765 1824 ut
784 1798 955 1835 planiorem
976 1799 1142 1827 redderent
1162 1798 1348 1834 orationem,
1379 1805 1424 1835 ct,
1445 1800 1545 1828 sicubi
1564 1800 1691 1827 breuius
1713 1800 1822 1829 Cicero
1842 1800 1965 1828 locutus
1985 1806 2060 1837 erat,

193 1843 349 1873 eiusmodi
371 1843 551 1881 plerumque
578 1843 673 1870 uerba
699 1844 871 1881 adicerent,
905 1856 982 1884 quae
1010 1846 1078 1874 aliis
1106 1846 1139 1874 in
1166 1847 1244 1874 locis
1272 1847 1308 1874 ab
1335 1847 1402 1885 ipso
1430 1848 1600 1882 Cicerone,
1634 1852 1669 1875 ut
1692 1847 1816 1885 plenior
1843 1853 1922 1876 esset
1950 1848 2060 1885 oratio,

193 1893 294 1921 addita
313 1891 531 1919 meminerant:
565 1890 633 1918 fieri
661 1901 748 1930 saepe
776 1903 837 1920 non
858 1894 977 1931 potuit,
1014 1893 1088 1931 quin
1107 1893 1141 1921 id
1161 1893 1261 1931 ipsum
1280 1894 1443 1931 adderent,
1476 1895 1556 1934 quod
1579 1895 1689 1923 Cicero
1710 1895 1819 1931 etiam,
1853 1895 1879 1923 si
1899 1894 2061 1932 lubuisset,

192 1941 313 1969 adicere
334 1938 445 1976 potuit.
485 1938 567 1966 Raro
595 1943 712 1967 tantum
739 1940 868 1976 accidit,
901 1946 937 1968 ut
955 1951 1024 1968 011111
1045 1941 1147 1977 locos,
1183 1952 1257 1979 quos
1275 1941 1483 1971 inlustrandos
1502 1943 1667 1981 putabant,
1699 1951 1762 1970 non
1781 1947 1865 1970 reete
1887 1942 2062 1984 101οΠ01515-

192 1993 277 2023 50111,
297 1986 448 2014 eiusmodi
468 1986 563 2013 uerba
583 1986 768 2022 adiecerint,
797 1998 871 2025 quac
892 1997 983 2016 uerae
1003 1988 1143 2016 locorum
1170 1989 1340 2016 sententiae
1366 1990 1490 2027 penitus
1517 1989 1728 2017 aduersentur.
1769 1990 1845 2018 Eius
1866 1991 1985 2028 generis
2005 1991 2060 2020 illa

192 2034 328 2073 exempli
349 2043 452 2061 caussa
472 2033 676 2061 additamenta
696 2040 783 2070 sunt,
813 2035 850 2062 de
871 2036 980 2073 quibus
1007 2035 1097 2063 modo
1127 2037 1339 2074 expositumst.
1379 2037 1593 2065 Nihilominus
1621 2046 1684 2063 non
1711 2036 1834 2073 dubito,
1870 2038 1945 2076 quin
1971 2049 2060 2077 quam

191 2083 225 2111 in
257 2080 482 2110 constituendis
515 2079 592 2107 locis
624 2080 688 2107 illis
720 2082 870 2119 ambiguis
902 2083 981 2110 iniui
1014 2082 1184 2119 rationem,
1220 2084 1486 2122 intellegentiores
1516 2083 1633 2111 iudices
1667 2093 1730 2111 non
1762 2084 1960 2123 inprobauu·i
1987 2086 2058 2115 sint.

192 2129 317 2158 Etenim
338 2138 372 2154 ea
392 2127 501 2161 uerba,
522 2136 597 2164 quae
619 2138 797 2166 quamquam
818 2130 922 2158 abesse
943 2130 1045 2168 aliquo
1066 2131 1157 2158 modo
1178 2137 1315 2169 possunt,
1335 2137 1436 2160 tamen
1456 2141 1555 2169 neque
1576 2131 1612 2159 ad
1633 2131 1873 2169 explicationem
1893 2134 2059 2163 uerborum

191 2175 309 2214 aliquid
329 2174 493 2202 conferunt
513 2179 543 2202 et
562 2171 646 2203 'sacili
667 2186 774 2203 errore
804 2177 906 2205 omitti
932 2183 1118 2216 potuerunt,
1152 2178 1218 2206 sine
1245 2179 1437 2208 dubitatione
1458 2179 1622 2207 Tullianae
1649 2180 1783 2208 orationi
1810 2180 1918 2216 intuli;
1951 2185 2058 2209 contra

192 2233 267 2262 quae
287 2232 386 2260 neque
413 2221 584 2249 necessaria
612 2222 648 2249 ad
668 2224 840 2252 sententiae
866 2224 1075 2253 locutionisue
1104 2226 1314 2263 integritatem
1340 2231 1411 2254 sunt
1438 2226 1666 2264 etexplicandi
1687 2237 1790 2255 caussa
1808 2227 1899 2256 facile
1919 2227 1998 2255 adici
2018 2228 2056 2257 ab

190 2271 361 2308 interprete
381 2273 570 2307 potuerunt,
589 2271 771 2307 praesertim
792 2272 817 2299 si
838 2282 892 2299 cur
913 2272 1023 2300 omissa
1042 2273 1079 2301 ab
1100 2284 1281 2302 amanuense
1301 2274 1380 2309 sint,
1399 2284 1463 2302 non
1482 2274 1599 2312 liquet,
1617 2275 1799 2314 recipiunda
1817 2284 1881 2303 non
1898 2275 2019 2314 putaui.

265 2326 372 2363 Itaque
393 2326 523 2362 genuina
542 2336 600 2365 per
619 2327 700 2356 solos
721 2328 746 2356 B
767 2334 797 2356 et
817 2328 843 2356 E
865 2335 984 2358 seruata
1002 2331 1099 2360 uerba
1117 2336 1194 2370 puto
1214 2331 1248 2359 in
1267 2330 1315 2359 his
1335 2331 1428 2360 locis:

264 2381 288 2410 Ι.
319 2382 363 2434 Ὀ.
384 2382 440 2411 IV.
462 2383 488 2422 §.
509 2393 535 2421 9.
579 2385 657 2413 Uide
678 2386 819 2423 tandem,
841 2386 1040 2424 Laterensis,
1060 2395 1212 2427 quantum
1231 2399 1298 2428 ego
1319 2400 1339 2418 α
1359 2395 1389 2418 te
1408 2391 1597 2420 dissentiam.
1635 2389 1783 2418 Familiae
1803 2388 1914 2418 tertiae
1934 2389 2056 2420 codices

189 2440 245 2469 ego
265 2434 421 2458 omittunt.
