2185 2720
171 143 196 170 ι,
840 122 1367 164 ΡΒΟιΕοοΜΕΝᾺ.

1051 206 1079 247 5.
1109 212 1152 239 13.

244 274 388 303 Maxuma
415 279 490 298 uero
516 266 768 306 interpolationis
795 267 931 306 suspicio
959 268 1077 297 oriatur
1104 271 1271 302 necessest,
1306 265 1406 294 sicubi
1431 266 1529 295 uerba
1554 266 1644 295 aliter
1671 267 1705 296 in
1722 268 1748 296 B
1767 278 1857 307 quam
1884 268 1919 298 in
1937 269 1982 305 E,
2002 273 2034 298 et

170 332 275 352 rursus
295 320 385 349 aliter
405 318 437 345 in
457 317 525 344 fam.
546 314 657 343 tertiae
677 315 835 343 codicibus
856 314 1018 343 conlocata
1035 315 1236 354 reperiuntur
1255 314 1315 350 ita,
1334 318 1370 342 ut
1388 313 1422 342 hi
1441 313 1503 352 ipsi
1523 313 1605 342 inter
1624 323 1656 342 se
1676 313 1866 345 dissentiant.
1903 316 2034 345 Factum

171 369 230 398 hoc
251 371 296 395 cst
315 375 376 394 uno
397 364 430 391 in
449 363 537 398 loco,
557 362 611 400 qui
631 362 663 390 C.
683 361 846 390 XXXIII.
864 359 892 400 §.
913 363 957 391 81.
978 366 1063 390 extat
1083 367 1114 390 et
1133 361 1167 390 in
1186 361 1370 390 Erfurtense
1390 360 1435 388 sic
1455 361 1588 398 scriptus
1606 360 1780 398 reperitur-2

245 415 322 452 Quis
343 416 386 439 est
406 416 545 438 nostrum
563 409 734 438 liberaliter
755 410 920 445 educatus,
947 410 1000 436 cui
1019 419 1080 436 non
1101 409 1296 443 educatores,
1322 410 1374 436 cui
1392 417 1454 436 non
1473 408 1617 444 magistri
1635 408 1685 434 sui
1703 413 1796 444 atque
1815 408 1965 444 doctores,
1985 411 2037 439 cui

173 472 234 490 non
252 461 335 489 locus
355 459 442 494 ipse
460 457 534 485 ille
554 462 703 491 mutus,
723 457 777 484 ubi
796 456 892 483 alitus
913 461 970 482 aut
989 455 1094 483 clectus
1115 461 1174 491 est,
1194 465 1264 484 cum
1279 460 1378 492 grata
1397 453 1608 482 recordatione
1627 455 1662 481 in
1679 459 1778 482 mente
1797 455 1960 483 uer-setar?

248 507 298 534 Sic
319 504 412 542 igitur
432 503 516 538 Erit,
536 513 553 530 a
572 513 631 540 quo
652 504 725 530 Bau.
747 501 904 536 dissentit,
933 501 1027 529 uerba
1047 503 1100 530 ille
1120 507 1224 529 mutus
1243 500 1302 529 hoc
1323 501 1450 536 ordine,
1475 505 1579 528 mutus
1597 501 1650 528 ille
1668 510 1794 539 ponens.
1832 501 1930 538 Magis
1948 501 2041 530 fami-

173 556 232 583 liae
251 552 363 581 tertiae
383 550 506 578 codices
527 549 732 584 dissentiunt,
753 559 792 576 ex
813 547 924 585 quibus
943 549 1011 583 Ma,
1031 549 1105 584 Mb,
1125 548 1187 584 Lc,
1207 548 1267 583 Pa,
1288 551 1319 575 et
1337 547 1368 575 D
1390 548 1475 575 locus
1493 547 1545 575 ille
1563 553 1668 574 mulus
1687 549 1768 584 ipse,
1787 548 1857 585 ubi,
1885 548 1935 577 Lb
1954 548 2041 577 locus

173 604 227 631 ille
246 606 349 628 mutus
369 600 450 634 ipse,
470 598 539 632 uir,
565 596 612 623 La
632 596 684 623 dle
705 596 789 623 locus
809 601 929 628 mutus,
957 595 1011 624 ubi
1029 598 1111 632 ipse,
1138 594 1253 632 reliqui
1273 603 1342 622 cum
1362 593 1465 631 Eybio
1486 594 1569 621 locus
1588 593 1640 622 ille
1658 600 1778 628 muta-9,
1804 594 1859 623 ubi
1877 597 1942 632 ipse
1961 594 2041 623 scri-

173 650 261 678 bunt.
299 645 463 674 Editorum
483 642 520 670 ad
539 642 622 670 hunc
642 643 744 671 lociun
764 641 997 677 adnotationes,
1031 651 1070 670 ex
1090 641 1201 680 quibus
1221 650 1362 671 maxume
1383 639 1536 670 Graeuius
1556 649 1573 668 a
1591 649 1667 669 uero
1687 640 1857 678 aberrauit,
1891 642 1926 670 in
1945 642 2042 671 imum

174 694 344 732 marginem
362 690 458 719 reieci
475 688 511 727 *).
553 689 582 716 Is
603 690 700 725 enim,
727 689 809 728 quod
836 698 875 716 ne
895 689 988 716 semel
1009 688 1133 726 quidem
1152 699 1170 718 a
1190 688 1298 717 Tullio
1329 688 1480 727 scriptum
1499 697 1565 715 esse
1584 687 1760 725 apparebit,
1785 698 1957 727 pronomen
1975 691 2044 726 ipse

175 743 225 771 bis
246 739 367 779 posuit,
387 737 587 775 scripsitque:
607 739 660 765 cui
681 747 739 764 non
762 738 846 764 loeus
865 740 930 773 ipse
949 736 1003 764 ille
1023 741 1143 770 mutus,
1171 735 1225 763 ubi
1244 737 1309 772 ipsc
1328 739 1395 764 etc..
1432 735 1480 762 Ac
1499 734 1633 773 primum
1653 733 1776 771 quidem
1801 744 1865 763 non
1892 744 1958 764 csse
1976 736 2043 772 ipse

176 795 349 828 pronomen
368 788 439 822 post
458 783 511 811 ahi
531 793 546 810 a
567 783 719 811 Cicerone
740 783 884 822 positum,
905 792 968 811 non
988 782 1086 811 solum
1106 782 1226 821 optumi
1250 782 1335 818 libri,
1355 783 1381 811 B
1401 786 1432 810 ct
1451 780 1488 817 E,
1509 781 1691 819 quibuscum
1710 781 1828 819 aliquot
1847 791 1959 820 eosque
1978 791 2044 810 non

176 834 270 863 malos
290 833 360 860 sam.
380 830 492 858 tertiae
514 829 636 858 codices
657 828 835 858 consentire
854 830 1006 866 uidimus,
1026 838 1133 857 uerum
1154 829 1246 858 etiam
1265 829 1440 860 Priscianus
1468 838 1499 868 p.
1519 829 1583 864 857.
1603 827 1650 856 ed.
1670 827 1795 857 Putsch⁴
1815 833 1960 864 testatur,
1989 828 2044 866 qui

175 881 259 910 hunc
279 879 381 907 locum
401 877 541 906 adferens
568 876 622 904 uhi
648 876 732 903 altus
759 882 803 903 est
831 877 948 905 scribit.
986 875 1118 905 Accedit
1137 876 1204 914 ipsa
1229 874 1291 904 loci
1311 875 1480 912 sententia,
1506 875 1557 904 cui
1576 874 1757 903 aduersatur
1782 877 1847 913 ipse
1870 884 2044 913 pronomen

177 933 247 968 post
267 926 319 954 abi
344 924 488 963 positum.
528 924 637 961 Neque
664 933 739 951 ucro
769 923 884 951 codicis
904 923 1046 952 Bauarici
1071 923 1228 962 probanda
1254 923 1423 961 scriptura,
1451 933 1540 961 quam
1567 922 1684 950 nollem
1705 921 1842 950 Orellius
1866 922 2045 960 recepisset.

178 974 324 1003 Uidimus
344 971 426 999 enim
446 981 546 1008 supra,
567 970 667 998 sicubi
688 975 739 998 aut
759 971 783 998 B
805 975 857 998 aut
876 970 903 998 E
925 980 993 998 cum
1013 970 1155 999 omnibus
1174 970 1245 999 fam.
1266 970 1374 998 tertiae
1395 969 1553 998 codicibus
1572 968 1739 1007 conspiret,
1758 968 1824 997 fere
1843 978 1963 1007 semper
1981 978 2046 997 non

178 1032 262 1056 eam,
290 1028 380 1058 quam
406 1017 488 1045 solus
508 1017 533 1045 B
553 1022 605 1045 aut
624 1017 650 1044 Ε
678 1018 841 1055 praebeat,
868 1018 1054 1056 scripturam
1082 1017 1193 1046 debere
1213 1016 1374 1055 genuinam
1394 1016 1513 1055 putari,
1539 1020 1585 1044 set
1604 1025 1694 1054 quam
1713 1015 1861 1044 alteruter
1880 1025 1950 1044 cum
1967 1015 2047 1044 reli—

179 1069 247 1108 quis
268 1066 358 1095 libris
377 1068 508 1093 tueatur.
548 1063 611 1092 Iam
631 1074 706 1093 uero
727 1065 753 1092 E
775 1075 844 1094 cum
864 1065 1005 1094 omnibus
1026 1065 1161 1094 familiae
1185 1063 1295 1093 tertiae
1316 1063 1475 1091 codicibus
1494 1063 1528 1091 in
1548 1073 1584 1091 co
1605 1063 1776 1098 consentit,
1797 1062 1880 1101 quod
1898 1063 1951 1091 ille
1968 1072 2046 1101 pro-

180 1124 294 1144 nomen
313 1117 384 1141 ante
403 1117 506 1138 mutus
525 1111 622 1149 ponit.
662 1111 768 1149 ltaque
789 1110 849 1139 hoc
868 1111 1004 1140 minume
1024 1112 1116 1141 debet
1136 1122 1204 1140 cum
1224 1111 1266 1146 B,
1292 1120 1383 1148 quem
1402 1111 1496 1139 etiam
1515 1110 1590 1139 alibi
1609 1110 1687 1139 male
1706 1110 1932 1149 transposuisse
1950 1110 2046 1139 uerba

180 1162 328 1202 quaedam
348 1159 476 1193 scimus,
506 1163 611 1185 contra
630 1158 823 1196 reliquorum
844 1158 980 1187 omnium
1001 1159 1087 1187 codd.
1109 1158 1321 1187 auctoritatem
1340 1161 1412 1196 post
1430 1163 1534 1185 mutus
1553 1157 1719 1186 conlocari.
1759 1157 1875 1185 Contra
1899 1156 1960 1185 hoc
1985 1157 2047 1186 mi·-

179 1213 279 1239 mnnst
298 1204 527 1235 neminemdum
544 1204 678 1240 uidisse,
705 1206 769 1242 ipse
787 1215 975 1243 pronomen,
1002 1205 1035 1233 id
1055 1206 1138 1244 quod
1156 1215 1231 1244 uaga
1249 1205 1315 1234 eius
1335 1204 1421 1232 sedes
1441 1210 1529 1234 extra
1548 1203 1791 1234 controuersiam
1809 1204 1916 1243 ponit,
1940 1204 1977 1232 ab
1996 1203 2048 1233 in-

180 1260 317 1294 terprete
337 1262 430 1291 super
450 1253 503 1281 ille
523 1261 587 1280 csse
606 1251 743 1289 positum
764 1257 794 1280 et
814 1252 851 1282 ab
871 1252 1009 1282 librariis
1028 1258 1197 1292 receptum.

1068 1350 1096 1392 §.
1117 1357 1161 1384 14.

259 1413 332 1441 Non
353 1410 466 1439 debent
481 1416 590 1446 autem,
609 1411 671 1439 nisi
690 1411 767 1439 aliae
787 1412 933 1449 quaedam
953 1414 1138 1452 suspicionis
1158 1422 1278 1443 caussae
1297 1411 1452 1446 accedant,
1470 1411 1495 1439 ii
1513 1410 1575 1439 loci
1593 1420 1651 1449 pro
1666 1410 1862 1448 interpolatis
1877 1410 1996 1446 haberi,
2016 1410 2050 1439 in

184 1462 295 1502 quibus
316 1459 399 1488 solus
419 1463 470 1486 aut
490 1459 514 1486 B
535 1464 587 1487 aut
601 1458 627 1486 E
649 1469 666 1486 a
684 1459 805 1496 uolgari
825 1460 934 1488 ordine
954 1461 988 1488 iu
1007 1461 1205 1490 conlocandis
1225 1460 1329 1489 uerbis
1348 1458 1477 1487 recedit.
1515 1457 1562 1486 Ita
1580 1467 1644 1485 non
1662 1462 1739 1496 puto
1760 1458 1794 1486 C.
1814 1458 1942 1486 XXIV.
1961 1457 1990 1497 5.
2003 1459 2048 1487 58.

184 1520 281 1548 neque
293 1508 418 1546 [αἰωρῇ
437 1507 491 1543 qui
511 1505 553 1533 id
571 1505 657 1533 nobis
676 1512 821 1533 narraret
843 1507 1080 1545 expmigendum
1100 1508 1137 1536 z'cl
1154 1517 1235 1544 esse,
1262 1505 1345 1544 quod
1363 1506 1388 1533 B
1408 1510 1480 1533 ante
1499 1505 1604 1543 fuisse
1623 1505 1722 1543 ponit.
1761 1505 1841 1533 Nam
1866 1504 1932 1532 uim
1951 1514 2051 1542 quan-

183 1558 252 1586 dam
271 1553 439 1592 repetitum
457 1552 493 1580 icl
510 1551 555 1579 ibi
575 1551 681 1587 habet,
701 1557 733 1580 ct
752 1557 799 1580 est
818 1562 887 1581 cum
906 1553 1058 1582 inrisione
1079 1554 1205 1582 dictum.
1244 1553 1390 1582 Ceterum
1415 1552 1496 1581 male
1514 1551 1540 1579 B
1567 1561 1688 1589 quoque
1708 1561 1938 1590 nonnumquam
1955 1554 2052 1583 uerba

182 1602 426 1641 transposuisse,
446 1603 532 1637 patet
551 1608 590 1626 ex
610 1600 643 1627 C.
663 1599 792 1627 XXXI.
812 1597 839 1637 §.
862 1600 921 1636 75.,
942 1600 996 1628 ubi
1016 1601 1173 1639 uolgarem
1192 1601 1360 1629 uerborum
1379 1599 1537 1635 ordinem,
1557 1609 1573 1627 a
1593 1609 1653 1636 quo
1673 1598 1756 1627 solus
1776 1599 1802 1627 B
1821 1600 1940 1629 recedit
1957 1601 2051 1630 clatus

185 1658 229 1680 est
249 1651 300 1679 ille
321 1648 378 1676 tibi
398 1645 552 1679 scribens,
571 1647 737 1682 genuinum
757 1656 822 1674 esse
841 1646 1063 1676 Ambrosianus
1085 1658 1236 1677 consensu
1261 1657 1316 1676 suo
1345 1646 1513 1676 confirmat.
1552 1645 1626 1673 Non
1650 1645 1748 1674 maior
1774 1655 1840 1674 esse
1858 1646 2051 1676 Erfurtemsis

184 1698 260 1727 libri
280 1694 447 1725 auctoritas
466 1697 578 1731 potest,
599 1693 771 1722 CXXXI.
791 1691 818 1732 5
829 1694 873 1727 75.
893 1694 1044 1723 obsoletae
1063 1697 1128 1724 iam
1147 1701 1221 1723 sunt
1234 1704 1342 1732 preces
1361 1699 1434 1721 tuae
1452 1703 1510 1732 pro
1530 1695 1594 1721 iam
1611 1698 1686 1720 sunt
1704 1692 1867 1721 scribentis
1886 1700 1960 1722 sunt
1976 1697 2050 1726 iam.

185 1746 295 1783 Neque
317 1739 482 1770 delendum
501 1738 545 1766 ibi
565 1745 639 1766 sunt
658 1748 756 1776 neque
776 1741 1055 1778 transponendum,
1086 1743 1168 1781 quod
1187 1748 1253 1771 tum
1272 1745 1392 1769 tautum
1411 1740 1479 1769 fieri
1498 1744 1618 1778 posset,
1638 1739 1663 1767 si
1684 1739 1832 1768 obsoletae
1850 1741 2052 1781 participium

187 1797 276 1820 esset.
315 1789 409 1817 Nunc
429 1795 498 1814 cum
517 1785 663 1813 adiectiui
683 1785 782 1814 uicem
802 1793 903 1824 gerat,
939 1789 1041 1827 aptius
1060 1796 1134 1818 sunt
1153 1790 1190 1818 ab
1212 1799 1248 1817 eo
1267 1787 1421 1826 particula
1439 1790 1504 1816 iam
1523 1786 1733 1815 seiunctumst.
1773 1786 1918 1816 Ceterum
1937 1789 2052 1820 Erfur-

187 1838 283 1867 tensis
305 1836 396 1864 ctiam
416 1839 531 1862 temere
550 1842 782 1870 nonnumquam
806 1835 890 1864 solus
916 1837 1012 1866 uerba
1036 1835 1236 1875 transposuit.
1275 1835 1341 1871 Ita,
1372 1839 1408 1864 ut
1426 1844 1488 1864 uno
1509 1832 1651 1872 exemplo
1671 1832 1834 1871 defungar,
1868 1835 1902 1864 C.
1922 1836 2052 1867 XXXI.

263 1984 286 2014 *ἓ
314 1982 362 2006 Cui
380 1989 434 2005 non
452 1979 527 2004 locus
543 1980 599 2013 ipse
618 1979 666 2004 ille
691 1985 798 2011 mutus,
825 1979 871 2005 uhi
888 1981 954 2014 ipse]
989 1982 1084 2009 Adieei
1102 1983 1158 2016 ipse
1179 1991 1212 2008 ex
1229 1983 1394 2008 Erfurtense.
1429 1980 1636 2007 GRAEUIUS-
1671 1978 1721 2004 Cui
1736 1987 1790 2004 non
1808 1978 1883 2005 locus
1899 1979 1948 2006 ille
1965 1987 2057 2010 mutus

191 2036 262 2061 ipse,
281 2025 339 2056 ubi]
376 2023 420 2048 Sic
440 2025 542 2049 correxi
562 2033 594 2049 ex
614 2024 675 2048 edd·
700 2023 733 2051 R.
751 2024 806 2048 Er..
840 2026 903 2057 Ipse
925 2031 979 2051 erat
997 2027 1085 2052 alieno
1104 2027 1181 2059 loco,
1208 2027 1253 2052 ubi
1270 2031 1340 2051 stare
1357 2025 1386 2051 in
1403 2025 1453 2050 hac
1471 2026 1555 2050 forma
1574 2023 1700 2049 orationis
1717 2032 1772 2048 nou
1789 2027 1903 2057 poterat.
1936 2027 2057 2054 ,ΒΚ-ΝΒ-

191 2071 309 2097 STIL'S.
345 2067 412 2093 Mihi
437 2077 489 2093 non
515 2068 642 2101 probatur
662 2069 788 2100 repetitio
813 2069 858 2093 illa
884 2068 971 2102 [quam
989 2070 1118 2096 Graeuius
1142 2070 1256 2104 admisit]
1284 2074 1341 2095 tam
1357 2078 1486 2103 proxuma
1504 2069 1577 2094 uocis
1599 2067 1669 2101 ipse,
1699 2075 1776 2100 quam
1797 2067 1916 2101 suspicor
1933 2078 1966 2096 ex
1982 2071 2055 2097 uaria

192 2117 249 2141 eius
273 2113 346 2138 uocis
373 2112 557 2136 conlocatione
584 2117 667 2136 ortam
689 2113 778 2136 fuisse.
814 2112 883 2137 Tum
908 2115 985 2139 etiam
1005 2115 1074 2148 quod
1092 2116 1179 2148 Naug.
1206 2114 1343 2146 ceterique
1361 2114 1394 2139 ad
1413 2113 1490 2139 Grut.
1507 2121 1591 2146 usque
1609 2111 1753 2142 dederunt,
1779 2111 1869 2144 altus,
1895 2113 1924 2139 id
1939 2114 2056 2141 fimatur

193 2158 348 2184 auctoritate
367 2155 495 2180 Prisciani
513 2164 539 2188 p.
558 2156 616 2187 857.
637 2155 679 2180 ed.
698 2155 822 2187 Putsch.,
850 2164 883 2180 ex
899 2156 948 2181 hac
967 2159 1086 2183 oratioue
1106 2159 1224 2191 citantis,
1250 2157 1296 2182 ubi
1313 2157 1387 2182 allus
1405 2161 1455 2183 est.
1490 2157 1542 2181 Hic
1559 2156 1648 2189 itaque
1667 2154 1843 2188 suspicionem
1859 2156 1896 2182 ita
1909 2158 2055 2184 'confirma-

192 2203 230 2227 uit
248 2209 350 2230 meam,
375 2203 403 2222 ut
420 2199 508 2223 locum
526 2199 627 2223 ratione
646 2200 850 2232 auctoribusque
869 2200 981 2232 optumis
1007 2203 1158 2235 perpurgari
1183 2203 1221 2227 sic
1239 2201 1339 2226 debere
1358 2201 1554 2233 intellegerem:
1582 2198 1627 2224 cui
1652 2207 1706 2223 non
1730 2197 1805 2224 locus
1821 2199 1878 2233 ipse
1893 2199 1940 2224 ille
1956 2205 2055 2235 mutus,

194 2245 239 2271 ubi
263 2244 338 2269 altus
363 2247 412 2267 aut
436 2243 530 2267 doctus
556 2247 604 2267 est.
640 2242 778 2268 Ernestum
803 2244 883 2268 uideo
908 2244 968 2268 sere
984 2254 1085 2270 mecum
1102 2247 1204 2271 facere.
1240 2245 1487 2271 GARATONIUS
1502 2243 1524 2269 L
1558 2243 1656 2268 Bauar.
1673 2242 1718 2267 eui
1734 2251 1788 2267 non
1804 2242 1879 2267 Iocus
1895 2242 1951 2276 ipse
1966 2249 2057 2272 mutus

194 2290 256 2321 ille,
273 2288 326 2313 ul-i.
362 2286 511 2311 Delendum
529 2286 646 2310 secundo
664 2286 726 2311 lor-0
744 2287 814 2320 ipse,
839 2293 868 2312 ut
887 2288 948 2312 olim
967 2289 1092 2322 diximus,
1115 2294 1170 2315 tum
1188 2289 1250 2323 quia
1267 2297 1300 2314 ex
1317 2289 1407 2322 priore
1426 2288 1489 2313 illuc
1506 2288 1575 2313 male
1593 2287 1747 2313 translatum
1766 2286 1828 2318 suit,
1853 2290 1908 2311 tum
1926 2288 1987 2321 quia
2004 2298 2056 2316 non

195 2338 267 2360 extat
291 2340 323 2356 eo
349 2331 410 2355 loco
435 2330 462 2354 in
487 2329 543 2354 Erf.
568 2336 595 2355 et
619 2330 728 2362 Reman,
762 2340 776 2356 a
802 2331 895 2364 quibus
926 2332 952 2356 in
977 2334 1152 2365 superiorem,
1183 2334 1251 2358 mide
1285 2333 1402 2358 deiectus
1432 2333 1532 2364 fuerat,
1563 2331 1719 2357 restituitur.
1759 2329 1815 2355 Alii
1842 2331 1922 2356 etiam
1950 2338 2056 2359 ueteres

195 2378 273 2407 libri,
299 2375 372 2399 locus
394 2372 442 2398 ille
465 2378 555 2398 mutus
577 2374 649 2408 ipse,
683 2374 743 2404 ubi,-
774 2383 831 2400 cum
861 2375 918 2401 aliis
941 2375 1042 2410 Eybius
1067 2382 1094 2401 et
1116 2377 1200 2402 Aldus
1227 2377 1300 2403 locus
1327 2376 1374 2402 ille
1397 2381 1502 2409 mutus,
1526 2375 1572 2401 ubi
1597 2375 1662 2409 ipse.
1695 2373 1756 2399 Hoc
1778 2373 1858 2405 igitur
1882 2374 1984 2403 firmum
2009 2382 2058 2403 est,

197 2419 442 2448 GARATONIUS
459 2417 491 2442 H.
