2185 2720
913 133 952 161 L.
978 133 1018 161 11.
1071 133 1105 162 o.
1132 132 1156 161 1.
1201 132 1229 172 ς.
1260 134 1302 163 »6.
1992 145 2054 174 LV

173 210 215 239 sit
223 214 236 246 ‚'
255 213 291 238 ut
311 208 344 237 in
364 207 454 237 libris
474 206 538 235 illis
559 217 605 236 me
623 215 797 246 pronomen
822 206 1027 236 omitteretur.
1066 206 1147 235 Nam
1166 207 1219 235 uel
1238 207 1382 236 indoctus
1402 207 1549 239 librarius
1569 210 1603 240 id
1625 216 1751 250 poterat
1769 218 1804 243 ct
1825 214 1957 246 debebat
1979 228 2054 256 per-

173 257 312 296 spicere,
340 255 435 285 semel
460 260 580 284 tantum
606 264 653 282 me
671 264 843 293 pronomen
869 253 1047 293 ponendum
1067 263 1142 282 esse.
1180 254 1286 293 Atque
1305 254 1500 283 intellexisse
1520 257 1580 287 hoc
1601 259 1748 289 librarios
1769 263 1933 300 quosdam,
1956 275 1996 294 cx
2016 276 2052 296 eo

174 304 292 339 elucet,
320 303 403 341 quod
421 303 455 330 in
476 301 625 330 Garatoni
646 301 768 338 codice,
795 301 848 339 qui
868 301 915 329 bis
943 311 989 329 me
1010 300 1121 338 habet,
1150 302 1282 340 margini
1311 302 1530 341 adscriptumst
1555 306 1679 336 hercule
1705 307 1850 339 adiuncta
1875 317 1948 340 nota
1968 314 2053 343 uocis

173 351 299 380 scih-cet,
338 350 423 378 Idem
448 350 563 378 factum
584 349 618 376 in
641 348 703 377 ΒΓ..
742 348 849 388 Itaque
876 349 910 377 111
929 350 999 385 Mc,
1035 348 1089 388 qui
1117 360 1208 388 saepe
1229 360 1293 378 non
1315 350 1424 388 glossis
1445 352 1562 389 solum,
1600 360 1647 383 set
1670 355 1762 385 ctiam
1781 357 1949 395 glossm·1un
1969 362 2054 390 notis

173 399 277 427 locum
297 397 330 426 in
349 397 454 425 uerbis
463 396 617 424 Tullianis
639 395 733 433 dedit,
754 397 905 435 scriptum
916 396 1027 434 fateor
1047 407 1093 425 me
1112 396 1236 425 hercule
1256 399 1358 426 silicet
1378 397 1449 438 (sic)
1471 401 1555 438 quod
1571 402 1739 440 reperitur.
1778 406 1847 434 Alii
1866 407 2054 446 prudentio-

172 456 224 475 res
243 444 364 474 librarii
384 445 483 473 50111111
502 443 627 472 hercule
647 449 850 482 receperunt,
869 443 952 472 unde
971 449 1042 472 nata
1062 443 1251 482 interpolata
1271 445 1326 473 illa
1346 446 1502 484 scriptura
1521 448 1702 478 meliert-ule.
1740 452 1808 481 Alii
1828 460 1936 483 contra
1955 456 2054 486 libra-

173 493 217 522 rii
236 493 393 528 fecerunt,
413 490 497 529 quod
515 490 701 526 Lambinus,
723 490 927 527 Garatonius,
954 495 985 519 et
1005 490 1144 520 Orellius
1164 491 1322 528 fecerunt,
1343 497 1435 530 atque
1454 493 1503 531 id,
1524 496 1608 533 quod
1626 497 1740 526 inutile
1760 500 1941 538 uidebatur,
1961 513 2055 542 pror-

174 550 227 569 sus
247 540 443 578 expulerunt.
482 538 553 566 Hoc
573 537 668 575 igitur
689 542 837 567 certumst
856 538 892 566 ab
913 538 952 566 iis
972 539 1088 567 {actum
1109 549 1184 575 esse,
1205 538 1258 577 qui
1278 539 1342 574 Br„
1363 539 1402 576 T,
1423 546 1454 570 ct
1473 549 1493 578 χ
1509 543 1528 572 3
1548 544 1752 583 seripserunt.
1773 547 1892 578 Uerum
1912 561 1975 579 non
1994 552 2055 580 mi-

173 597 232 616 nus
251 592 387 621 certum,
407 590 523 613 temere
543 584 576 612 id
595 585 709 613 factum
729 595 811 622 esse,
832 596 900 614 cum
920 586 1014 614 statui
1033 592 1175 625 nequeat,
1194 596 1374 625 praegresso
1395 589 1487 618 modo
1508 593 1695 628 pronomine
1716 593 1772 622 illo
1793 595 1892 625 ullum
1911 607 2056 636 umquam

173 635 377 672 fflterPI-ertcm
404 637 475 671 post
501 633 616 660 idcireo
642 631 738 660 fuisse
763 643 810 660 me
835 633 948 661 iterum
966 633 1151 671 positurum.
1192 634 1300 673 Itaque
1321 645 1377 672 030
1398 636 1431 664 111
1452 646 1487 665 ca
1513 648 1580 666 sum
1600 644 1632 668 ct
1650 650 1704 668 ero
1725 643 1898 680 sententia,
1930 650 1966 673 ut
1984 652 2055 684 post

167 681 278 720 fateor
297 690 360 708 non
380 690 426 707 me
446 684 499 707 aut
518 678 697 715 mehercule,
717 684 763 708 set
781 679 904 709 hercule
923 691 940 709 a
961 681 1068 709 Tullio
1088 680 1249 720 scriptum,
1270 682 1306 709 ab
1327 682 1503 721 interprete
1524 690 1626 715 autem
1647 699 1694 716 me
1713 699 1806 727 super
1825 690 1950 720 hercule
1968 693 2056 730 posi-

173 734 240 758 tum
258 733 375 766 putem,
394 732 429 755 ut
449 726 573 754 hercule
591 728 655 764 pro*
665 726 807 764 pleniore
821 727 1000 756 adfirmandi
1020 728 1152 756 formula
1172 729 1345 758 mehercule
1369 738 1553 770 usiupatum
1579 744 1644 762 esse
1671 735 1860 765 admoneret.
1880 739 1951 767 Hoc
1972 740 2055 769 enim

174 776 201 805 si
220 775 399 810 statuimus,
431 773 522 802 facilc
546 772 758 811 intellegitur,
789 774 871 803 unde
896 786 943 803 me
962 785 1135 814 pronomen
1161 776 1202 804 sit
1227 781 1347 813 ortum,
1376 788 1447 808 cum
1474 781 1661 819 saepissume
1688 783 1721 811 id
1740 784 1854 813 factum
1874 785 2055 824 uiderimus,

172 829 209 854 ut
227 824 327 862 glossa
344 833 401 862 pro
421 831 499 849 uoce
520 821 650 858 genuina
668 821 869 860 reciperetur.
892 822 942 851 Sic
962 823 994 851 in
1016 833 1060 851 or.
1080 823 1142 851 Pis.
1163 823 1242 859 XX,
1262 824 1307 852 46.
1328 835 1386 863 pro
1407 827 1558 857 mehercle
1576 835 1662 858 recte
1683 829 1754 859 Uat.
1775 831 1907 861 hercule.

248 876 295 904 Ae
315 875 419 903 1105010
440 873 598 912 equidem,
618 884 656 901 an
675 874 777 902 simile
797 880 958 914 peccatum
978 876 1014 904 ab
1034 875 1172 905 librariis
1193 876 1227 904 C.
1248 877 1417 908 XXXIX.
1437 877 1465 919 ᾗ.
1486 881 1532 919 95.
1553 883 1741 913 conmissum
1760 885 1817 922 sit,
1844 885 1899 914 ubi
1919 895 2001 915 nunc
2021 887 2055 915 in

173 922 364 953 editionibus
384 921 526 950 omnibus
547 920 696 958 scriptum
716 921 846 959 legitur:

252 977 330 1004 Tum
349 973 513 1002 hercule
533 983 586 1001 me
615 973 765 1009 confitear
783 985 845 1003 non
864 975 1016 1004 iudicium
1035 976 1166 1014 aliquod
1183 976 1328 1005 hahuisse
1350 980 1388 1008 (le
1406 983 1454 1009 rei
1466 982 1616 1019 publicae
1635 986 1791 1022 ulilitate,
1816 993 1862 1014 set
1881 986 2056 1015 hominibus

173 1026 309 1054 amicum
326 1027 383 1050 aut
402 1023 564 1049 inimicum
575 1021 692 1058 fuisse.

246 1076 392 1103 Fortasse
412 1073 495 1101 enim
515 1072 566 1101 1110
587 1082 708 1111 qnoque
728 1083 775 1101 me
801 1084 865 1102 11011
886 1074 1050 1112 Ciceroni,
1077 1081 1125 1104 set
1144 1076 1313 1114 interpreti
1334 1079 1480 1118 debetur,
1513 1092 1582 1111 cum
1602 1084 1646 1111 Pa
1665 1084 1835 1112 mehercule
1854 1095 1912 1123 pro
1932 1085 2056 1114 hercule

173 1134 237 1156 me,
265 1126 296 1150 et
315 1121 362 1149 La
388 1125 419 1148 et
438 1120 487 1147 Lb
507 1119 631 1148 hercule
657 1120 808 1156 confitear
833 1131 880 1148 me
900 1122 1044 1150 scribant.
1084 1123 1177 1151 Certe
1205 1134 1251 1152 nze
1271 1135 1446 1164 pronomen
1472 1134 1558 1157 recte
1586 1131 1689 1159 omitti
1709 1131 1761 1159 hic
1781 1131 1937 1169 potuisse,
1964 1142 2055 1160 nemo

173 1180 238 1200 non
256 1169 352 1198 uidet.
391 1167 474 1202 Cfr.‚
496 1176 572 1204 quae
592 1166 625 1194 in
648 1167 764 1195 comm.
787 1167 821 1195 C.
842 1167 954 1196 XXV.
975 1168 1002 1208 §.
1024 1168 1068 1197 62.
1095 1169 1134 1198 ad
1152 1170 1252 1199 uerba
1271 1173 1392 1209 afuisse
1411 1174 1450 1202 αῖ)
1471 1177 1540 1203 istis
1559 1178 1673 1205 stadiis
1693 1179 1882 1214 confitentur
1901 1179 2055 1207 adnotaui.

173 1218 285 1256 Neque
302 1220 405 1243 tamen
424 1214 579 1251 uolgatam
598 1213 691 1242 huius
710 1214 773 1242 loci
793 1214 979 1252 scripturam
998 1215 1154 1245 inmutare
1175 1228 1243 1246 sum
1263 1229 1362 1248 ausus.

246 1269 367 1297 Uerum
386 1265 587 1295 uehementer
607 1266 795 1304 cauendum,
821 1276 861 1294 ne
889 1273 1073 1306 propterea,
1101 1269 1185 1307 qnod
1203 1270 1237 1299 in
1259 1272 1440 1310 quibusdam
1460 1273 1537 1302 locis
1558 1285 1728 1313 paucorum
1746 1277 1817 1305 fam.
1837 1277 1948 1305 tertiae
1968 1278 2056 1306 codi-

173 1327 243 1347 oum
262 1315 445 1344 auctoritate
464 1314 560 1343 uerba
582 1314 747 1350 eiecimus,
781 1323 858 1352 quae
878 1314 912 1343 in
931 1315 1061 1353 reliquis
1082 1316 1173 1346 libris
1194 1319 1338 1348 omnibus
1358 1320 1475 1358 scripta
1494 1327 1619 1359 extant,
1647 1323 1681 1351 in
1702 1334 1765 1353 eam
1787 1323 1965 1353 delabamur
1984 1335 2057 1354 scn-

172 1364 318 1398 tentiam,
337 1367 387 1398 ut,
416 1372 492 1400 quae
512 1363 608 1390 uerba
627 1362 660 1390 in
681 1361 824 1390 omnibus
844 1362 910 1390 fere
937 1363 1007 1391 sam.
1028 1363 1140 1392 tertiae
1168 1365 1329 1394 codicibus
1351 1367 1462 1396 omissa
1481 1369 1657 1405 uideamus,
1695 1371 1762 1398 51110
1783 1371 1979 1400 dubitatione
2000 1382 2056 1400 ex-

172 1410 316 1450 pellenda
335 1419 521 1434 censeamus.
560 1409 642 1433 Nam
669 1418 739 1433 eum
766 1408 839 1434 illut
864 1419 957 1445 supra
982 1410 1108 1447 planum
1135 1412 1176 1441 sit
1202 1413 1336 1450 factum,
1368 1423 1433 1441 11011
1459 1425 1573 1453 pauca,
1601 1426 1678 1454 quac
1707 1427 1747 1445 ex
1773 1417 1870 1455 ipsius
1892 1419 1982 1447 Tulli
2003 1430 2057 1448 ore

170 1457 294 1487 uenisse
313 1453 410 1483 uerba
428 1457 586 1488 certumst,
606 1453 639 1480 in
659 1451 733 1480 solis
754 1452 915 1480 codicibus
934 1455 1008 1482 Bau.
1029 1462 1061 1483 et
1080 1458 1147 1484 Erf.
1169 1466 1290 1486 seruata
1310 1469 1391 1487 esse:
1417 1470 1492 1489 num
1511 1466 1597 1490 recte
1617 1465 1648 1489 et
1667 1460 1777 1488 ordine
1797 1468 1874 1499 aget,
1895 1464 1958 1502 qui,
1980 1476 2057 1503 quae

172 1505 269 1534 uerba
288 1512 358 1531 cum
376 1501 402 1529 B
423 1505 455 1527 et
473 1499 499 1527 E
522 1509 600 1527 unus
620 1498 673 1526 1101
692 1498 797 1537 plures
816 1499 887 1528 fam.
908 1500 1020 1529 tertiae
1040 1502 1163 1532 codices
1184 1504 1316 1541 addunt,
1338 1516 1404 1535 eam
1427 1507 1523 1536 solam
1543 1508 1582 1536 ob
1604 1518 1748 1545 caussam,
1769 1510 1851 1547 quod
1872 1511 1909 1539 ad
1929 1517 2056 1540 senten-

171 1552 234 1582 tiae
254 1548 463 1587 integritatem
482 1556 547 1574 11011
566 1556 693 1585 prorsus
713 1545 776 1574 sint
797 1547 982 1584 necessaria,
1007 1559 1065 1588 pro
1094 1550 1243 1582 insiticiis
1263 1553 1414 1582 habebit?
1435 1554 1532 1582 Immo
1553 1555 1697 1593 equidem
1716 1566 1780 1584 11011
1805 1567 1934 1593 uereor,
1962 1568 2001 1586 ne
2022 1559 2056 1588 in

170 1597 334 1628 hominum
355 1595 516 1623 doctorum
535 1592 810 1631 reprehensionem
838 1593 1009 1632 incurram,
1037 1598 1108 1635 qui,
1139 1610 1215 1638 quae
1235 1601 1331 1629 uerba
1349 1611 1430 1629 unus
1450 1607 1502 1630 aut
1521 1601 1626 1640 plures
1654 1603 1725 1632 fam.
1745 1604 1857 1632 tertiae
1877 1605 1965 1633 codd.
1986 1616 2055 1635 cum

171 1647 198 1675 B
219 1650 250 1673 et
268 1644 295 1671 E
316 1642 517 1679 adgnoscam,
537 1640 598 1668 11151
619 1640 720 1678 grauis
741 1641 864 1670 accedat
882 1642 1136 1681 interpolationis
1156 1648 1309 1687 suspicio,
1329 1659 1346 1676 a
1366 1648 1474 1676 Tullio
1495 1649 1610 1688 scripta
1631 1660 1696 1678 esse
1715 1651 1908 1680 contendam.
1947 1652 2055 1691 Itaque

173 1702 237 1722 11011
264 1689 451 1719 dubitabunt
476 1698 542 1716 mea
570 1687 725 1716 sententia
751 1688 851 1717 futuri
878 1689 1030 1728 editores,
1059 1693 1133 1730 quin
1155 1705 1231 1732 quae
1251 1695 1481 1724 Laurentianus
1508 1697 1620 1726 tertius
1641 1697 1715 1737 (Le)
1734 1699 1768 1728 in
1787 1699 1887 1728 tribus
1908 1699 1957 1728 his
1977 1700 2054 1729 locis

174 1750 243 1769 eum
262 1739 288 1766 B
308 1741 340 1766 et
358 1736 385 1764 E
406 1736 502 1764 uerba
522 1735 623 1772 addit,
644 1735 779 1765 orationi
801 1736 968 1765 Tullianae
988 1748 1059 1766 011111
1080 1739 1203 1770 Orellio
1223 1742 1374 1771 infel-mn:

248 1795 284 1825 C.
303 1794 361 1824 VI.
382 1792 410 1833 §.
433 1794 475 1822 15.
515 1794 604 1821 cedat
629 1794 788 1822 consulari
812 1796 922 1832 generi
942 1799 1158 1835 praetoriam,
1195 1810 1250 1828 nec
1276 1800 1443 1828 contendat
1462 1811 1533 1829 cum
1546 1805 1706 1839 praetorio
1733 1806 1891 1834 nomine
1920 1812 2055 1844 equester

174 1847 268 1875 heus.
308 1842 358 1870 Sic
377 1842 420 1877 B,
440 1841 484 1877 E,
504 1846 536 1869 ct
555 1841 617 1878 Lc3
637 1841 752 1879 reliqui
773 1843 895 1870 nomine
916 1843 1073 1873 omittunt.

249 1891 284 1920 C.
303 1889 362 1918 VI.
380 1886 408 1928 §.
431 1888 474 1917 16.
513 1898 569 1916 cm·
589 1893 625 1917 tu
643 1889 687 1917 id
704 1889 739 1918 in
759 1889 874 1918 iudicio
895 1893 1057 1928 exprimis,
1087 1895 1170 1932 quod
1187 1906 1248 1923 non
1269 1896 1317 1932 fit
1335 1897 1370 1924 in
1389 1896 1522 1934 campo?
1556 1896 1607 1924 Sic
1626 1897 1669 1934 B,
1688 1897 1734 1934 E,
1755 1903 1786 1927 ct
1805 1898 1868 1937 Lc3
1887 1900 2003 1939 reliqui
2021 1902 2058 1930 id

176 1938 333 1968 omittunt

251 1985 286 2014 C.
305 1983 466 2012 XXVIII.
486 1983 514 2023 §.
536 1982 581 2022 69.
621 1986 746 2022 quaeris
765 1995 786 2013 a
806 1994 870 2022 me,
891 1986 994 2020 Cassi,
1015 1988 1094 2024 quid
1105 1998 1167 2025 pro
1178 1989 1289 2026 fratre
1309 2001 1373 2018 meo
1393 2006 1431 2011 —
1450 1992 1602 2028 amplius,
1624 2002 1718 2031 quam
1745 1994 1851 2031 quod
1873 2004 1932 2032 pro
1951 1995 2055 2022 Plan-

176 2035 223 2063 cio
235 2033 346 2072 facio,
357 2031 469 2069 faeere
482 2033 608 2069 possim.
649 2032 700 2060 Sic
719 2032 763 2069 B,
782 2032 827 2068 E,
848 2036 880 2060 et
898 2032 962 2070 Lc3
984 2034 1098 2073 reliqui
1119 2037 1203 2074 quod
1219 2037 1376 2066 omittunt.

250 2095 355 2132 Atque
374 2092 408 2120 in
426 2093 560 2122 secundo
588 2099 619 2123 et
643 2094 738 2123 tertio
765 2093 879 2123 horum
905 2094 1047 2125 loeoriun
1074 2107 1164 2126 nemo
1190 2108 1254 2127 non
1279 2099 1451 2138 intellegit,
1485 2112 1575 2140 quam
1595 2102 1680 2130 sacili
1700 2113 1807 2132 errore
1827 2105 1862 2133 id
1880 2108 1950 2132 ante
1970 2105 2005 2132 in
2025 2108 2057 2132 et

178 2142 260 2182 quod
275 2145 348 2180 post
367 2149 461 2178 qaam
479 2141 641 2179 potuerint
660 2142 814 2171 excidere.
841 2142 878 2170 In
898 2143 1000 2181 primo
1020 2143 1090 2173 loco
1113 2145 1172 2173 etsi
1191 2146 1354 2176 Ernestius
1374 2150 1497 2176 nomine
1518 2149 1694 2186 glossatoris
1714 2152 1838 2190 putauit.
1859 2161 1934 2187 esse,
1954 2155 2057 2179 tmuen

177 2200 232 2229 030
252 2189 309 2218 uix
328 2187 412 2217 salua
430 2187 584 2217 sententia
603 2189 707 2218 omitti
726 2200 817 2229 posse
837 2190 980 2220 arbitror.
1019 2192 1101 2221 Nam
1121 2193 1193 2221 illut
1218 2194 1354 2232 primum
1381 2200 1551 2234 apcrtumst
1569 2198 1697 2235 probari
1724 2199 1810 2227 nullo
1838 2203 1928 2237 pacto
1956 2208 2057 2236 posse,

174 2237 261 2276 quod
279 2235 443 2264 Ernestius
462 2235 586 2274 posuit,
605 2236 769 2266 adnotans:
789 2237 876 2275 „E1-f.
896 2243 967 2278 post
982 2242 1142 2277 praetorio
1162 2240 1248 2269 addit
1268 2244 1405 2276 nomine,
1426 2253 1489 2271 11011
1509 2244 1606 2281 bcne;
1635 2250 1670 2273 ut
1690 2251 1779 2274 antea
1795 2257 1895 2284 genus
1915 2250 1962 2274 est
1981 2257 2058 2274 con-

177 2294 270 2314 mune
289 2282 433 2321 utrique,
468 2282 512 2310 sic
532 2281 583 2311 hic
603 2284 696 2313 locus.
734 2284 792 2314 Est
819 2286 1031 2325 glossatoris.“
1070 2287 1168 2316 Immo
1189 2287 1215 2316 si
1236 2299 1299 2317 non
1327 2289 1496 2319 addidisset
1517 2292 1628 2320 Cicero
1649 2296 1788 2327 nomine,
1814 2293 1851 2321 ad
1871 2293 2058 2323 adiectiuom

176 2333 333 2370 praetorio
351 2340 415 2358 11011
432 2334 540 2368 posset
553 2329 631 2358 aliut
646 2341 760 2361 nomen
779 2344 868 2372 quam
881 2337 1008 2372 generis
1028 2336 1178 2375 suppleri.
1198 2335 1331 2365 Accedit
1344 2338 1427 2376 quod
1446 2339 1533 2367 locus
1546 2342 1728 2377 praetorius
1742 2340 1881 2370 inaudita
1899 2341 2057 2387 locutiost,

182 2388 272 2417 quam
289 2387 369 2416 nego
390 2384 534 2416 umquam
554 2377 729 2419 aRomanis
746 2387 922 2420 usurpatam
939 2392 1014 2411 esse.
1034 2383 1134 2411 Recte
1150 2383 1267 2413 dicitur
1287 2385 1372 2414 locus
1393 2392 1539 2424 equester,
1560 2391 1605 2414 set
1619 2397 1682 2414 non
1703 2387 1819 2417 dicitur
1839 2389 1925 2418 loeus
1946 2400 2057 2418 consu-

179 2427 258 2455 laris
275 2435 311 2454 eo
322 2435 423 2462 sensu,
440 2436 500 2464 quo
518 2426 603 2454 locas
620 2433 758 2465 equester
775 2427 905 2457 dicitur:
925 2438 994 2459 nam
1012 2430 1095 2468 quod
1110 2430 1226 2460 dicitur
1242 2433 1307 2462 loco
1323 2434 1483 2462 consulari
1499 2435 1685 2463 sententiam
1695 2435 1795 2465 dicere
1811 2435 1981 2476 (Cic.Phil.
1995 2437 2020 2474 Ι,
2030 2437 2058 2473 6,
