2185 2720
96 155 150 183 160
739 141 1316 175 COMMENTARIUS.

99 235 180 256 uero
208 220 403 253 dissentiunt
429 220 463 251 in
488 220 630 251 Oratore
653 228 681 248 c.
704 216 776 258 45„
807 217 866 249 ubi
888 218 970 250 haec
991 217 1171 249 habemus:
1208 221 1247 249 nt
1270 216 1444 255 duellum,
1474 215 1619 256 bellum,
1651 224 1684 250 et
1705 219 1803 258 duis,
1831 218 1901 257 bis,
1929 219 1979 250 sic

100 276 283 311 Duellium
306 286 400 312 eum,
431 274 490 316 qui
513 274 645 305 Poenos
668 272 776 303 classe
797 272 945 310 deuicit,
975 271 1132 304 Bellium
1154 270 1440 308 nominatim-emt,
1473 282 1574 313 quom
1598 271 1790 313 superiores
1811 272 1982 315 appellati

102 334 213 362 essent
235 338 366 370 semper
389 326 535 358 Duellii.
579 324 723 357 Ursinus
745 331 856 355 autem
879 323 919 354 ad
943 335 971 354 c.
998 324 1044 355 15.
1069 322 1108 353 (10
1133 322 1263 353 Senect.
1287 321 1472 355 Duellium
1493 322 1609 360 habet,
1640 323 1765 364 inquit,
1789 325 1916 355 anticus
1938 324 1983 355 li-

101 383 180 421 ber,
215 387 243 412 et
276 381 321 410 iia
350 378 535 410 scribebant
563 378 703 420 antiqui.
749 378 872 418 Neque
900 376 995 408 aliter
1027 375 1153 406 codices
1182 374 1337 416 plerique
1361 375 1516 414 Liuiani3
1555 374 1633 406 uide
1655 375 1760 406 Drak.
1789 376 1828 407 ad
1851 377 1900 415 II,
1931 376 1983 408 58.

103 436 172 473 III,
194 434 245 465 54.
269 433 348 463 item
373 430 487 463 Ualeri
510 431 665 462 Maxumi
689 431 757 469 111,
782 431 816 467 6,
841 430 872 461 4.
918 428 1165 471 Quinctilianus
1187 426 1325 465 accedit,
1364 427 1421 469 qui
1451 428 1476 459 Ι.
1501 427 1607 459 Iustit.
1632 428 1725 459 Orat.
1749 427 1780 459 4.
1802 439 1837 470 Ρ.
1859 428 1912 459 44.
1941 439 1985 460 ex

105 487 222 520 Tullio
246 485 292 516 sic
316 483 429 514 habet:
455 482 548 525 fecit
571 496 611 515 ex
634 484 749 514 duello
774 483 917 521 bellam,
946 482 1036 514 uncle
1061 480 1219 513 Duellios
1243 480 1385 523 quidam
1407 480 1520 512 dicere
1541 481 1674 513 Bellios
1697 482 1787 514 misi.
1832 481 1916 512 Tres
1938 481 1986 512 ibi

104 547 233 573 tautum
262 537 340 569 libri
362 537 522 575 Duilios,
557 535 671 566 nullus
693 536 818 567 Bilios.
864 535 962 567 Alter
987 540 1033 565 est
1059 533 1207 564 eiusdem
1230 532 1323 563 locus
1347 533 1381 572 I,
1409 545 1438 575 7.
1462 544 1496 576 p.
1521 533 1594 575 87„
1632 533 1691 564 ubi
1715 533 1908 564 columnam
1928 544 1989 564 ro-

106 599 239 625 stratam
267 596 450 628 memorat,
484 600 571 632 quae
601 594 649 619 est
674 588 708 620 C.
730 588 873 620 Duellio
903 589 939 620 in
957 586 1042 631 foro
1067 587 1198 630 posita.
1241 586 1290 617 Ita
1311 585 1470 628 scriptum
1496 586 1596 617 etiam
1621 585 1657 616 in
1684 592 1822 628 optumo
1845 585 1988 617 Pontani

107 646 219 677 codice
249 649 384 674 testatur
406 642 543 683 Pighius
573 640 615 671 Τ.
640 640 683 671 ΙΙ.
715 640 840 672 Anual.
865 652 900 683 p.
925 641 995 672 24..
1042 638 1226 672 Uarietates
1254 644 1366 669 tamen
1390 637 1519 679 aliquot
1544 639 1669 670 Duilio
1693 638 1817 670 fauent.
1861 638 1988 670 Eadem

106 699 142 730 in
165 709 200 729 re
225 695 356 727 Plinius
377 695 476 725 XVI.
500 694 546 725 H.
568 694 613 724 N.
640 693 691 734 59.
719 693 899 732 XXXIV,
937 694 966 725 5.
993 703 1098 733 usque
1121 691 1160 722 ad
1183 691 1397 722 Hartluinum
1427 691 1461 723 C.
1485 692 1646 730 chellio3
1683 691 1824 722 mutauit
1845 692 1921 730 ille,
1951 697 1989 723 ut

106 752 142 783 in
171 748 289 781 Seiuio
322 746 361 777 ad
390 747 492 788 Uerg.
522 746 586 777 XI.
618 745 760 777 Aeneid.
792 747 863 778 206.
894 747 1116 777 Burmannus.
1162 743 1253 775 Idem
1282 744 1318 774 111
1347 743 1464 774 Tacito
1495 744 1539 775 II.
1567 744 1694 775 Annal.
1723 744 1793 786 49„
1831 744 1990 777 Ammia-

106 816 153 836 no
176 800 320 839 XXVI,
345 799 374 830 5.
409 799 550 840 aliisque
574 798 714 837 factum,
750 800 844 830 nulla
868 799 1025 830 uarietate
1054 803 1174 828 notata.
1219 798 1308 828 Nam
1335 808 1402 839 quo
1425 802 1576 839 tempore
1599 797 1635 828 in
1657 798 1760 828 Fastis
1783 809 1886 839 quom
1908 808 1990 828 con-

107 855 272 889 sularibus
295 859 367 884 tum
390 851 649 893 triumphalibus
672 850 708 882 C.
730 851 960 884 DUILIUS.
984 850 1140 881 inuentus
1163 855 1219 887 est,
1243 849 1275 880 id
1302 849 1368 880 uiri
1391 849 1477 880 docti
1499 850 1607 881 statim
1631 851 1862 893 arripuerunt3
1887 860 1991 892 quom

110 909 244 953 quidem
276 917 314 937 ea
343 904 477 946 scriptio
509 915 579 934 non
602 903 702 934 niodo
722 903 841 943 Liuio,
880 914 998 935 uerum
1029 902 1126 933 etiam
1153 901 1307 933 Ciceroni
1337 902 1524 934 conueniat.
1570 903 1736 934 Graeuius
1768 909 1800 934 et
1831 904 1991 935 Ernestus

109 971 309 994 consensum
333 958 484 988 codicum
506 956 604 987 ueriti
626 962 721 994 sunt,
746 968 845 997 quem
868 963 916 988 tot
938 956 996 987 alii
1018 956 1124 986 multo
1147 960 1222 985 ante
1245 961 1521 997 contempserant.
1568 956 1661 997 Quin
1688 956 1787 986 etiam
1810 967 1913 997 quom
1936 967 1993 987 ea-

110 1015 185 1046 dem
209 1018 312 1043 aetate
344 1021 386 1040 ex
410 1009 475 1040 sori
504 1009 678 1040 ruderibus
708 1009 879 1051 inscriptio
910 1009 969 1039 illa
996 1007 1174 1051 prodierit,
1215 1018 1299 1048 quae
1327 1007 1363 1038 in
1386 1008 1456 1038 basi
1482 1008 1661 1039 Duiliauae
1684 1009 1861 1038 columnae
1888 1007 1992 1039 incisa

110 1068 227 1100 fuerat,
252 1063 362 1106 primo
388 1063 479 1093 illius
503 1062 668 1092 uersiculo
693 1062 852 1093 extritum
876 1072 1001 1093 nomen
1024 1072 1043 1091 a
1065 1059 1242 1092 Ciacconio
1266 1060 1452 1091 restitutum
1474 1067 1518 1091 est
1543 1060 1576 1092 C.
1591 1060 1770 1091 BILIOS.
1814 1060 1886 1101 Ego
1907 1071 1991 1091 uero

110 1121 143 1152 id
170 1119 272 1151 fuisse
305 1127 374 1147 non
405 1115 556 1145 arbitror.
603 1115 693 1145 Nam
720 1115 791 1145 eius
816 1114 990 1153 uersiculi,
1030 1114 1087 1155 qui
1110 1119 1190 1155 aput
1211 1112 1368 1155 Lipsium
1400 1119 1431 1143 et
1455 1113 1590 1144 Gruter.
1619 1123 1654 1154 Ρ.
1677 1112 1858 1144 CCCCIV.
1890 1111 1993 1154 plane

110 1174 217 1210 deest,
256 1170 291 1201 in
323 1168 481 1210 exemplo
510 1166 710 1198 Lafreriano
739 1167 802 1198 hae
833 1175 910 1200 sunt
939 1166 1120 1208 reliquiae,
1159 1167 1197 1197 C.
1221 1167 1253 1197 D
1257 1187 1398 1197 .....
1424 1166 1473 1197 Μ.
1497 1166 1535 1196 F.
1558 1165 1606 1198 M.
1629 1166 1673 1196 N.
1699 1165 1725 1195 C
1751 1187 1759 1195 .
1783 1187 1793 1195 .
1817 1186 1826 1196 .
1848 1165 1892 1196 L.
1937 1164 1994 1195 Set

111 1236 221 1267 neque
244 1224 305 1254 hac
329 1221 366 1251 de
390 1232 425 1252 re
450 1230 589 1261 quaero,
620 1230 729 1260 neque
752 1219 790 1250 de
814 1226 981 1262 tempore,
1013 1232 1079 1262 quo
1102 1218 1249 1250 nominis
1272 1218 1447 1250 inmutatio
1471 1218 1655 1260 contigerit.
1701 1216 1802 1259 Quod
1824 1216 1915 1247 enim
1937 1227 1994 1248 ca-

111 1286 174 1325 put
197 1283 253 1315 est,
277 1284 461 1315 numquam
485 1272 556 1314 ipse
580 1282 694 1313 passus
717 1278 799 1303 esset
818 1273 955 1304 Duilius
977 1273 1012 1304 in
1035 1278 1254 1304 monumento
1277 1272 1413 1314 publico
1437 1272 1564 1303 Bilium
1586 1282 1621 1301 se
1643 1270 1682 1301 ad
1704 1269 1797 1312 uolgi
1819 1268 1996 1301 arbitrium

114 1328 294 1365 nominari.
339 1327 393 1358 Sic
419 1325 535 1361 Atilii,
561 1324 618 1366 qui
645 1325 778 1355 Serrani
801 1325 902 1366 uolgo
925 1325 1194 1368 appellabantur,
1222 1325 1373 1357 Saranos
1397 1336 1430 1355 se
1452 1324 1487 1355 iu
1512 1323 1659 1355 nummis
1684 1323 1855 1364 titulisque
1876 1321 1997 1353 inscri-

114 1384 249 1417 bebant.
293 1379 433 1411 Deuarii
463 1378 596 1420 quidem
626 1378 772 1418 argentei
795 1378 997 1409 Saranorum
1027 1378 1062 1409 in
1092 1385 1232 1410 aetatem
1262 1378 1413 1409 incidunt
1440 1377 1545 1419 ipsius
1576 1375 1692 1413 Dui1i3
1714 1381 1781 1409 ,set
1809 1375 1895 1417 lapis
1915 1380 1995 1417 aput

115 1435 293 1471 INIaffeium
323 1433 410 1464 Mus.
442 1432 568 1463 Ueron.
597 1442 631 1472 p.
660 1431 784 1462 CVIII.
815 1430 938 1461 saeculi
967 1437 1013 1461 est
1041 1430 1081 1461 ab
1112 1432 1154 1463 U.
1187 1431 1224 1462 C.
1254 1429 1409 1473 septumi.
1453 1428 1663 1461 Probabilius
1695 1427 1807 1469 itaque
1834 1439 1853 1459 a
1875 1427 1994 1470 Pighio

117 1488 292 1532 suppletur
314 1484 362 1515 ibi
384 1480 607 1522 DUILIOS‚
649 1494 748 1525 quem
771 1484 923 1515 Donatus
945 1483 984 1514 de
1007 1484 1088 1514 urbe
1109 1483 1220 1514 Roma
1243 1484 1284 1522 II,
1311 1495 1340 1525 7.
1363 1494 1397 1525 Ρ.
1425 1483 1494 1514 151.
1520 1488 1552 1513 et
1573 1482 1631 1512 alii
1652 1487 1818 1512 secuntur.
1861 1482 1952 1513 Nam
1976 1481 2000 1514 I

117 1538 368 1583 longiusculum
392 1547 461 1566 nou
484 1536 582 1567 modo
606 1536 640 1567 111
664 1536 769 1567 Fastis
791 1548 831 1567 eo
852 1537 926 1567 loco
951 1542 1055 1574 extat,
1082 1547 1201 1567 uerum
1227 1536 1325 1567 etiam
1348 1536 1383 1567 iu
1406 1536 1519 1567 eadem
1544 1536 1601 1566 illa
1623 1534 1850 1576 inscriptione,
1874 1533 1911 1563 in
1933 1543 1999 1575 qua

118 1596 170 1627 bis
196 1589 399 1625 PRIMUS.
423 1596 594 1620 exaratum
618 1596 675 1621 est.
722 1588 821 1630 Quod
855 1589 989 1630 quidem
1014 1589 1238 1632 suspicionem
1270 1589 1425 1621 Ciacconi
1454 1589 1652 1631 conprobat,
1691 1586 1906 1628 archetypam
1928 1597 1999 1617 non

121 1658 191 1679 0330
213 1645 325 1681 illam,
361 1647 409 1672 set
433 1643 628 1673 restitutam.
675 1643 889 1684 Quamquam
919 1642 1009 1673 enim
1039 1642 1119 1673 haec
1151 1642 1307 1685 distingui
1338 1641 1545 1684 temporibus
1574 1646 1722 1670 accurate
1751 1649 1820 1669 non
1848 1643 1998 1679 possunt,

121 1699 254 1731 uidetur
278 1702 388 1726 tamen
421 1693 453 1723 id
476 1694 607 1736 siguum
630 1694 783 1727 Duiliani
810 1706 879 1725 11011
903 1706 971 1726 0330
992 1695 1168 1738 temporis,
1203 1706 1268 1737 quo
1299 1695 1393 1736 signo
1416 1706 1478 1736 pro
1501 1694 1560 1725 EI
1577 1692 1685 1735 posito
1710 1697 1741 1721 et
1763 1690 1941 1721 contractio
1967 1697 1999 1722 et

123 1750 287 1795 quantitas
309 1746 481 1778 indicatur.
526 1748 712 1790 Antiquior
733 1747 866 1789 scriptio
890 1747 968 1785 fuit,
993 1757 1164 1779 ΓΒΕ-11113
1189 1756 1329 1778 mmmm
1355 1756 1487 1778 cnlms.
1511 1745 1684 1788 posterior,
1708 1744 1856 1774 wilm-s.
1879 1742 1997 1774 mILlA.

125 1805 257 1840 cIms.;
289 1799 401 1845 *mitto
428 1800 526 1842 plura
551 1801 654 1831 doctis
678 1801 869 1831 notissuma.
914 1800 973 1831 Est
996 1800 1096 1842 igitur
1118 1800 1318 1838 uerisimile,
1349 1800 1384 1831 in
1411 1798 1479 1829 basi
1503 1798 1679 1829 columnae
1706 1808 1724 1826 a
1744 1794 1855 1838 primo
1885 1794 1998 1835 fuisse,

125 1867 157 1889 c.
184 1862 372 1887 DsElLlos.
416 1853 464 1883 lta
490 1854 523 1883 iu
549 1854 777 1884 celeberrumo
802 1852 907 1894 gentis
929 1852 1048 1884 Didiae
1070 1865 1229 1892 nummo,
1259 1854 1315 1895 qui
1339 1853 1378 1883 ad
1401 1863 1479 1882 eum
1497 1850 1653 1887 Didium,
1684 1848 1723 1879 (10
1746 1860 1812 1890 quo
1836 1859 1919 1880 mox
1940 1849 1999 1880 Ci-

125 1922 216 1947 cero,
242 1905 448 1938 eruditorum
472 1907 689 1938 consensione
711 1905 877 1945 refertur,
899 1912 946 1936 set
970 1911 1016 1936 est
1037 1905 1174 1936 fortasse
1197 1905 1376 1942 uetustior,
1400 1904 1520 1945 legitur
1544 1913 1578 1933 T.
1602 1911 1734 1940 DEIDL,
1766 1911 1869 1942 quom
1891 1901 1927 1931 111
1949 1901 2000 1932 al-

124 1970 196 1995 tero
220 1958 405 2004 posteriore
434 1958 474 1989 sit
497 1968 531 1989 T.
558 1968 652 1990 mm.
677 1967 771 1997 mr„
811 1964 842 1989 et
863 1958 897 1989 111
922 1958 1026 1989 Fastis
1049 1958 1198 2000 utrisque
1225 1968 1258 1989 T.
1282 1958 1443 1995 ulmus„
1480 1956 1516 1986 in
1541 1954 1661 1997 quibus
1684 1953 1783 1984 etiam
1807 1965 1850 1984 ex
1873 1955 2000 1987 Leiuio

124 2016 264 2048 LIt'n's.
299 2023 341 2043 ex
370 2012 517 2044 Peisone
547 2011 641 2041 1³1so.
672 2016 703 2041 et
730 2010 795 2041 alia
825 2010 988 2041 similiter.
1032 2011 1071 2041 In
1101 2010 1249 2041 nummis
1280 2019 1464 2041 SERLTJLI.
1486 2014 1577 2045 sunt,
1614 2005 1671 2048 qui
1697 2012 1811 2047 postea
1836 2007 2001 2040 Seruilii.-

125 2068 204 2101 uide
226 2065 349 2098 Raschi
371 2065 490 2097 Lexic.
514 2065 557 2096 T.
579 2065 642 2097 IV.
665 2075 699 2106 Ρ.
722 2063 766 2094 ΙΙ.
793 2074 826 2106 Ρ.
849 2064 937 2104 755..
981 2064 1035 2095 De
1058 2063 1236 2105 quantitate
1260 2063 1321 2094 Sili
1344 2073 1459 2093 uersus
1474 2061 1536 2100 VI,
1564 2060 1636 2091 665.
1650 2058 1799 2090 dubitare
1821 2070 1892 2092 nou
1913 2060 2000 2100 sinit,

723 2121 866 2149 Exuuias
886 2121 993 2148 Marti
1018 2120 1190 2158 donuquie
1209 2121 1341 2149 Duilius
1361 2120 1426 2148 alto

725 2168 809 2195 Ante
828 2170 926 2196 omnis
945 2178 1047 2196 mersa
1066 2170 1242 2196 Poenorum
1262 2169 1359 2196 classe
1379 2166 1512 2195 dicabat.

127 2236 199 2268 Iam
221 2245 303 2265 uero
330 2243 433 2274 quom
455 2231 562 2263 littera
585 2230 630 2264 L.
652 2229 817 2272 geminata
838 2230 875 2261 111
899 2229 963 2260 1100
982 2229 1130 2268 nomine,
1180 2229 1268 2271 quod
1298 2229 1331 2260 in
1354 2231 1503 2262 millenis
1533 2229 1607 2261 aliis
1636 2235 1683 2260 est
1713 2229 1854 2267 sactum,
1899 2239 2002 2259 num-

131 2299 231 2330 quam
262 2285 377 2323 fuerit,
410 2291 446 2316 ut
478 2284 648 2316 luculento
672 2284 844 2314 Fastorum
873 2281 1062 2314 testimonio
1093 2283 1322 2325 conperimus3
1358 2284 1445 2315 nihil
1467 2289 1577 2314 autem
1606 2283 1646 2313 sit
1671 2281 1876 2324 frequentius
1902 2292 2002 2322 quam

128 2342 313 2374 litterarum
340 2339 363 2370 I
383 2344 415 2369 et
438 2338 471 2369 L
494 2336 716 2380 permutatim
747 2341 847 2378 atque
870 2335 934 2366 hoc
955 2334 1036 2366 adeo
1059 2333 1093 2365 in
1117 2335 1254 2367 nomine
1277 2336 1363 2368 nihil
1387 2336 1533 2367 facilius:
1567 2335 1732 2368 Duellius
1753 2333 1824 2375 ipsa
1844 2340 1891 2364 est
1915 2335 2004 2366 anti-

131 2405 197 2436 qua
222 2391 359 2432 scriptio
382 2390 559 2422 Dueilius.
602 2390 679 2420 Hoc
708 2400 776 2420 non
808 2401 848 2419 eo
869 2388 961 2427 dico,
1001 2393 1039 2419 nt
1070 2388 1260 2427 restituam3
1296 2389 1405 2420 nolim
1432 2388 1603 2431 profecto,
1644 2385 1773 2417 etiamsi
1797 2386 1932 2417 Tullius
1957 2387 2003 2418 ita

129 2444 308 2488 εει-11130111.
353 2443 411 2473 Set
438 2443 524 2473 mira
553 2447 601 2473 est
622 2441 785 2474 MSorum
814 2452 891 2473 cum
921 2441 1103 2473 remotiore
1125 2442 1324 2484 antiquitate
1353 2441 1545 2473 consensio:
1586 2439 1761 2471 fortuitam
1790 2438 1876 2470 dicas
1902 2439 1999 2478 licet3
