2185 2720
124 150 179 178 206
766 135 1343 168 COMMENTARIUS.

124 215 205 259 quid
228 215 343 248 forum
367 215 490 254 deceat,
516 225 613 246 nosse
636 213 755 254 debes3
780 213 809 245 si
833 213 922 245 nihil
943 212 1043 253 aliut,
1065 218 1153 243 certe
1175 223 1271 251 usus,
1294 210 1493 253 adsiduitas,
1517 212 1680 255 laborque
1700 212 1844 245 forensis
1867 212 1987 244 docere

123 276 157 301 te
179 269 312 310 debuit,
335 267 530 301 huiusmodi
551 267 696 310 argutias
719 278 789 298 esse
811 265 1004 297 mittendas.
1049 265 1141 297 Tum
1163 263 1248 295 aliut
1268 263 1460 295 Laterensis
1484 263 1611 296 dictum
1633 266 1712 297 huic
1734 271 1804 297 tam
1825 264 1988 296 concinne

124 323 313 365 subiungit,
340 328 379 353 ut
401 320 442 352 de
464 332 524 352 sua
545 320 618 364 ipse
639 320 797 352 facultate
820 318 955 350 dicendi
976 323 1123 350 recusset
1144 316 1256 358 loqui,
1279 317 1496 348 Laterensem
1518 317 1667 358 inludat,
1697 318 1792 360 quasi
1815 316 1906 360 quod
1929 317 1987 348 uel

124 375 160 406 in
184 374 260 406 foro
284 374 395 405 dicere
416 373 585 416 potuerit,
609 373 803 405 discendum
827 371 940 403 Rhodi
961 370 1099 415 putarit.
1143 369 1262 402 Rhodi
1284 369 1394 409 enim,
1424 370 1557 414 inquit,
1578 383 1647 403 non
1659 369 1736 414 fai.
1778 370 1904 402 Rhodii
1925 381 1986 402 au-

125 435 194 460 tem
217 434 365 459 oratores
391 426 547 458 dicuntur
569 426 605 457 in
619 426 724 457 Bruto
751 425 800 457 15.
823 426 976 457 saniores
999 430 1031 457 et
1052 423 1253 457 Atticorum
1273 423 1457 454 similiores
1465 435 1478 463 ‚⁰
1498 434 1599 465 seque
1622 422 1704 454 ibid.
1727 434 1779 465 91.
1800 422 1848 454 ait
1868 422 1986 454 Cicero

123 492 144 513 a
164 481 304 513 Molone
330 479 446 511 Rhodi
470 484 659 510 correctum
687 478 934 519 melioremque
957 489 995 509 ac
1017 476 1169 508 sobrium
1192 486 1262 506 esse
1284 474 1427 516 factum,
1459 476 1700 519 hominemque
1723 476 1854 515 laudat,
1887 487 1989 520 quom

125 540 275 567 actorem
297 534 333 565 in
356 533 449 565 ueris
472 532 604 564 caussis
626 531 893 575 scriptoremque
909 536 1167 574 praestantem,
1190 535 1264 561 tam
1286 529 1323 561 in
1344 530 1506 561 notandis
1528 529 1911 572 animaduertendisque
1932 528 1989 560 ιιί-

125 588 185 619 tiis
209 592 242 618 et
265 585 476 618 instituendo
496 584 709 627 docendoque
726 584 1060 628 prudentisszmzum.
1085 583 1346 614 GARATONIUS.
1389 582 1472 614 Bau.
1496 582 1630 624 [cumE
1653 588 1687 613 et
1699 582 1756 623 Pc]
1780 593 1844 624 pro
1868 581 1988 612 uideor

123 639 225 671 habet
254 639 411 678 uidetar3
446 648 530 679 quae
550 637 694 668 uarietas
723 642 831 668 totam
852 636 1017 668 sermonis
1046 635 1212 667 rationem
1240 635 1423 675 conuertit,
1460 641 1492 667 et
1513 635 1603 678 quod
1628 640 1724 666 antea
1746 634 1785 665 de
1806 635 1990 666 Laterense

125 692 312 731 dicebatur,
335 690 376 721 ad
399 690 556 722 Tullium
577 689 746 729 transfert,
769 688 869 731 idque
891 700 971 721 sane
991 700 1092 731 quam
1117 687 1340 731 probabiliter
1360 687 1449 720 facit.
1494 688 1590 730 Quae
1611 687 1716 730 igitur
1739 687 1822 719 olim
1843 686 1886 718 ad
1906 686 1989 717 haec

125 743 335 787 explananda
357 742 580 782 contulimus,
619 742 654 774 iu
673 742 815 773 alteram
837 748 967 784 partem
990 740 1215 773 conuertenda
1236 745 1329 780 sunt,
1363 740 1392 772 si
1413 741 1495 772 Bau.
1518 740 1618 772 unius
1647 746 1680 772 at
1702 737 1990 783 praestantissumi

124 798 161 828 in
184 803 324 839 optuma
343 795 488 827 lectione
510 795 624 838 potior
647 801 697 826 est
719 794 811 826 fides.
855 794 1011 827 Modeste
1040 805 1074 826 se
1096 794 1208 837 ipsum
1233 794 1349 826 Cicero
1377 794 1506 827 laboris
1528 798 1561 825 et
1581 792 1662 837 fori
1686 792 1897 837 discipulum
1924 802 1989 823 uo-

125 856 196 888 cat3
236 850 456 881 Laterensem
486 849 746 880 declamatorem
778 859 848 879 esse
878 858 948 878 non
976 846 1073 887 dicit,
1109 852 1160 878 set
1186 858 1265 879 eum
1294 860 1371 880 cum
1399 848 1628 879 declamatore
1656 847 1835 890 disputare
1861 844 1988 883 uideri,

125 904 205 934 dum
234 902 379 944 argutias
410 900 670 934 declamantium
705 906 925 932 consectatur.
971 899 1085 941 Quam
1115 904 1220 938 tecte,
1255 911 1356 942 quam
1385 900 1556 931 molliter!
1599 899 1640 930 In
1663 899 1760 930 Orat.
1788 909 1816 929 c.
1843 898 1892 930 15.
1921 909 1988 928 non

125 956 217 990 enim
239 955 504 987 declamatorem
530 954 681 997 aliquem
710 954 751 986 de
774 953 874 993 ludo,
913 958 977 986 aut
999 951 1156 984 rabulam
1179 953 1220 984 de
1233 952 1338 996 foro,
1370 959 1421 986 set
1438 952 1684 985 doctissumam
1712 957 1746 983 et
1761 949 1990 995 perfectissu-

126 1021 220 1040 mum
242 1008 450 1051 quaerimus.
492 1006 626 1038 Deinde
648 1017 718 1037 non
740 1006 836 1046 dicit,
859 1012 910 1038 set
931 1004 1168 1047 suspicandum
1192 1004 1373 1047 relinquit,
1406 1006 1625 1038 Laterensem
1646 1015 1681 1035 se
1702 1003 1891 1036 Asiaticum
1912 1013 1989 1036 ora—

126 1067 235 1092 torem
257 1060 384 1099 facere,
412 1071 481 1090 non
503 1059 695 1099 Rhodium,
723 1059 758 1090 h.
781 1071 810 1090 e.
835 1059 1021 1098 saniorem,
1049 1063 1088 1088 ut
1111 1057 1193 1090 olim
1217 1058 1438 1096 ostendimus,
1461 1063 1495 1088 et
1516 1056 1639 1089 Atticis
1661 1056 1860 1088 similiorem
1868 1067 1879 1095 3
1911 1066 1989 1088 cum

126 1120 254 1153 tamen,
292 1118 330 1143 ut
353 1118 444 1143 recte
470 1111 638 1143 intellexit
658 1113 685 1144 F
689 1111 842 1152 erratius,
881 1111 1090 1154 eloquentiae
1119 1110 1178 1142 ille
1205 1122 1284 1143 suae
1306 1111 1505 1142 tenuitatem
1535 1115 1704 1149 excusset,
1741 1107 1832 1150 quod
1853 1119 1924 1139 non
1945 1107 1989 1139 ad

127 1177 201 1197 eam
222 1164 475 1208 perdiscendam
500 1164 630 1206 Rhodi,
664 1171 715 1197 set
736 1164 776 1196 ad
798 1164 958 1196 militiam
983 1164 1202 1196 exercendam
1228 1163 1279 1195 bis
1307 1163 1343 1195 in
1364 1163 1526 1206 Bithynia
1546 1161 1659 1194 fuerit.
1693 1162 1797 1193 IDEM.
1841 1161 1898 1192 Ex
1919 1165 1990 1192 tota

128 1219 292 1251 Garatoni
318 1217 544 1261 disputatione
566 1217 708 1249 uerbosa
729 1229 767 1249 ea
791 1224 920 1249 tantum
942 1217 984 1248 ad
1006 1216 1265 1259 intellegendum
1287 1216 1377 1248 hunc
1397 1217 1509 1249 locum
1530 1215 1672 1254 faciunt,
1707 1224 1791 1256 quae
1814 1212 1856 1244 de
1877 1213 1989 1244 uerbis

128 1272 369 1303 declamatoris
399 1276 433 1301 et
454 1270 581 1302 laboris
604 1276 636 1303 et
653 1269 734 1314 fori
755 1271 920 1314 discipuli
942 1270 1136 1314 disputauit.
1181 1269 1327 1311 Reliqua
1353 1268 1479 1311 partim
1507 1267 1615 1299 aliena
1637 1273 1731 1306 sunt,
1767 1266 1892 1309 partim
1919 1277 1989 1297 non

128 1331 219 1357 recte
241 1324 339 1355 dicta.
383 1323 611 1357 Uehementer
634 1329 745 1355 autem
768 1324 894 1355 errauit
916 1324 1059 1363 Bakius,
1082 1323 1250 1365 uolgatam
1273 1322 1471 1365 scripturam
1493 1322 1632 1359 uideor,
1653 1331 1716 1362 pro
1738 1331 1803 1361 qua
1822 1319 1859 1351 in
1881 1320 1925 1360 B,
1947 1320 1990 1360 E,

129 1384 161 1409 et
182 1378 228 1408 Pe
249 1377 442 1409 rectissume
464 1377 605 1409 uidetur
627 1382 691 1416 est,
716 1377 872 1408 tuendam
889 1376 1048 1408 iudicans.
1095 1376 1131 1407 Si
1148 1376 1269 1408 uideor
1292 1375 1426 1417 legitur,
1451 1374 1568 1406 Cicero
1590 1373 1807 1404 Laterensem
1830 1371 1912 1404 dicit
1933 1372 1990 1404 ui-

128 1430 200 1461 deri
223 1430 344 1461 debere
368 1429 642 1469 declamatorem,
665 1441 733 1461 non
755 1430 878 1461 laboris
903 1436 934 1461 et
959 1428 1026 1460 fori
1049 1428 1253 1470 discipulum
1277 1440 1364 1467 esse3
1397 1427 1448 1459 sin
1468 1427 1609 1459 uidetur
1630 1425 1770 1467 legitur,
1795 1424 1912 1457 Cicero
1934 1436 1989 1457 se-

128 1488 199 1514 met
220 1483 332 1525 ipsum
354 1482 538 1514 secundum
561 1494 613 1523 ea,
642 1494 726 1525 quae
748 1483 937 1515 Laterensis
957 1482 1120 1525 disputet,
1151 1481 1426 1519 declamatorem,
1459 1491 1529 1511 non
1549 1478 1674 1510 laboris
1697 1483 1731 1509 et
1751 1477 1819 1510 fori
1841 1478 1989 1522 discipu-

127 1534 201 1566 lum
229 1535 340 1567 uideri
367 1535 487 1566 debere
516 1534 573 1566 ait.
615 1537 687 1568 Iam
717 1548 796 1569 uero
826 1536 978 1578 uolgatae
1007 1535 1193 1577 scripturae
1213 1534 1375 1565 sententia
1399 1533 1548 1576 primum
1575 1537 1756 1574 propterea
1777 1530 1991 1562 alienissuma

129 1589 169 1619 ab
195 1589 259 1620 hoc
284 1589 407 1627 locost,
443 1587 531 1629 quod
558 1588 594 1619 in
624 1595 695 1621 toto
725 1590 789 1621 hoc
812 1589 919 1632 capite
947 1599 1017 1619 non
1041 1588 1157 1619 Cicero
1181 1587 1372 1626 Laterensi,
1409 1591 1459 1617 set
1480 1584 1671 1616 Laterensis
1695 1582 1851 1615 Ciceroni
1879 1582 1990 1614 decla·-

129 1641 243 1672 mandi
267 1641 414 1672 studium
437 1647 470 1672 et
493 1647 601 1673 artem
624 1642 740 1682 obicit,
776 1642 963 1684 Ciceroque
984 1640 1218 1673 tantummodo
1240 1639 1282 1671 ad
1305 1651 1342 1671 ea
1363 1638 1558 1681 respondet,
1591 1648 1635 1668 ex
1657 1636 1777 1677 quibus
1799 1635 1989 1667 Laterensis

131 1705 208 1724 eum
231 1693 487 1725 declamatorem
509 1705 578 1726 esse
602 1694 753 1737 intellegi
774 1706 871 1738 posse
893 1694 1035 1726 monuit.
1079 1693 1312 1736 Exprobrauit
1327 1692 1416 1724 enim
1440 1691 1600 1734 primum,
1627 1688 1715 1730 quod
1734 1687 1856 1719 flebilis
1879 1688 1990 1730 epilo-

129 1759 188 1790 gos
206 1746 315 1778 facere
337 1746 472 1786 soleret,
509 1747 598 1789 quod
620 1748 732 1791 ipsum
754 1747 966 1779 declamantis
990 1753 1056 1786 est,
1088 1746 1205 1778 deinde
1236 1745 1323 1788 quod
1344 1744 1487 1776 nimium
1509 1742 1634 1774 multos
1655 1739 1848 1772 defenderet
1869 1740 1987 1773 eodem

129 1800 190 1831 illo
224 1799 431 1831 declamandi
459 1800 564 1832 studio
595 1801 769 1843 abreptus,
807 1801 951 1843 denique
981 1801 1011 1842 ἓ.
1041 1800 1093 1832 85.
1124 1799 1213 1842 quod
1243 1798 1438 1830 facetiarum
1467 1795 1713 1839 cupidissumus
1741 1798 1837 1825 esset.
1877 1793 1986 1825 Porro

130 1853 238 1883 aliena
259 1849 318 1884 illa
340 1853 532 1885 sententiast
553 1859 693 1896 propter
716 1854 907 1895 sequentia,
929 1854 1049 1886 Rhodi
1071 1853 1177 1892 enim,
1201 1853 1336 1896 inquit,
1357 1863 1419 1895 ego
1442 1863 1508 1883 non
1521 1849 1605 1892 fui,
1628 1854 1706 1886 etc-3
1735 1846 1855 1889 quibus
1876 1846 1988 1878 mani-

130 1904 281 1937 festumst
306 1906 524 1938 Laterensem
554 1906 619 1937 hoc
647 1905 756 1937 dicere
782 1906 948 1947 uoluisse,
989 1906 1188 1938 Ciceronem
1217 1905 1370 1948 profecto
1398 1910 1503 1935 artem
1530 1899 1801 1933 declamatoriam
1828 1899 1988 1942 consequi

130 1958 296 2001 potuisse,
331 1958 456 2001 quippe
485 1958 558 2001 qui,
597 1965 632 1990 ut
654 1970 691 1990 ea
713 1958 922 1999 erudiretur,
953 1959 1115 1991 Rhodum
1137 1959 1178 1990 ad
1200 1958 1426 2001 Apollonium
1448 1956 1623 1988 Molonem
1648 1951 1819 1995 profectus
1848 1951 1900 1983 sit.
1943 1952 1984 1984 In

132 2011 253 2053 quibus
278 2010 390 2042 uerbis
414 2011 508 2043 omni
531 2022 630 2043 sensu
651 2011 815 2054 particula
840 2012 931 2043 enim
953 2018 1095 2052 careret,
1128 2012 1157 2044 si
1179 2013 1299 2044 uideor
1320 2011 1494 2053 legeretur.
1537 2008 1711 2038 Postremo
1734 2015 1795 2047 per
1816 2015 1851 2036 se
1873 2004 1988 2048 inepta

131 2063 190 2095 illa
211 2063 419 2104 sententiast,
455 2064 543 2106 quod
564 2064 754 2096 Laterensis
776 2076 837 2095 nec
859 2064 1067 2096 declamandi
1090 2071 1197 2096 artem
1225 2063 1382 2101 callebat,
1413 2072 1474 2093 nee
1494 2058 1617 2091 laboris
1638 2064 1696 2089 aut
1717 2056 1784 2089 fori
1805 2057 1986 2101 discipulus

132 2123 212 2149 erat.
255 2117 372 2158 Itaque
398 2127 459 2147 nec
480 2116 584 2148 laudis
614 2117 792 2159 quicquam
811 2129 873 2148 nec
894 2116 1151 2159 uituperationis
1174 2116 1209 2147 in
1231 2117 1448 2148 Laterensem
1473 2125 1517 2145 ex
1538 2113 1601 2144 ista
1622 2110 1783 2143 sententia
1806 2109 1987 2142 redundas-

132 2175 192 2201 set.
236 2169 364 2201 Contra
386 2169 504 2201 Cicero
535 2181 613 2201 cum
636 2170 712 2201 iure
740 2181 775 2202 se
802 2176 914 2213 posset
942 2170 1067 2201 laboris
1096 2175 1130 2200 et
1152 2169 1219 2200 fori
1242 2167 1444 2210 discipulum
1472 2165 1682 2209 praedicare,
1719 2174 1818 2205 aegre
1846 2162 1985 2194 debebat

132 2220 236 2261 ferre,
258 2222 305 2252 ita
326 2232 438 2253 secum
459 2222 678 2255 Laterensem
700 2222 888 2266 disputare,
911 2234 949 2254 ac
971 2222 998 2253 si
1020 2233 1149 2253 meram
1172 2220 1380 2252 declamandi
1401 2226 1509 2251 artem
1529 2217 1704 2248 didicisset.

217 2275 247 2315 ξ.
270 2274 323 2306 84.
365 2275 484 2307 Rhodi
504 2277 612 2316 enim,
640 2277 774 2320 inquit,
802 2287 865 2320 ego
886 2288 953 2308 non
966 2275 1049 2319 fui.-
1072 2287 1125 2307 me
1143 2275 1221 2307 uult
1237 2273 1368 2318 fuisse)
1410 2273 1462 2304 Et
1491 2269 1719 2302 uerissime
1748 2271 1915 2300 constat
1939 2265 1984 2297 in

132 2325 269 2368 prima
295 2326 588 2361 adulescentia
609 2330 803 2361 Rhodum
831 2328 1058 2370 nauigasse
1079 2327 1128 2360 M.
1152 2327 1362 2365 Tullium,
1399 2331 1445 2357 ut
1473 2329 1563 2355 arte
1593 2319 1803 2358 oratoria,
1836 2318 1878 2349 in
1907 2328 1983 2360 qua

131 2378 364 2420 insigniter
392 2382 630 2423 praestitit,
664 2381 918 2414 erudiretur
948 2387 1054 2424 aput
1079 2380 1351 2412 notissimum
1382 2378 1555 2410 rhetora
1585 2381 1625 2407 et
1651 2372 1895 2415 magistrum
1923 2370 1983 2402 il-

132 2430 219 2462 lius
251 2433 407 2464 aetatis
436 2435 741 2477 Apollonium,
788 2435 893 2476 [est]
926 2434 998 2476 qui
1026 2433 1142 2465 Molo
1172 2432 1501 2475 cognominatus
1531 2435 1602 2460 est.
1642 2429 1803 2459 SCHOLIA
1824 2423 1981 2454 Ammo-
