2185 2720
103 172 139 199 75
764 156 1328 187 COMMENTARIUS.

194 240 223 280 ξ.
251 237 299 268 15.
344 232 479 277 Inquit)
505 231 651 266 Uidetur
672 230 760 263 mihi
783 231 916 275 inquiet
938 230 1174 269 scribendu1n3
1204 230 1284 261 uide
1305 230 1536 263 antecedentia
1557 239 1591 264 et
1612 236 1795 277 sequemia.

193 288 348 333 Cvrenis)
396 286 443 317 lbi
467 284 661 316 Laterensis
689 291 846 326 quaestor
868 284 945 316 suit.
992 282 1063 315 Cfr.
1088 285 1118 323 §.
1141 283 1192 314 65.

195 344 245 375 Et
268 353 333 385 quo
352 340 434 382 plus
456 339 643 377 intererat,
680 350 718 370 eo
734 338 820 381 plus
842 337 964 369 aberas
986 349 1008 368 a
1031 335 1095 376 me)
1141 334 1240 366 Solus
1263 334 1444 367 VVeiskins
1475 335 1517 366 de
1537 347 1636 368 sensu
1658 337 1783 370 horum
1805 339 1991 371 uerborum

108 395 237 439 atiquid
261 391 454 429 adnotauit,
484 390 525 420 de
543 390 626 433 plus
650 400 809 420 monens:
838 401 911 429 „an
935 388 1100 431 significat
1122 388 1261 431 saepius
1285 399 1363 419 eum
1391 387 1539 421 afuisse?
1573 400 1650 421 nam
1681 402 1745 433 pro
1772 392 1905 423 diutius
1935 399 1990 424 am

110 449 250 491 longius
280 443 363 487 poni
385 453 597 484 nequaquam
619 443 700 485 plus
731 443 882 483 potest.“
928 442 1016 473 Cum
1041 439 1202 473 XYeiskio
1226 439 1306 471 facit
1328 440 1511 480 Wolffins,
1552 442 1610 483 qui
1638 443 1720 485 plag,=
1748 443 1993 484 iuterpretatur

109 501 258 545 saepius.
302 498 352 530 At
374 506 483 537 neque
505 493 588 525 alibi
610 505 775 535 umquam
797 494 948 525 multum
969 493 1084 525 abesse
1106 492 1147 524 ab
1170 493 1288 535 aliquo
1311 504 1350 523 eo
1374 504 1474 524 sensu
1497 492 1673 533 dictumst,
1698 500 1736 525 ut
1758 507 1858 538 saepe
1879 495 1994 529 abesse

109 556 150 589 ab
173 554 291 595 aliquo
314 548 534 591 significaret,
564 557 691 587 neque,
715 545 744 577 si
764 545 821 576 uel
843 557 1004 577 maxume
1028 551 1129 584 esset,
1163 545 1219 576 hic
1241 550 1354 587 potest
1376 544 1505 576 dictum
1527 556 1616 586 esse,
1651 547 1710 578 ubi
1734 546 1995 588 manifestumst,

109 617 211 639 unani
234 604 327 634 illam
351 599 544 632 Laterensis
568 598 753 630 absentiam
775 597 915 640 respici,
951 609 1028 629 cuni
1053 597 1197 639 Cyrenis
1222 603 1379 639 quaestor
1402 604 1498 629 esset.
1542 599 1664 640 Neque
1692 606 1750 631 aut
1772 611 1836 642 pro
1860 600 1996 632 diutius

110 665 168 691 aut
190 668 253 700 pro
278 655 418 698 longius
440 651 545 695 accipi
569 651 651 694 plus
673 656 796 693 potest.
840 650 949 681 Immo
977 662 1053 681 cum
1075 656 1301 692 praegnanter
1328 649 1433 680 uerba
1455 649 1576 682 aberas
1598 663 1620 682 α
1636 662 1689 682 me
1714 650 1802 682 dicta
1831 662 1902 683 esse
1923 663 1998 683 cer-

111 719 183 744 tum
207 709 260 746 sit,
286 708 333 738 ita
354 712 393 737 ut
415 717 485 737 non
509 705 682 736 absentem
707 702 817 734 solum
840 702 1061 734 Laterensem
1084 701 1196 741 fuisse,
1220 708 1280 740 set,
1305 713 1389 743 quae
1411 713 1571 733 maxume
1593 702 1744 744 urgenda
1766 704 1902 743 notiost‚
1926 716 1995 736 non

111 764 287 795 adiuuasse
308 759 477 801 populum
499 757 627 788 uirtute
653 767 712 787 sua
734 753 958 796 significetur,
996 760 1086 786 recte
1108 760 1200 797 patet
1218 755 1301 798 plus
1323 755 1474 797 positum
1498 761 1531 785 et
1553 754 1684 785 notioni
1707 767 1774 787 non
1799 757 1998 788 atliuuandi

112 821 262 860 aptatum
284 822 365 843 esse.
410 813 501 843 Nam
523 815 614 840 recte
637 807 777 846 dicitur,
818 808 968 839 multum
997 807 1148 850 aliquem
1176 808 1359 839 adiuuare.
1403 808 1521 849 ltaque
1546 818 1661 839 sensus
1691 807 1747 838 hic
1769 814 1835 840 est:
1875 815 1908 840 et
1930 821 1996 852 quo

108 870 191 914 Plus
215 867 406 904 intererat,
437 876 489 896 me
513 869 574 895 tua
588 860 673 904 frui
696 861 845 899 uirtute,
871 872 908 892 eo
930 861 1045 892 minus
1068 872 1121 892 me
1144 861 1277 892 uirtute
1300 865 1361 891 tua
1384 860 1568 892 adiuuisti.
1590 877 1633 882 -
1675 860 1835 892 Ceterum
1854 861 1920 895 hoo
1941 861 2008 893 net

114 933 168 954 me
190 930 260 951 non
285 923 445 948 monente
466 915 564 947 facile
587 919 743 956 apparet,
777 912 1081 955 languidissumum
1103 911 1259 943 futurum
1282 910 1550 943 additamentum
1574 910 1695 950 fuisse,
1726 912 1755 942 si
1779 912 1898 944 Cicero
1920 919 1998 944 ante

115 986 180 1019 quo
201 972 282 1016 plus
305 969 471 1000 eiusmodi
495 965 594 1009 quid,
632 965 762 1007 qualest
789 965 879 1007 quod
909 965 1060 996 Orellins
1091 975 1134 995 ex
1156 963 1287 1005 aliquot
1310 963 1519 994 deteriorum
1540 963 1694 998 codicum
1717 964 1903 1007 scriptura,
1941 965 2000 1007 qni

114 1039 175 1059 rur
198 1030 275 1056 ante
299 1035 364 1066 quo
383 1021 524 1058 habent,
549 1017 738 1049 eruendum
760 1017 912 1061 putauit,
936 1017 1056 1049 curari
1078 1028 1146 1054 me,
1168 1015 1353 1047 adiecisset.
1397 1015 1549 1053 Accedit,
1574 1015 1666 1057 quod
1688 1029 1812 1049 curare
1831 1018 1998 1061 populum

114 1091 175 1116 eo,
214 1087 280 1118 quo
304 1075 359 1106 hic
381 1071 615 1115 accipiendum
644 1070 752 1110 soret,
790 1081 891 1102 sensu
911 1069 1037 1101 locutio
1067 1080 1206 1111 prorsus
1230 1068 1378 1099 insolens
1401 1074 1498 1099 esset.
1542 1068 1642 1100 Nihil
1664 1068 1803 1100 omnino
1826 1069 1881 1100 hic
1905 1070 2000 1101 exci-

116 1131 220 1162 disse.
256 1134 289 1159 et
311 1138 412 1158 sensu
434 1125 660 1156 admonemur
683 1129 716 1154 et
739 1127 961 1164 optumorum
984 1122 1138 1153 codicum
1160 1121 1371 1152 auctoritate.

201 1183 298 1214 Certe
322 1186 442 1211 tevnon
464 1176 637 1218 uidebam)
682 1175 737 1207 Sic
759 1173 878 1216 scripsi
900 1174 1118 1205 suadentibus
1143 1173 1329 1205 Garatonio
1353 1178 1387 1204 et
1409 1171 1564 1211 orento,
1604 1177 1643 1202 ut
1664 1171 1786 1213 aliquis
1810 1178 1899 1203 certe
1921 1183 1999 1204 sen-

117 1251 172 1270 sus
196 1234 310 1266 uerbis
333 1232 467 1262 inesset.
511 1231 602 1261 Nam
624 1226 850 1270 neque-quod
871 1227 899 1258 B
923 1232 956 1257 et
980 1227 1007 1257 E
1031 1227 1205 1265 scribunt,
1241 1239 1318 1258 cum
1342 1231 1373 1257 te
1398 1238 1463 1258 non
1487 1225 1663 1262 uidebam,
1696 1235 1806 1265 neque
1830 1235 1914 1266 quae
1940 1224 2000 1255 de-

117 1289 283 1322 teriorum
306 1284 461 1316 codicum
482 1282 697 1324 scriptumst,
721 1286 811 1312 certe
832 1291 899 1311 non
926 1279 1103 1318 uidebant,
1133 1285 1223 1310 recte
1246 1290 1281 1310 se
1303 1278 1413 1310 habet.
1458 1279 1589 1311 Uerum
1615 1287 1653 1308 re
1676 1276 1787 1307 denuo
1811 1276 2001 1319 diligentis—

118 1351 280 1382 sumeque
304 1337 488 1369 deliberata
511 1335 613 1365 etiam
634 1334 729 1372 illut,
767 1331 858 1373 quod
880 1331 996 1374 posui,
1033 1342 1052 1362 a
1077 1331 1240 1363 Cicerone
1262 1343 1332 1363 esse
1354 1331 1518 1374 scriptum
1541 1340 1610 1360 non
1633 1335 1729 1371 puto.
1774 1329 1897 1359 Sensus
1929 1327 2001 1360 eins

120 1395 305 1436 scripturae
328 1389 384 1420 hic
407 1393 507 1418 esset:
532 1393 571 1418 ut
593 1386 717 1418 bonum
741 1391 773 1417 te
794 1390 825 1416 et
839 1383 975 1427 fortem
1001 1384 1118 1416 uirum
1141 1384 1283 1427 Cyrenis
1304 1383 1546 1427 praestiteris,
1572 1393 1678 1424 eaque
1698 1392 1751 1419 re,
1775 1381 1867 1423 quod
1887 1380 2000 1412 iustus

120 1450 155 1481 in
180 1445 286 1478 socios
301 1442 433 1486 fitisti,
457 1441 563 1483 reip.
588 1439 739 1471 utilitati
752 1437 891 1481 fueris,
915 1443 1004 1469 certe
1024 1437 1157 1469 Romae
1180 1449 1246 1469 non
1263 1436 1389 1480 sitisti,
1415 1435 1473 1468 ubi
1493 1436 1574 1479 plus
1596 1434 1683 1466 milii
1698 1433 1863 1477 prodesse
1878 1433 2001 1476 potui-

121 1501 177 1532 sti.
223 1497 273 1529 At
296 1496 376 1527 haec
399 1492 566 1524 sententia
590 1502 658 1521 non
683 1490 842 1520 conuenit
864 1488 1157 1528 antecedentibus,
1191 1489 1311 1531 quibus
1334 1489 1399 1519 hoc
1426 1499 1535 1519 unum
1558 1486 1639 1517 dicit‘
1667 1486 1834 1528 populus,
1870 1495 1905 1515 se
1927 1494 2001 1515 ma-

120 1551 222 1583 luisse
250 1559 350 1589 quam
373 1546 480 1577 socios
503 1545 632 1576 uirtute
654 1542 848 1574 Laterensis
869 1541 957 1580 frui,
986 1541 1020 1572 id
1045 1547 1110 1580 est,
1134 1541 1292 1572 maluisse
1315 1552 1370 1580 se,
1401 1546 1439 1571 ut
1460 1540 1591 1570 Romae
1615 1550 1716 1580 quam
1739 1536 1883 1580 Cyrenis
1906 1541 2001 1567 esset.

121 1602 274 1639 Accedit,
302 1599 393 1642 quod
415 1599 568 1629 minume
590 1595 808 1638 probabilest,
836 1594 864 1625 si
887 1594 923 1625 in
946 1593 1059 1625 codice
1081 1594 1236 1636 principe
1259 1600 1348 1626 certe
1370 1591 1489 1623 fuisset
1510 1590 1671 1634 positum,
1695 1589 1730 1620 id
1752 1588 2004 1631 diligentiorem

121 1657 219 1689 illum
242 1652 440 1690 librarium,
475 1650 532 1692 qui
556 1648 707 1679 codicem
731 1647 901 1685 exarauit,
939 1658 982 1677 ex
1007 1658 1073 1688 quo
1097 1647 1124 1677 Β
1150 1653 1182 1677 et
1205 1647 1233 1678 E
1257 1652 1335 1677 sunt
1358 1644 1444 1683 orti,
1477 1644 1513 1674 in
1534 1656 1609 1675 eum
1634 1649 1666 1675 te
1687 1642 1837 1685 potuisse
1858 1647 2002 1673 mutare.

122 1711 251 1739 Contra
271 1704 379 1736 mutia
401 1708 481 1735 sunt
501 1701 623 1733 menda
645 1700 686 1731 ab
710 1712 749 1731 eo
772 1699 924 1742 profecta
946 1699 1105 1737 librario,
1130 1698 1188 1741 qui
1210 1698 1360 1729 codicem
1383 1696 1534 1739 scripsit,
1557 1706 1599 1725 ex
1624 1706 1690 1735 quo
1713 1693 1861 1724 familiae
1883 1693 2002 1724 tertiae

122 1760 252 1792 codices
284 1756 451 1798 originem
482 1754 666 1785 duxerunt.
710 1754 828 1794 Itaque
860 1751 944 1782 aliut
973 1751 1055 1793 qnid
1086 1751 1122 1782 in
1155 1750 1308 1782 codicum
1338 1748 1513 1791 scripturis
1536 1746 1750 1778 reconditum
1776 1751 1859 1788 puto
1884 1745 2000 1779 latere.

122 1811 372 1848 Hoffmannus,
409 1807 615 1839 necessarius
638 1817 751 1845 meus,
789 1805 991 1837 Ciceronem
1018 1815 1081 1836 cur
1103 1809 1136 1836 te
1158 1815 1225 1835 non
1249 1802 1431 1835 uiclebam?
1468 1799 1640 1843 scripsisse
1668 1798 1862 1831 existumat.
1906 1797 2002 1828 Indi-

123 1870 199 1896 cent
223 1863 291 1894 alii.

210 1916 391 1947 Sitientem
414 1925 466 1945 me
489 1913 635 1944 uirtutis
656 1910 753 1950 tuae)
785 1908 912 1942 Adfert
934 1909 1038 1941 Arns.
1060 1907 1204 1940 Messius
1225 1919 1260 1950 p.
1285 1908 1378 1950 595..

209 1969 333 2000 Petere
356 1966 573 1997 tribunatum
589 1965 642 2008 pl.
667 1963 876 2006 temporibus
905 1962 963 2003 iis)
1010 1961 1132 2003 Coepit
1155 1960 1245 1992 enim
1267 1965 1384 2002 petere
1407 1959 1617 1991 tribunatum
1646 1957 1694 2000 pl.
1719 1957 1860 1988 Caesare
1889 1962 1923 1987 et
1943 1956 2004 1988 Bi-

125 2023 206 2054 bulo
236 2032 317 2051 coss.
340 2030 368 2049 a.
392 2030 426 2049 n.
453 2018 545 2060 694„
588 2016 710 2048 deinde
741 2021 857 2058 petere
887 2013 1033 2052 destitit,
1067 2024 1110 2043 ne
1139 2012 1267 2043 iuraret
1295 2011 1332 2042 in
1354 2011 1519 2053 agrariam
1546 2010 1696 2041 Caesaris
1725 2010 1846 2052 legem.
1866 2043 1868 2045 ,
1890 2008 2001 2042 Huius

125 2075 212 2108 mihi
234 2083 370 2105 sensum
393 2071 460 2102 loci
481 2075 691 2112 aperuerunt
713 2068 818 2099 uerba
840 2065 1013 2098 Ciceronis
1044 2065 1079 2095 in
1103 2065 1191 2106 Epp.
1219 2063 1261 2094 ad
1284 2064 1360 2096 Att.
1383 2064 1434 2102 Π,
1471 2074 1519 2103 17.
1565 2062 1699 2101 Habet,
1739 2061 1868 2104 inquit,
1903 2061 2002 2093 Cam-

126 2141 219 2173 pana
242 2127 296 2158 lex
322 2124 574 2156 execrationem
596 2124 632 2155 in
656 2122 801 2154 coitione
823 2119 1105 2155 candidatorum,
1131 2118 1163 2148 si
1184 2117 1388 2148 mentionem
1401 2115 1575 2158 fecerint,
1606 2127 1672 2158 quo
1692 2115 1797 2147 aliter
1818 2125 1904 2157 ager
1919 2124 2003 2157 pos·
2044 2119 2047 2121 '

128 2182 296 2216 sidentur,
318 2183 421 2219 atque
444 2181 483 2207 ut
505 2187 548 2207 ex
570 2175 706 2220 legibus
730 2173 855 2211 Iuliis,-
878 2183 945 2202 non
968 2169 1130 2201 dubitant
1152 2169 1271 2201 iurare
1293 2169 1397 2200 ceteri
1403 2181 1414 2207 3
1436 2168 1640 2200 Laterensis
1660 2167 1892 2199 existumatur
1914 2169 2003 2197 recte

120 2233 260 2275 fecisse,
287 2229 377 2273 quod
399 2227 618 2260 tribunatum
636 2228 687 2271 pl.
707 2232 823 2270 petere
847 2224 993 2261 destitit,
1017 2234 1059 2254 ne
1081 2223 1226 2253 iuraret.
1267 2220 1384 2261 Atque
1406 2220 1471 2251 hoc
1493 2225 1553 2259 est,
1581 2220 1672 2262 quod
1694 2220 1730 2251 in
1751 2220 1814 2251 hac
1834 2218 1906 2260 ipsa
1927 2227 2006 2247 ora-

130 2285 221 2315 tione
246 2281 335 2313 infra
359 2292 386 2311 c.
409 2279 526 2311 XXII.
556 2282 586 2321 §.
610 2281 661 2311 52.
685 2279 732 2309 ait
755 2278 893 2309 Cicero:
926 2275 998 2308 noli
1019 2275 1246 2312 existumare,
1278 2285 1345 2304 non
1367 2284 1535 2316 magnum
1557 2273 1726 2316 quendam
1746 2276 1875 2303 motum
1887 2267 2005 2311 fuisse

132 2337 229 2369 illius
247 2333 427 2378 petitionis
452 2337 555 2371 tuae,
577 2333 618 2364 de
641 2344 730 2375 qua,
755 2342 796 2362 ne
817 2329 955 2373 aliquid
977 2329 1133 2365 iurares,
1156 2325 1333 2357 destitisti.
1376 2324 1593 2356 MANUTIUS.

217 2388 314 2428 Quae
337 2386 439 2416 istam
458 2385 691 2428 eloquentiam
719 2388 753 2415 et
773 2383 951 2422 [uirtutem
981 2377 1214 2423 requirebant)
1261 2377 1350 2418 Quia
1369 2377 1475 2408 secuti
1497 2383 1576 2408 sunt
1604 2375 1755 2407 consules
1777 2373 1854 2405 Piso
1879 2379 1912 2405 et
1935 2374 2006 2405 Ga-

135 2439 257 2472 binius,
277 2436 335 2478 qui
352 2436 496 2469 salutem
507 2436 678 2469 Ciceronis
693 2441 809 2467 contra
820 2440 969 2465 mentem
984 2438 1117 2463 senatus
1134 2437 1167 2462 et
1181 2430 1349 2462 bonorum
1367 2429 1519 2461 omnium
1533 2427 1768 2471 prodiderunt.
1792 2426 2009 2458 MANUTlts.
