2185 2720
71 170 107 197 54
619 162 665 192 M.
692 161 854 192 TULLI
886 161 1172 191 CICERONIS
1202 160 1406 190 ORATIO

70 243 193 278 status,
239 236 413 269 inclinatio
436 243 642 280 temporum,
689 237 776 269 ratio
807 237 1007 269 concordiae
1036 238 1240 280 postularet,
1285 247 1356 268 esse
1379 233 1542 266 defensas.
1589 236 1692 277 Quod
1715 248 1775 279 ego
1799 241 1833 268 et
1853 232 1952 273 facio,

70 290 280 330 Laterensis,
305 297 339 322 et
360 301 494 333 semper
516 288 653 330 faciam,
677 290 956 333 libertatemque,
982 302 1083 332 quam
1106 296 1142 321 tu
1165 289 1199 320 in
1223 300 1278 320 me
1300 288 1465 330 requiris,
1499 299 1600 330 quam
1623 299 1683 330 ego
1706 300 1816 331 neque
1839 285 1953 319 dimisi

70 354 234 385 umquam
256 355 366 385 neque
390 343 575 382 dimittam,
597 354 668 374 non
690 343 725 374 in
748 343 950 385 pertinacia,
974 350 1025 375 set
1047 344 1083 374 in
1107 341 1251 384 quadam
1275 340 1510 372 moderatione
1531 340 1677 383 positam
1698 342 1836 383 putabo.

26 405 60 434 95
155 401 234 433 XL.
258 403 360 433 Nunc
381 401 482 432 uenio
506 400 549 432 ad
571 401 650 432 illut
668 407 880 441 extremum,
912 401 1004 444 quod
1028 400 1161 439 dixisti,
1193 399 1274 430 dum
1296 398 1412 430 Planci
1437 398 1472 429 in
1494 409 1549 429 me
1571 398 1734 429 meritum
1755 397 1868 428 uerbis
1891 408 1956 429 ex-

70 453 238 493 tollerem,
262 465 317 484 me
339 465 451 485 arcem
474 452 585 484 facere
609 464 626 484 e
642 453 752 485 cloaca
774 453 993 496 lapidemque
1013 465 1030 484 e
1045 452 1225 495 sepulchro
1248 450 1406 482 uenerari
1428 462 1491 493 pro
1516 450 1597 489 deo3
1621 461 1732 492 neque
1754 449 1845 480 enim
1866 449 1954 480 mihi

69 505 269 537 insidiarum
292 506 485 548 periculum
508 506 619 536 ullum
639 516 751 547 neque
773 506 894 538 mortis
918 506 1033 537 fuisse.
1081 504 1186 537 Cuius
1204 515 1264 545 ego
1281 503 1444 546 temporis
1465 502 1634 534 rationem
1654 502 1830 546 explicabo
1846 501 1956 539 breui,

69 569 181 600 neque
203 559 349 590 inuitus:
387 559 475 590 nihil
499 559 590 590 euim
614 570 657 589 ex
681 558 764 589 meis
788 565 838 590 est
860 558 1091 601 temporibus,
1132 556 1223 599 quod
1245 556 1358 587 minus
1387 561 1626 598 peruagatum,
1664 555 1823 598 quodque
1844 553 1957 586 minus

69 616 128 641 aut
150 622 226 642 mea
248 612 560 643 conmemoratione
583 611 790 642 celebratum
811 612 855 643 sit
877 617 935 642 aut
957 610 1152 642 hominibus
1178 608 1332 639 auditum
1356 614 1456 650 atque
1478 613 1610 640 notum.
1654 609 1727 651 Ego
1755 607 1860 646 euim,
1887 607 1960 638 La-

70 664 228 703 terensis,
254 676 296 696 ex
319 665 379 696 illo
403 664 560 696 incendio
578 664 710 706 legum,
735 664 837 704 iuris,
860 670 1005 702 senatus,
1030 663 1200 693 bonorum
1223 661 1377 692 omnium
1401 660 1538 699 cedens,
1563 672 1640 692 cum
1661 672 1737 692 mea
1759 660 1878 691 domus
1901 670 1960 690 ar-

71 714 156 746 dore
178 728 238 748 suo
264 716 540 759 deflagrationem
563 716 641 747 urbi
665 723 766 758 atque
789 716 904 747 Italiae
927 715 991 747 toti
1013 715 1220 754 minaretur,
1247 713 1312 744 nisi
1336 713 1556 756 quieuissem,
1580 713 1730 745 Siciliam
1754 711 1863 756 petiui
1882 710 1959 742 ani-

70 779 145 808 mo,
183 780 267 810 quae
291 777 324 801 et
346 771 419 813 ipsa
443 776 514 801 erat
535 769 622 800 mihi
644 768 731 800 sicut
753 768 872 800 domus
895 779 964 799 una
986 768 1164 798 coniuncta
1194 773 1227 798 et
1250 766 1466 797 obtinebatur
1488 777 1507 796 a
1530 766 1568 797 C.
1592 766 1767 808 Uergilio,
1809 775 1956 808 quocum

71 832 127 851 me
150 833 218 852 uno
241 823 297 853 uel
319 834 480 854 maxume
505 833 581 852 cum
607 827 772 861 uetustas,
803 827 878 852 tum
904 820 1068 859 amicitia,
1100 831 1176 851 cum
1198 819 1267 851 mei
1290 818 1405 850 fratris
1429 819 1596 861 conlegia,
1630 824 1704 850 tum
1729 819 1779 850 rei
1801 817 1957 861 publicae

25 880 60 908 96
73 885 186 904 caussa
207 876 360 906 sociarat.
400 875 488 908 Uide
511 885 601 905 nunc
624 874 801 916 caliginem
825 880 1021 916 temporum
1040 873 1192 904 illorum.
1230 873 1316 904 Cum
1338 872 1410 914 ipsa
1431 883 1539 914 paene
1561 872 1671 903 insula
1693 871 1779 903 mihi
1801 882 1872 903 sese
1894 869 1958 901 ob-

71 925 163 956 uiam
187 925 278 958 ferre
301 928 421 967 uellet,
451 933 590 970 praetor
615 927 691 966 ille,
722 926 873 957 eiusdem
896 926 1027 957 tribuni
1049 925 1140 968 plebi
1162 925 1376 957 contionibus
1399 931 1542 967 propter
1565 924 1706 955 eandem
1729 923 1780 955 rei
1801 922 1957 966 publicae

72 989 221 1010 caussam
243 992 341 1023 saepe
363 987 523 1020 uexatus,
555 980 644 1011 nihil
666 979 811 1022 amplius
836 978 929 1020 dico,
964 979 1049 1011 nisi:
1090 990 1146 1010 me
1166 980 1203 1010 in
1226 978 1375 1010 Siciliam
1398 977 1516 1008 uenire
1539 977 1660 1008 noluit.
1705 976 1798 1018 Quid
1822 975 1957 1007 dicam?

146 1137 320 1178 inclinatio)
344 1142 405 1177 Ma,
421 1143 482 1178 Mc,
504 1143 559 1179 La,
580 1143 640 1180 Lb,
661 1144 718 1180 Le,
738 1144 790 1179 Pa,
805 1144 861 1180 Pb,
875 1145 928 1180 Pe,
948 1144 989 1180 D,
1011 1143 1050 1179 O,
1073 1144 1107 1179 C,
1124 1143 1166 1179 H,
1185 1143 1222 1179 T,
1236 1153 1263 1178 ς,
1286 1151 1334 1180 χι,
1350 1142 1378 1178 3,
1394 1149 1427 1180 ψ,
1449 1141 1540 1177 Pith„
1564 1144 1595 1169 et
1616 1140 1657 1169 ΡΙ
1681 1140 1880 1178 indignati05
1898 1139 1955 1168 Mb

71 1189 103 1213 ct
122 1185 206 1214 Uict.
226 1198 243 1215 a
264 1190 414 1224 conditio,
442 1196 489 1219 set
511 1191 542 1218 in
563 1192 619 1220 Mb
639 1202 656 1219 a
674 1202 713 1220 m.
734 1202 792 1221 sec.
813 1203 931 1230 supers.
953 1194 993 1221 al.
1013 1193 1202 1230 indignatio.
1221 1205 1258 1213 ·-
1294 1188 1481 1229 temporum)
1509 1190 1537 1217 T
1559 1190 1712 1226 temporis.
1731 1203 1769 1208 —
1807 1186 1958 1224 defensas)

71 1232 122 1260 Sic
144 1234 168 1261 B
190 1240 220 1262 et
240 1235 285 1272 E,
308 1237 351 1265 Pb
373 1243 403 1266 ct
424 1239 467 1266 Pe
489 1240 660 1277 defendam
684 1240 780 1268 ceteri
801 1240 1020 1278 defendendas.
1040 1255 1079 1260 —

147 1282 252 1322 Quod)
272 1284 318 1312 Le
339 1296 424 1322 qaas.
444 1302 482 1307 --
519 1287 769 1326 libertatemque)
796 1288 848 1323 Pa,
870 1288 904 1323 C,
925 1292 955 1315 et
976 1288 1009 1315 H
1029 1286 1211 1314 libertatem.
1229 1300 1268 1306 —-
1307 1294 1396 1322 quam
1416 1288 1451 1311 tu
1471 1283 1503 1311 in
1523 1282 1584 1323 me)
1612 1284 1663 1312 Sic
1683 1284 1708 1312 Β
1730 1288 1760 1312 et
1779 1283 1823 1321 E;
1859 1283 1958 1313 ceteri

72 1338 166 1413 quaSn
185 1332 219 1358 in
239 1342 292 1360 me.
313 1348 350 1353 —-
389 1333 457 1371 ego)
476 1335 531 1363 Mb
554 1340 584 1363 et
603 1344 622 1365 ς
643 1346 702 1364 om.
721 1351 760 1356 --
797 1336 953 1374 umquam)
981 1336 1019 1373 χό
1046 1345 1105 1363 om.
1124 1348 1163 1355 -·
1199 1330 1383 1371 pertinacia)
1410 1332 1454 1360 Pa
1473 1336 1504 1359 ct
1523 1332 1553 1359 D
1572 1335 1774 1369 pertinentia.
1793 1345 1833 1353 —·
1868 1331 1959 1371 posi-

70 1379 131 1403 tam
171 1377 218 1404 La
233 1382 346 1414 posila.
365 1397 402 1403 .-

148 1423 180 1452 C·
202 1425 274 1454 XL.
301 1426 329 1466 ᾗ.
349 1430 394 1466 95.
423 1429 529 1465 uenio)
548 1431 600 1458 Mc
621 1441 701 1459 uero.
721 1445 760 1452 —-
799 1428 892 1468 qnod)
916 1430 941 1457 B
963 1435 995 1458 et
1015 1429 1041 1457 E
1066 1432 1099 1458 in
1120 1439 1186 1467 quo.
1205 1443 1244 1448 —-
1282 1425 1402 1464 dixisti)
1428 1426 1452 1454 C
1473 1427 1546 1455 dixi.
1564 1443 1603 1448 —
1640 1425 1773 1465 Plancii)
1791 1427 1835 1455 Pa
1853 1427 1958 1455 Plan-

72 1472 163 1500 cium.
183 1488 221 1493 —-
259 1475 417 1515 meritum)
445 1478 469 1505 C
498 1480 624 1505 meritis.
645 1493 683 1499 ·—-
720 1476 781 1515 me)
808 1478 845 1515 23
872 1488 929 1505 om.
954 1492 993 1499 —·
1033 1478 1066 1513 c)
1094 1477 1145 1504 Sic
1173 1477 1198 1504 B
1226 1481 1257 1504 ct
1282 1476 1325 1511 Ἐς
1362 1473 1460 1502 ceteri
1488 1484 1532 1502 ex.
1558 1490 1597 1495 --
1635 1475 1749 1514 cloaca)
1775 1476 1818 1503 Pa
1844 1475 1957 1508 oleata,

71 1518 113 1547 PC
134 1520 243 1550 eloica.
263 1537 301 1543 -—-
340 1524 548 1564 lapidemque)
567 1526 628 1560 Ma,
648 1525 713 1561 Mb,
740 1525 795 1560 Le,
822 1525 863 1560 D,
883 1525 925 1559 H,
945 1535 972 1559 ς,
992 1534 1039 1562 χι,
1068 1529 1098 1552 et
1118 1531 1144 1562 ψ
1164 1524 1311 1561 lapidem.
1330 1538 1369 1544 —
1407 1521 1436 1559 e)
1455 1523 1507 1550 Mc
1527 1528 1557 1550 et
1577 1533 1607 1559 e,
1640 1523 1690 1551 Lb
1712 1535 1754 1551 ex.
1773 1537 1811 1545 —·
1847 1520 1959 1561 unum)

71 1567 110 1604 23
131 1569 262 1598 nullum.
283 1587 320 1592 -—-
358 1583 458 1611 neque
479 1572 554 1611 inu.)
577 1574 628 1602 Mc
650 1579 742 1611 atque
763 1574 892 1601 inuitus.
912 1586 951 1591 ——-

147 1614 251 1650 Nihil)
270 1619 331 1654 Ma,
352 1621 417 1655 Mb,
438 1626 469 1648 et
489 1621 519 1648 D
540 1621 610 1649 Nil.
628 1636 666 1642 —
706 1630 744 1649 ex
764 1621 839 1648 meis
861 1625 907 1647 est
927 1618 1032 1657 temp.)
1059 1618 1085 1646 E
1107 1625 1151 1647 est
1172 1630 1207 1647 ex
1226 1621 1300 1648 meis
1321 1625 1428 1656 temp.,
1455 1620 1498 1647 Pa
1525 1631 1561 1647 ex
1580 1620 1656 1647 meis
1675 1624 1779 1656 temp..
1799 1632 1836 1640 ·--
1874 1618 1958 1656 quod

72 1661 137 1701 mi.)
156 1664 200 1691 Pb
223 1670 253 1693 et
268 1667 309 1694 Pe
330 1668 408 1704 qnid
424 1671 532 1697 minas.
548 1684 586 1690 —-
624 1669 839 1707 peruagatuui)
859 1667 968 1696 Lamb.
990 1667 1086 1694 libros
1109 1666 1254 1704 quosdam
1270 1668 1497 1704 peruulgatam
1519 1665 1633 1693 habere
1654 1666 1690 1693 :ul
1711 1665 1878 1703 marginem
1896 1675 1957 1693 no-

71 1710 158 1739 tauit·
175 1727 213 1733 -·
251 1723 317 1741 mea
344 1725 441 1744 conm.
469 1715 669 1754 celebratum)
695 1717 758 1751 Mc,
783 1717 837 1751 La,
861 1715 896 1750 C,
923 1726 949 1749 ς,
977 1724 1024 1752 χι,
1046 1719 1076 1742 et
1098 1722 1122 1752 ψ
1148 1725 1215 1742 mea
1235 1714 1437 1742 celebratione
1456 1715 1740 1741 commemoratione
1759 1712 1956 1748 celebratum,

71 1763 118 1786 set
137 1758 169 1786 in
190 1760 237 1787 La
256 1771 321 1799 sup.
348 1763 533 1791 celebratum
553 1774 607 1792 scr.
628 1769 911 1797 commemoratum,
939 1767 969 1790 et
988 1762 1020 1789 in
1041 1762 1065 1789 C
1086 1765 1113 1790 is
1133 1772 1225 1800 super
1246 1774 1260 1790 e
1279 1761 1429 1800 positum3
1460 1762 1492 1789 H
1513 1772 1580 1789 mea
1600 1761 1802 1789 celebratione
1824 1769 1955 1788 comme-

72 1809 242 1836 moratione
262 1817 529 1839 commemoratum
537 1823 548 1845 ,·
572 1812 633 1846 Ma,
654 1812 719 1847 Mb,
739 1812 796 1847 Lc,
818 1817 847 1839 et
868 1811 898 1838 D
919 1820 987 1838 mea
1008 1810 1212 1838 celebratione
1232 1814 1500 1838 commemoratam
1510 1819 1522 1843 ,·
1543 1809 1562 1836 S
1583 1819 1650 1837 mea
1670 1809 1955 1837 commemoratione

73 1863 350 1886 commemoratam.
364 1873 402 1878 —
441 1857 641 1893 celebratum)
661 1860 699 1896 χ3
719 1860 899 1888 celebratur.
919 1874 957 1880 ·—-

147 1903 214 1941 Ego
235 1905 328 1943 enim)
349 1907 401 1934 Ma
421 1907 560 1941 Etenim,
589 1906 639 1933 Lb
659 1907 733 1943 Ego.
752 1921 790 1928 ·—
829 1905 879 1942 ex)
902 1907 947 1934 Pb
969 1917 1030 1936 om.
1049 1923 1088 1928 —
1125 1906 1219 1940 iuris,
1249 1903 1385 1943 senatus)
1415 1906 1476 1939 Ma,
1497 1905 1561 1939 Mb,
1582 1905 1635 1939 Le,
1656 1908 1686 1932 et
1706 1904 1736 1930 D
1757 1909 1884 1932 senatus
1903 1905 1956 1932 ἱιι-

72 1952 126 1979 ris.
146 1967 184 1973 —
221 1952 343 1991 cedens)
364 1953 406 1980 Pa
425 1954 519 1981 cedes.
538 1968 576 1974 —
615 1952 696 1989 cum)
722 1955 774 1982 Mc
796 1958 827 1981 ct
848 1954 871 1982 C
892 1960 967 1982 lum.
988 1970 1025 1976 —
1063 1953 1148 1990 urbi)
1174 1955 1226 1982 Mc
1247 1957 1278 1980 et
1299 1952 1322 1980 C
1346 1952 1438 1980 urbis.
1458 1968 1495 1973 —-
1534 1951 1731 1991 quieuisscm)
1758 1962 1791 1990 χι
1816 1954 1956 1990 quaesis-

73 2010 151 2036 sem,
187 2001 230 2029 Pb
260 2006 291 2028 et
308 2001 348 2028 Pe
379 2002 606 2038 qaaesiuissem.
627 2016 665 2022 —-
704 2000 854 2039 Sicssiam)
881 2002 934 2029 Ma
961 2004 1173 2040 sreiliamrsae.
1193 2015 1231 2022 —-
1269 1999 1347 2038 ipsa)
1376 2001 1428 2028 Ma
1449 2005 1479 2028 et
1499 2000 1523 2028 C
1552 2011 1666 2028 0111-—-
1705 2002 1780 2038 erat)
1802 2011 1820 2032 ς
1840 2011 1898 2029 om.
1918 2014 1956 2022 —·

72 2047 289 2084 obtinebatur)
309 2049 355 2075 La
375 2053 406 2075 ct
427 2055 450 2085 ψ
470 2047 711 2084 opprimebatur,
737 2053 783 2076 set
804 2049 836 2076 in
856 2048 903 2076 La
923 2060 1039 2087 supers.
1061 2049 1280 2083 obtinebam,-
1306 2048 1333 2075 T
1355 2047 1534 2075 obtinebam.
1553 2063 1592 2068 -—-
1632 2049 1665 2077 C.
1682 2047 1837 2087 Uergilio)
1858 2048 1908 2076 Sic
1928 2049 1954 2076 B

73 2100 104 2123 et
124 2095 167 2131 E;
200 2096 294 2124 ceteri
317 2097 347 2124 C.
373 2096 515 2132 Uirgilio.
536 2110 574 2116 --
614 2094 757 2132 quocum)
785 2095 808 2123 C
833 2100 862 2123 et
883 2097 914 2123 H
942 2108 1000 2134 qno
1022 2104 1095 2126 tam.
1116 2113 1155 2118 —
1195 2095 1276 2134 cum)
1305 2095 1355 2122 Sic
1376 2095 1410 2129 B,
1431 2095 1467 2127 E,
1492 2096 1553 2131 Ma,
1573 2097 1638 2131 Mb,
1660 2098 1721 2131 Mc,
1742 2097 1795 2132 La,
1820 2096 1880 2132 Lb,
1896 2096 1953 2130 Lc,

71 2142 124 2177 Pa,
148 2142 203 2177 Pb,
225 2143 275 2178 Pe,
302 2143 339 2177 O,
360 2143 402 2177 II,
423 2147 453 2170 ct
475 2142 519 2178 T,
547 2143 641 2170 ceteri
663 2150 738 2171 lam.
757 2159 795 2166 --
832 2148 987 2181 uetustas,
1014 2145 1091 2181 tum)
1118 2145 1168 2172 Sic
1188 2145 1232 2181 E3
1261 2145 1295 2178 B,
1316 2144 1377 2176 Ma,
1398 2142 1457 2177 Lb5
1479 2143 1533 2178 Lc,
1555 2145 1604 2179 I'a,
1625 2144 1665 2179 D,
1688 2144 1726 2179 O,
1748 2144 1787 2179 G,
1808 2143 1842 2178 C,
1862 2143 1903 2178 Η,
1924 2142 1954 2177 S,

72 2199 99 2224 ς,
119 2199 166 2227 χι,
185 2191 212 2225 3,
234 2198 268 2227 ψ,
289 2195 319 2218 et
338 2191 388 2218 Br.
404 2200 419 2216 a
434 2199 481 2227 pr.
501 2199 592 2217 manu
613 2196 824 2222 uetustatunm
846 2192 900 2226 La,
921 2193 977 2228 Pb,
998 2198 1028 2220 et
1048 2194 1089 2221 Pc
1111 2198 1235 2220 uetusta
1260 2198 1344 2225 tam,
1363 2192 1414 2219 Mc
1435 2197 1645 2225 zieltlslatanz;
1665 2191 1761 2220 ceteri
1781 2195 1954 2219 uetusta.—

72 2246 141 2263 cum
161 2236 233 2273 mei)
254 2238 304 2265 Sic
317 2238 354 2272 E,
374 2237 429 2271 La,
450 2236 510 2271 Lb,
531 2238 578 2271 Pa,
599 2243 629 2265 et
651 2237 697 2273 G;
720 2239 764 2266 Pb
787 2244 817 2266 et
833 2239 874 2266 Pc
895 2246 961 2267 tam
982 2243 1076 2275 meis,·
1097 2239 1192 2268 ceteri
1215 2245 1280 2266 lum
1300 2240 1366 2266 mei.
1382 2254 1420 2259 —
1459 2239 1600 2278 collegia)
1620 2241 1658 2277 χῖ)
1678 2241 1801 2276 collega.
1815 2253 1853 2260 —-
1875 2236 1954 2274 tum)

71 2283 120 2312 La
139 2289 170 2311 et
189 2285 230 2312 Pc
251 2296 326 2313 eum.
346 2299 384 2304 —
421 2283 467 2311 rei
489 2284 631 2322 publicae
653 2284 753 2324 causa)
779 2286 830 2314 Sic
850 2286 875 2314 B
899 2292 930 2315 et
950 2287 992 2324 E,
1029 2287 1126 2315 ceteri
1145 2296 1192 2315 res
1206 2286 1345 2323 publica.
1364 2300 1403 2305 ·—
1440 2285 1583 2324 sociarat)
1603 2288 1651 2315 La
1669 2288 1799 2314 sociaret
1824 2295 1892 2313 cum
1912 2284 1951 2323 gl.

69 2333 222 2365 sociarat,
244 2333 267 2360 C
288 2334 435 2366 sociaret,
455 2332 494 2369 23
514 2342 571 2359 om.
591 2347 628 2353 ·—-

147 2377 174 2418 §.
190 2378 235 2416 96.
256 2377 349 2415 Udo)
369 2380 415 2406 La
436 2383 466 2406 et
485 2379 523 2416 753
549 2380 631 2415 L‘icli,
653 2385 699 2408 sct
719 2380 751 2408 in
767 2382 811 2409 La
831 2392 948 2419 supers.
971 2383 1050 2411 uide.
1070 2396 1108 2403 --
1146 2380 1240 2419 nunc)
1260 2381 1284 2408 B
1307 2391 1372 2416 on13
1392 2379 1447 2409 Mb
1471 2392 1554 2411 nam.
1568 2397 1606 2405 --
1644 2380 1785 2420 praetor)
1805 2379 1865 2415 Ma,
1886 2379 1952 2416 Mb,

71 2426 127 2461 La,
154 2425 214 2461 Lb,
242 2426 297 2461 Lc,
327 2427 382 2460 Pb,
410 2427 460 2459 Pc,
489 2426 531 2459 D,
555 2427 589 2461 C,
617 2427 659 2462 H,
689 2428 726 2463 T,
753 2439 780 2463 ς,
801 2435 831 2456 ct
852 2439 886 2467 χι
905 2436 1008 2467 pater.
1027 2446 1066 2450 —
1105 2427 1254 2467 ciusdem)
1281 2428 1305 2457 C
1333 2431 1398 2457 eius
1424 2430 1468 2457 cle.
1491 2445 1528 2451 --
1565 2427 1696 2466 tribuni)
1724 2428 1769 2456 La
1798 2426 1951 2464 tribunus,

70 2483 105 2512 χι
129 2473 238 2502 tribus.
257 2487 296 2494 ·—·
334 2473 472 2511 eandem)
491 2483 526 2511 χι
550 2484 626 2503 eam.
646 2490 684 2496 —
721 2475 794 2514 nisi)
813 2476 845 2504 ΙΙ
866 2487 925 2504 om.
946 2492 983 2496 —
1022 2475 1067 2515 in)
1086 2486 1120 2514 χι
1145 2487 1203 2504 om.
1222 2492 1260 2499 —-
