<?xml version="1.0" encoding="UTF-8"?>
<!DOCTYPE html PUBLIC "-//W3C//DTD XHTML 1.0 Transitional//EN"
    "http://www.w3.org/TR/xhtml1/DTD/xhtml1-transitional.dtd">
<html xmlns="http://www.w3.org/1999/xhtml" xml:lang="en" lang="en">
 <head>
  <title>
</title>
<meta http-equiv="Content-Type" content="text/html;charset=utf-8" />
  <meta name='ocr-system' content='tesseract 3.04.00' />
  <meta name='ocr-capabilities' content='ocr_page ocr_carea ocr_par ocr_line ocrx_word'/>
</head>
<body>
  <div class='ocr_page' id='page_1' title='image "./oratioprocnplanc00ciceuoft/oratioprocnplanc00ciceuoft_0189.png"; bbox 0 0 2185 2720; ppageno 0'>
   <div class='ocr_carea' id='block_1_1' title="bbox 930 128 2039 170">
    <p class='ocr_par' dir='ltr' id='par_1_1' title="bbox 930 128 2039 170">
     <span class='ocr_line' id='line_1_1' title="bbox 930 128 2039 170; baseline 0.011 -14"><span class='ocrx_word' id='word_1_1' title='bbox 930 128 1063 158; x_wconf 83' lang='lat' dir='ltr'><strong>CAP.</strong></span> <span class='ocrx_word' id='word_1_2' title='bbox 1102 129 1254 170; x_wconf 78' lang='lat' dir='ltr'><strong>V.§.12.</strong></span> <span class='ocrx_word' id='word_1_3' title='bbox 2004 142 2039 168; x_wconf 83' lang='lat'><strong>73</strong></span> 
     </span>
    </p>
   </div>
   <div class='ocr_carea' id='block_1_2' title="bbox 122 202 2036 2502">
    <p class='ocr_par' dir='ltr' id='par_1_2' title="bbox 131 202 2036 1401">
     <span class='ocr_line' id='line_1_2' title="bbox 147 202 2036 251; baseline 0.003 -13"><span class='ocrx_word' id='word_1_4' title='bbox 147 206 319 250; x_wconf 80' lang='lat' dir='ltr'><em>inperium</em></span> <span class='ocrx_word' id='word_1_5' title='bbox 342 205 375 237; x_wconf 86' lang='lat' dir='ltr'><strong>ei</strong></span> <span class='ocrx_word' id='word_1_6' title='bbox 395 203 612 247; x_wconf 77' lang='lat' dir='ltr'><strong>abrogatum.</strong></span> <span class='ocrx_word' id='word_1_7' title='bbox 655 203 715 236; x_wconf 89' lang='lat' dir='ltr'><strong>An</strong></span> <span class='ocrx_word' id='word_1_8' title='bbox 736 209 814 246; x_wconf 90' lang='lat' dir='ltr'><strong>post</strong></span> <span class='ocrx_word' id='word_1_9' title='bbox 835 202 974 235; x_wconf 87' lang='lat' dir='ltr'><strong>alteram</strong></span> <span class='ocrx_word' id='word_1_10' title='bbox 999 204 1169 246; x_wconf 80' lang='lat' dir='ltr'><strong>repulsam</strong></span> <span class='ocrx_word' id='word_1_11' title='bbox 1192 202 1369 234; x_wconf 78' lang='lat' dir='ltr'><strong>biennium</strong></span> <span class='ocrx_word' id='word_1_12' title='bbox 1392 203 1495 237; x_wconf 83' lang='lat' dir='ltr'><strong>iacuit</strong></span> <span class='ocrx_word' id='word_1_13' title='bbox 1521 208 1672 247; x_wconf 81' lang='lat' dir='ltr'>Catulus,</span> <span class='ocrx_word' id='word_1_14' title='bbox 1696 214 1730 240; x_wconf 84' lang='lat' dir='ltr'><strong>et</strong></span> <span class='ocrx_word' id='word_1_15' title='bbox 1751 215 1870 251; x_wconf 85' lang='lat' dir='ltr'><strong>petere</strong></span> <span class='ocrx_word' id='word_1_16' title='bbox 1894 222 1962 243; x_wconf 84' lang='lat' dir='ltr'><strong>non</strong></span> <span class='ocrx_word' id='word_1_17' title='bbox 1987 218 2036 244; x_wconf 89' lang='lat' dir='ltr'><strong>est</strong></span> 
     </span>
     <span class='ocr_line' id='line_1_3' title="bbox 145 256 2034 306; baseline 0 -17"><span class='ocrx_word' id='word_1_18' title='bbox 145 269 261 297; x_wconf 90' lang='lat' dir='ltr'><strong>ausus,</strong></span> <span class='ocrx_word' id='word_1_19' title='bbox 291 264 330 289; x_wconf 91' lang='lat' dir='ltr'><strong>ut</strong></span> <span class='ocrx_word' id='word_1_20' title='bbox 357 257 458 288; x_wconf 88' lang='lat' dir='ltr'><strong>tertio</strong></span> <span class='ocrx_word' id='word_1_21' title='bbox 490 256 628 287; x_wconf 87' lang='lat' dir='ltr'><strong>demum</strong></span> <span class='ocrx_word' id='word_1_22' title='bbox 657 256 746 286; x_wconf 84' lang='lat' dir='ltr'><strong>auno</strong></span> <span class='ocrx_word' id='word_1_23' title='bbox 772 261 884 298; x_wconf 89' lang='lat' dir='ltr'><strong>togam</strong></span> <span class='ocrx_word' id='word_1_24' title='bbox 907 256 1084 288; x_wconf 85' lang='lat' dir='ltr'><strong>candidam</strong></span> <span class='ocrx_word' id='word_1_25' title='bbox 1107 256 1320 288; x_wconf 78' lang='lat' dir='ltr'><strong>resumeret?</strong></span> <span class='ocrx_word' id='word_1_26' title='bbox 1367 256 1426 287; x_wconf 89' lang='lat' dir='ltr'><strong>III.</strong></span> <span class='ocrx_word' id='word_1_27' title='bbox 1452 259 1487 289; x_wconf 92' lang='lat' dir='ltr'><strong>Si</strong></span> <span class='ocrx_word' id='word_1_28' title='bbox 1513 260 1556 300; x_wconf 88' lang='lat' dir='ltr'><strong>Q.</strong></span> <span class='ocrx_word' id='word_1_29' title='bbox 1583 261 1722 293; x_wconf 80' lang='lat' dir='ltr'>Catulus</span> <span class='ocrx_word' id='word_1_30' title='bbox 1741 268 1841 304; x_wconf 82' lang='lat' dir='ltr'><strong>pater</strong></span> <span class='ocrx_word' id='word_1_31' title='bbox 1865 264 2034 306; x_wconf 78' lang='lat' dir='ltr'><strong>significa-</strong></span> 
     </span>
     <span class='ocr_line' id='line_1_4' title="bbox 142 307 2034 355; baseline 0.003 -13"><span class='ocrx_word' id='word_1_32' title='bbox 142 316 218 350; x_wconf 81' lang='lat' dir='ltr'><strong>tur,</strong></span> <span class='ocrx_word' id='word_1_33' title='bbox 245 321 304 341; x_wconf 91' lang='lat' dir='ltr'><strong>cur</strong></span> <span class='ocrx_word' id='word_1_34' title='bbox 326 309 414 341; x_wconf 82' lang='lat' dir='ltr'>nihil</span> <span class='ocrx_word' id='word_1_35' title='bbox 435 308 589 347; x_wconf 82' lang='lat' dir='ltr'>additur,</span> <span class='ocrx_word' id='word_1_36' title='bbox 620 319 687 349; x_wconf 91' lang='lat' dir='ltr'><strong>quo</strong></span> <span class='ocrx_word' id='word_1_37' title='bbox 711 307 873 351; x_wconf 77' lang='lat' dir='ltr'>distingui</span> <span class='ocrx_word' id='word_1_38' title='bbox 897 309 1003 352; x_wconf 81' lang='lat' dir='ltr'><strong>possit</strong></span> <span class='ocrx_word' id='word_1_39' title='bbox 1024 321 1044 341; x_wconf 90' lang='lat' dir='ltr'><strong>a</strong></span> <span class='ocrx_word' id='word_1_40' title='bbox 1066 309 1163 341; x_wconf 79' lang='lat' dir='ltr'><strong>filio?</strong></span> <span class='ocrx_word' id='word_1_41' title='bbox 1194 320 1254 340; x_wconf 90' lang='lat' dir='ltr'><strong>cur</strong></span> <span class='ocrx_word' id='word_1_42' title='bbox 1276 308 1326 340; x_wconf 89' lang='lat' dir='ltr'><em>M.</em></span> <span class='ocrx_word' id='word_1_43' title='bbox 1349 308 1463 340; x_wconf 86' lang='lat' dir='ltr'><strong>Pisoni</strong></span> <span class='ocrx_word' id='word_1_44' title='bbox 1487 314 1730 355; x_wconf 75' lang='lat' dir='ltr'>postponitur?</span> <span class='ocrx_word' id='word_1_45' title='bbox 1765 326 1825 345; x_wconf 88' lang='lat' dir='ltr'><strong>cur</strong></span> <span class='ocrx_word' id='word_1_46' title='bbox 1851 316 1975 348; x_wconf 87' lang='lat' dir='ltr'><strong>dicitur</strong></span> <span class='ocrx_word' id='word_1_47' title='bbox 1998 317 2034 348; x_wconf 87' lang='lat' dir='ltr'><strong>in</strong></span> 
     </span>
     <span class='ocr_line' id='line_1_5' title="bbox 141 359 2034 404; baseline 0.004 -10"><span class='ocrx_word' id='word_1_48' title='bbox 141 374 274 394; x_wconf 79' lang='lat' dir='ltr'><strong>summa</strong></span> <span class='ocrx_word' id='word_1_49' title='bbox 295 361 426 393; x_wconf 86' lang='lat' dir='ltr'><strong>familia</strong></span> <span class='ocrx_word' id='word_1_50' title='bbox 446 366 555 399; x_wconf 88' lang='lat' dir='ltr'><strong>natus,</strong></span> <span class='ocrx_word' id='word_1_51' title='bbox 578 359 672 391; x_wconf 87' lang='lat' dir='ltr'><strong>cuius</strong></span> <span class='ocrx_word' id='word_1_52' title='bbox 695 372 805 402; x_wconf 88' lang='lat' dir='ltr'><strong>neque</strong></span> <span class='ocrx_word' id='word_1_53' title='bbox 828 368 924 404; x_wconf 87' lang='lat' dir='ltr'><strong>pater</strong></span> <span class='ocrx_word' id='word_1_54' title='bbox 946 373 1056 404; x_wconf 89' lang='lat' dir='ltr'><strong>neque</strong></span> <span class='ocrx_word' id='word_1_55' title='bbox 1078 374 1159 393; x_wconf 90' lang='lat' dir='ltr'><strong>auos</strong></span> <span class='ocrx_word' id='word_1_56' title='bbox 1182 361 1336 392; x_wconf 87' lang='lat' dir='ltr'><strong>consules</strong></span> <span class='ocrx_word' id='word_1_57' title='bbox 1359 360 1518 395; x_wconf 75' lang='lat' dir='ltr'><strong>fuerant?</strong></span> <span class='ocrx_word' id='word_1_58' title='bbox 1557 377 1599 396; x_wconf 88' lang='lat' dir='ltr'><strong>an</strong></span> <span class='ocrx_word' id='word_1_59' title='bbox 1622 366 1737 397; x_wconf 87' lang='lat' dir='ltr'><strong>nullus</strong></span> <span class='ocrx_word' id='word_1_60' title='bbox 1760 367 1847 400; x_wconf 87' lang='lat' dir='ltr'><strong>alius</strong></span> <span class='ocrx_word' id='word_1_61' title='bbox 1871 369 2034 401; x_wconf 86' lang='lat' dir='ltr'><strong>candida-</strong></span> 
     </span>
     <span class='ocr_line' id='line_1_6' title="bbox 140 412 2031 458; baseline 0.003 -11"><span class='ocrx_word' id='word_1_62' title='bbox 140 421 195 447; x_wconf 84' lang='lat' dir='ltr'><strong>tus</strong></span> <span class='ocrx_word' id='word_1_63' title='bbox 226 421 304 458; x_wconf 88' lang='lat' dir='ltr'><strong>post</strong></span> <span class='ocrx_word' id='word_1_64' title='bbox 333 414 424 446; x_wconf 89' lang='lat' dir='ltr'><strong>illius</strong></span> <span class='ocrx_word' id='word_1_65' title='bbox 455 412 567 444; x_wconf 81' lang='lat' dir='ltr'><strong>Catuli</strong></span> <span class='ocrx_word' id='word_1_66' title='bbox 591 418 746 455; x_wconf 79' lang='lat' dir='ltr'><strong>tempora</strong></span> <span class='ocrx_word' id='word_1_67' title='bbox 774 413 816 444; x_wconf 91' lang='lat' dir='ltr'><strong>ob</strong></span> <span class='ocrx_word' id='word_1_68' title='bbox 840 425 908 444; x_wconf 88' lang='lat' dir='ltr'><strong>non</strong></span> <span class='ocrx_word' id='word_1_69' title='bbox 931 414 1032 445; x_wconf 90' lang='lat' dir='ltr'><strong>nimis</strong></span> <span class='ocrx_word' id='word_1_70' title='bbox 1054 414 1254 445; x_wconf 84' lang='lat' dir='ltr'>submissam</span> <span class='ocrx_word' id='word_1_71' title='bbox 1277 413 1562 456; x_wconf 74' lang='lat' dir='ltr'><strong>supplicationem</strong></span> <span class='ocrx_word' id='word_1_72' title='bbox 1585 418 1757 458; x_wconf 82' lang='lat' dir='ltr'><strong>repulsam</strong></span> <span class='ocrx_word' id='word_1_73' title='bbox 1779 421 1930 454; x_wconf 77' lang='lat' dir='ltr'><strong>tulerat?</strong></span> <span class='ocrx_word' id='word_1_74' title='bbox 1968 423 2031 454; x_wconf 83' lang='lat' dir='ltr'><strong>IV.</strong></span> 
     </span>
     <span class='ocr_line' id='line_1_7' title="bbox 140 464 2032 515; baseline 0.003 -16"><span class='ocrx_word' id='word_1_75' title='bbox 140 468 182 499; x_wconf 90' lang='lat' dir='ltr'><strong>In</strong></span> <span class='ocrx_word' id='word_1_76' title='bbox 206 465 436 507; x_wconf 87' lang='lat' dir='ltr'><strong>Chronologia</strong></span> <span class='ocrx_word' id='word_1_77' title='bbox 462 471 537 495; x_wconf 85' lang='lat' dir='ltr'><strong>tum</strong></span> <span class='ocrx_word' id='word_1_78' title='bbox 566 464 663 504; x_wconf 87' lang='lat' dir='ltr'><strong>Liui,</strong></span> <span class='ocrx_word' id='word_1_79' title='bbox 703 471 775 497; x_wconf 92' lang='lat' dir='ltr'><strong>tum</strong></span> <span class='ocrx_word' id='word_1_80' title='bbox 806 466 998 498; x_wconf 85' lang='lat' dir='ltr'><strong>Cassiodori</strong></span> <span class='ocrx_word' id='word_1_81' title='bbox 1028 478 1095 497; x_wconf 89' lang='lat' dir='ltr'><strong>non</strong></span> <span class='ocrx_word' id='word_1_82' title='bbox 1122 467 1184 497; x_wconf 87' lang='lat' dir='ltr'><strong>Cn.</strong></span> <span class='ocrx_word' id='word_1_83' title='bbox 1207 465 1364 504; x_wconf 88' lang='lat' dir='ltr'><strong>Mallius,</strong></span> <span class='ocrx_word' id='word_1_84' title='bbox 1401 472 1452 497; x_wconf 87' lang='lat' dir='ltr'><strong>set</strong></span> <span class='ocrx_word' id='word_1_85' title='bbox 1482 468 1531 499; x_wconf 89' lang='lat' dir='ltr'><strong>M.</strong></span> <span class='ocrx_word' id='word_1_86' title='bbox 1555 469 1717 502; x_wconf 86' lang='lat' dir='ltr'>Manilius</span> <span class='ocrx_word' id='word_1_87' title='bbox 1741 473 1859 504; x_wconf 87' lang='lat' dir='ltr'><strong>consul</strong></span> <span class='ocrx_word' id='word_1_88' title='bbox 1882 479 1932 505; x_wconf 88' lang='lat' dir='ltr'><strong>est</strong></span> <span class='ocrx_word' id='word_1_89' title='bbox 1954 480 2032 515; x_wconf 90' lang='lat' dir='ltr'><strong>post</strong></span> 
     </span>
     <span class='ocr_line' id='line_1_8' title="bbox 141 516 2030 569; baseline 0.004 -19"><span class='ocrx_word' id='word_1_90' title='bbox 141 520 344 557; x_wconf 87' lang='lat' dir='ltr'><strong>Serranum,</strong></span> <span class='ocrx_word' id='word_1_91' title='bbox 380 517 540 558; x_wconf 86' lang='lat' dir='ltr'><strong>idemque</strong></span> <span class='ocrx_word' id='word_1_92' title='bbox 569 516 672 548; x_wconf 91' lang='lat' dir='ltr'><strong>habet</strong></span> <span class='ocrx_word' id='word_1_93' title='bbox 705 518 893 561; x_wconf 80' lang='lat' dir='ltr'>Eutropius</span> <span class='ocrx_word' id='word_1_94' title='bbox 923 518 982 549; x_wconf 87' lang='lat' dir='ltr'><strong>lib.</strong></span> <span class='ocrx_word' id='word_1_95' title='bbox 1014 519 1044 550; x_wconf 90' lang='lat'><strong>5.</strong></span> <span class='ocrx_word' id='word_1_96' title='bbox 1089 519 1242 551; x_wconf 75' lang='lat' dir='ltr'><strong>Romani</strong></span> <span class='ocrx_word' id='word_1_97' title='bbox 1273 518 1445 558; x_wconf 80' lang='lat' dir='ltr'><strong>consules,</strong></span> <span class='ocrx_word' id='word_1_98' title='bbox 1483 521 1534 552; x_wconf 79' lang='lat' dir='ltr'><em>M.</em></span> <span class='ocrx_word' id='word_1_99' title='bbox 1562 522 1739 554; x_wconf 76' lang='lat' dir='ltr'><strong>Manilius</strong></span> <span class='ocrx_word' id='word_1_100' title='bbox 1771 531 1804 556; x_wconf 77' lang='lat' dir='ltr'><strong>et</strong></span> <span class='ocrx_word' id='word_1_101' title='bbox 1831 526 1873 565; x_wconf 88' lang='lat' dir='ltr'><strong>Q.</strong></span> <span class='ocrx_word' id='word_1_102' title='bbox 1904 526 2030 569; x_wconf 79' lang='lat' dir='ltr'><strong>Caepio</strong></span> 
     </span>
     <span class='ocr_line' id='line_1_9' title="bbox 140 568 2029 616; baseline 0.004 -14"><span class='ocrx_word' id='word_1_103' title='bbox 140 571 309 614; x_wconf 83' lang='lat' dir='ltr'><strong>(quamuis</strong></span> <span class='ocrx_word' id='word_1_104' title='bbox 334 568 460 612; x_wconf 89' lang='lat' dir='ltr'><strong>Caepio</strong></span> <span class='ocrx_word' id='word_1_105' title='bbox 490 579 561 599; x_wconf 88' lang='lat' dir='ltr'><strong>non</strong></span> <span class='ocrx_word' id='word_1_106' title='bbox 591 570 708 602; x_wconf 87' lang='lat' dir='ltr'><strong>consul</strong></span> <span class='ocrx_word' id='word_1_107' title='bbox 731 581 807 601; x_wconf 90' lang='lat' dir='ltr'><strong>cum</strong></span> <span class='ocrx_word' id='word_1_108' title='bbox 835 570 996 610; x_wconf 89' lang='lat' dir='ltr'><strong>Manilio,</strong></span> <span class='ocrx_word' id='word_1_109' title='bbox 1040 577 1090 602; x_wconf 90' lang='lat' dir='ltr'><strong>set</strong></span> <span class='ocrx_word' id='word_1_110' title='bbox 1110 571 1296 614; x_wconf 83' lang='lat' dir='ltr'><strong>proconsul</strong></span> <span class='ocrx_word' id='word_1_111' title='bbox 1319 570 1418 612; x_wconf 85' lang='lat' dir='ltr'><strong>esset)</strong></span> <span class='ocrx_word' id='word_1_112' title='bbox 1450 582 1561 613; x_wconf 87' lang='lat' dir='ltr'><strong>neque</strong></span> <span class='ocrx_word' id='word_1_113' title='bbox 1593 574 1828 616; x_wconf 80' lang='lat' dir='ltr'><strong>uerisimilest,</strong></span> <span class='ocrx_word' id='word_1_114' title='bbox 1867 579 1928 610; x_wconf 88' lang='lat' dir='ltr'><strong>tris</strong></span> <span class='ocrx_word' id='word_1_115' title='bbox 1951 579 2029 610; x_wconf 89' lang='lat' dir='ltr'><strong>illos</strong></span> 
     </span>
     <span class='ocr_line' id='line_1_10' title="bbox 138 620 2030 671; baseline 0.003 -15"><span class='ocrx_word' id='word_1_116' title='bbox 138 624 320 667; x_wconf 79' lang='lat' dir='ltr'><strong>scriptores</strong></span> <span class='ocrx_word' id='word_1_117' title='bbox 341 633 413 654; x_wconf 88' lang='lat' dir='ltr'><strong>non</strong></span> <span class='ocrx_word' id='word_1_118' title='bbox 433 627 566 652; x_wconf 82' lang='lat' dir='ltr'><strong>tantum</strong></span> <span class='ocrx_word' id='word_1_119' title='bbox 588 620 625 652; x_wconf 91' lang='lat' dir='ltr'><strong>in</strong></span> <span class='ocrx_word' id='word_1_120' title='bbox 645 622 795 662; x_wconf 89' lang='lat' dir='ltr'><strong>nomine,</strong></span> <span class='ocrx_word' id='word_1_121' title='bbox 820 634 942 654; x_wconf 87' lang='lat' dir='ltr'><strong>uerum</strong></span> <span class='ocrx_word' id='word_1_122' title='bbox 966 629 999 654; x_wconf 90' lang='lat' dir='ltr'><strong>et</strong></span> <span class='ocrx_word' id='word_1_123' title='bbox 1021 623 1057 654; x_wconf 85' lang='lat' dir='ltr'><strong>in</strong></span> <span class='ocrx_word' id='word_1_124' title='bbox 1078 623 1301 666; x_wconf 84' lang='lat' dir='ltr'><strong>praenomine</strong></span> <span class='ocrx_word' id='word_1_125' title='bbox 1325 622 1501 664; x_wconf 79' lang='lat' dir='ltr'><strong>deceptos,</strong></span> <span class='ocrx_word' id='word_1_126' title='bbox 1525 631 1563 655; x_wconf 88' lang='lat' dir='ltr'><strong>ut</strong></span> <span class='ocrx_word' id='word_1_127' title='bbox 1584 626 1741 659; x_wconf 75' lang='lat' dir='ltr'><strong>Marcum</strong></span> <span class='ocrx_word' id='word_1_128' title='bbox 1763 640 1826 671; x_wconf 87' lang='lat' dir='ltr'><strong>pro</strong></span> <span class='ocrx_word' id='word_1_129' title='bbox 1851 631 1948 662; x_wconf 86' lang='lat' dir='ltr'><strong>Gneo</strong></span> <span class='ocrx_word' id='word_1_130' title='bbox 1972 641 2030 661; x_wconf 90' lang='lat' dir='ltr'><strong>re—</strong></span> 
     </span>
     <span class='ocr_line' id='line_1_11' title="bbox 137 673 2031 725; baseline 0.003 -16"><span class='ocrx_word' id='word_1_131' title='bbox 137 676 279 709; x_wconf 86' lang='lat' dir='ltr'><strong>ferrent.</strong></span> <span class='ocrx_word' id='word_1_132' title='bbox 322 676 370 709; x_wconf 83' lang='lat' dir='ltr'><strong>V.</strong></span> <span class='ocrx_word' id='word_1_133' title='bbox 393 674 460 706; x_wconf 90' lang='lat' dir='ltr'><strong>Fac</strong></span> <span class='ocrx_word' id='word_1_134' title='bbox 481 679 596 704; x_wconf 81' lang='lat' dir='ltr'><strong>tamen</strong></span> <span class='ocrx_word' id='word_1_135' title='bbox 620 673 724 706; x_wconf 85' lang='lat' dir='ltr'><strong>fuisse</strong></span> <span class='ocrx_word' id='word_1_136' title='bbox 748 676 810 706; x_wconf 89' lang='lat' dir='ltr'><strong>Cn.</strong></span> <span class='ocrx_word' id='word_1_137' title='bbox 823 675 981 707; x_wconf 88' lang='lat' dir='ltr'><strong>Mallium</strong></span> <span class='ocrx_word' id='word_1_138' title='bbox 1005 676 1179 717; x_wconf 89' lang='lat' dir='ltr'><strong>conlegam</strong></span> <span class='ocrx_word' id='word_1_139' title='bbox 1199 675 1236 706; x_wconf 89' lang='lat' dir='ltr'><strong>in</strong></span> <span class='ocrx_word' id='word_1_140' title='bbox 1263 675 1439 706; x_wconf 81' lang='lat' dir='ltr'><strong>consulatu</strong></span> <span class='ocrx_word' id='word_1_141' title='bbox 1461 676 1498 707; x_wconf 88' lang='lat' dir='ltr'><strong>P.</strong></span> <span class='ocrx_word' id='word_1_142' title='bbox 1514 677 1644 718; x_wconf 77' lang='lat' dir='ltr'><strong>Rutili3</strong></span> <span class='ocrx_word' id='word_1_143' title='bbox 1669 679 1698 711; x_wconf 89' lang='lat' dir='ltr'><strong>si</strong></span> <span class='ocrx_word' id='word_1_144' title='bbox 1718 681 1850 722; x_wconf 85' lang='lat' dir='ltr'><strong>primus</strong></span> <span class='ocrx_word' id='word_1_145' title='bbox 1873 682 1946 725; x_wconf 88' lang='lat' dir='ltr'><strong>ipse</strong></span> <span class='ocrx_word' id='word_1_146' title='bbox 1969 682 2031 713; x_wconf 90' lang='lat' dir='ltr'><strong>ad-</strong></span> 
     </span>
     <span class='ocr_line' id='line_1_12' title="bbox 137 726 2027 776; baseline 0.002 -14"><span class='ocrx_word' id='word_1_147' title='bbox 137 730 218 762; x_wconf 82' lang='lat' dir='ltr'><strong>tulit</strong></span> <span class='ocrx_word' id='word_1_148' title='bbox 246 729 284 761; x_wconf 86' lang='lat' dir='ltr'><strong>in</strong></span> <span class='ocrx_word' id='word_1_149' title='bbox 312 739 408 760; x_wconf 86' lang='lat' dir='ltr'><strong>suam</strong></span> <span class='ocrx_word' id='word_1_150' title='bbox 435 726 601 758; x_wconf 86' lang='lat' dir='ltr'><strong>familiam</strong></span> <span class='ocrx_word' id='word_1_151' title='bbox 627 727 752 758; x_wconf 88' lang='lat' dir='ltr'><strong>summi</strong></span> <span class='ocrx_word' id='word_1_152' title='bbox 774 728 987 770; x_wconf 81' lang='lat' dir='ltr'><strong>magistratus</strong></span> <span class='ocrx_word' id='word_1_153' title='bbox 1011 728 1172 770; x_wconf 86' lang='lat' dir='ltr'><strong>insignia,</strong></span> <span class='ocrx_word' id='word_1_154' title='bbox 1209 740 1270 760; x_wconf 86' lang='lat' dir='ltr'><strong>cur</strong></span> <span class='ocrx_word' id='word_1_155' title='bbox 1299 727 1453 759; x_wconf 80' lang='lat' dir='ltr'><strong>oratione</strong></span> <span class='ocrx_word' id='word_1_156' title='bbox 1477 740 1541 771; x_wconf 89' lang='lat' dir='ltr'><strong>pro</strong></span> <span class='ocrx_word' id='word_1_157' title='bbox 1564 730 1710 764; x_wconf 89' lang='lat' dir='ltr'><strong>Murena</strong></span> <span class='ocrx_word' id='word_1_158' title='bbox 1745 734 1787 775; x_wconf 85' lang='lat' dir='ltr'><strong>[c.</strong></span> <span class='ocrx_word' id='word_1_159' title='bbox 1810 735 1891 766; x_wconf 62' lang='lat' dir='ltr'><strong>VH.</strong></span> <span class='ocrx_word' id='word_1_160' title='bbox 1921 736 1951 776; x_wconf 60' lang='grc' dir='ltr'><strong>ς.</strong></span> <span class='ocrx_word' id='word_1_161' title='bbox 1979 736 2027 766; x_wconf 83' lang='lat'><strong>16.</strong></span> 
     </span>
     <span class='ocr_line' id='line_1_13' title="bbox 136 779 2029 825; baseline 0.004 -14"><span class='ocrx_word' id='word_1_162' title='bbox 136 784 235 817; x_wconf 83' lang='lat' dir='ltr'><strong>VIII.</strong></span> <span class='ocrx_word' id='word_1_163' title='bbox 250 783 281 825; x_wconf 84' lang='lat'><strong>§.</strong></span> <span class='ocrx_word' id='word_1_164' title='bbox 299 782 363 824; x_wconf 78' lang='lat'><strong>27·]</strong></span> <span class='ocrx_word' id='word_1_165' title='bbox 381 792 458 812; x_wconf 89' lang='lat' dir='ltr'><strong>cum</strong></span> <span class='ocrx_word' id='word_1_166' title='bbox 469 779 651 821; x_wconf 83' lang='lat' dir='ltr'><strong>Pompeiis,</strong></span> <span class='ocrx_word' id='word_1_167' title='bbox 673 779 804 819; x_wconf 87' lang='lat' dir='ltr'><strong>Mariis,</strong></span> <span class='ocrx_word' id='word_1_168' title='bbox 826 780 950 819; x_wconf 87' lang='lat' dir='ltr'><strong>Didiis,</strong></span> <span class='ocrx_word' id='word_1_169' title='bbox 976 781 1098 812; x_wconf 86' lang='lat' dir='ltr'><strong>Caeliis</strong></span> <span class='ocrx_word' id='word_1_170' title='bbox 1114 793 1183 812; x_wconf 88' lang='lat' dir='ltr'><strong>non</strong></span> <span class='ocrx_word' id='word_1_171' title='bbox 1196 787 1391 812; x_wconf 87' lang='lat' dir='ltr'><strong>recensetur</strong></span> <span class='ocrx_word' id='word_1_172' title='bbox 1413 780 1504 812; x_wconf 89' lang='lat' dir='ltr'><strong>inter</strong></span> <span class='ocrx_word' id='word_1_173' title='bbox 1528 793 1636 815; x_wconf 90' lang='lat' dir='ltr'><strong>nouos</strong></span> <span class='ocrx_word' id='word_1_174' title='bbox 1660 785 1840 818; x_wconf 74' lang='lat' dir='ltr'><strong>homines?</strong></span> <span class='ocrx_word' id='word_1_175' title='bbox 1863 787 1892 818; x_wconf 87' lang='lat' dir='ltr'><strong>si</strong></span> <span class='ocrx_word' id='word_1_176' title='bbox 1914 793 2029 820; x_wconf 84' lang='lat' dir='ltr'><strong>autem</strong></span> 
     </span>
     <span class='ocr_line' id='line_1_14' title="bbox 136 831 2027 878; baseline 0.002 -10"><span class='ocrx_word' id='word_1_177' title='bbox 136 836 282 868; x_wconf 89' lang='lat' dir='ltr'><strong>maiores</strong></span> <span class='ocrx_word' id='word_1_178' title='bbox 307 833 427 865; x_wconf 88' lang='lat' dir='ltr'><strong>habuit</strong></span> <span class='ocrx_word' id='word_1_179' title='bbox 446 831 588 870; x_wconf 83' lang='lat' dir='ltr'><strong>nobilis,</strong></span> <span class='ocrx_word' id='word_1_180' title='bbox 622 843 682 862; x_wconf 90' lang='lat' dir='ltr'><strong>cur</strong></span> <span class='ocrx_word' id='word_1_181' title='bbox 704 832 759 863; x_wconf 89' lang='lat' dir='ltr'><strong>hic</strong></span> <span class='ocrx_word' id='word_1_182' title='bbox 780 831 880 862; x_wconf 86' lang='lat' dir='ltr'><strong>illum</strong></span> <span class='ocrx_word' id='word_1_183' title='bbox 905 832 1023 863; x_wconf 81' lang='lat' dir='ltr'><strong>Cicero</strong></span> <span class='ocrx_word' id='word_1_184' title='bbox 1048 832 1208 865; x_wconf 87' lang='lat' dir='ltr'><strong>describit</strong></span> <span class='ocrx_word' id='word_1_185' title='bbox 1230 847 1297 866; x_wconf 83' lang='lat' dir='ltr'><strong>non</strong></span> <span class='ocrx_word' id='word_1_186' title='bbox 1320 834 1431 866; x_wconf 79' lang='lat' dir='ltr'><strong>solum</strong></span> <span class='ocrx_word' id='word_1_187' title='bbox 1459 835 1667 878; x_wconf 78' lang='lat' dir='ltr'><strong>ignobilem,</strong></span> <span class='ocrx_word' id='word_1_188' title='bbox 1708 851 1831 871; x_wconf 80' lang='lat' dir='ltr'><strong>uerum</strong></span> <span class='ocrx_word' id='word_1_189' title='bbox 1854 840 1928 871; x_wconf 81' lang='lat' dir='ltr'><strong>sine</strong></span> <span class='ocrx_word' id='word_1_190' title='bbox 1950 840 2027 871; x_wconf 73' lang='lat' dir='ltr'><strong>ztir-</strong></span> 
     </span>
     <span class='ocr_line' id='line_1_15' title="bbox 139 884 2025 933; baseline 0.002 -12"><span class='ocrx_word' id='word_1_191' title='bbox 139 894 230 928; x_wconf 80' lang='lat' dir='ltr'><strong>tute,</strong></span> <span class='ocrx_word' id='word_1_192' title='bbox 262 887 335 918; x_wconf 73' lang='lat' dir='ltr'><strong>sine</strong></span> <span class='ocrx_word' id='word_1_193' title='bbox 359 885 517 928; x_wconf 77' lang='lat' dir='ltr'><strong>ingeniO,</strong></span> <span class='ocrx_word' id='word_1_194' title='bbox 555 885 632 915; x_wconf 81' lang='lat' dir='ltr'><strong>uita</strong></span> <span class='ocrx_word' id='word_1_195' title='bbox 654 884 760 915; x_wconf 81' lang='lat' dir='ltr'><strong>etiam</strong></span> <span class='ocrx_word' id='word_1_196' title='bbox 785 890 979 928; x_wconf 78' lang='lat' dir='ltr'><strong>contempta</strong></span> <span class='ocrx_word' id='word_1_197' title='bbox 1001 898 1042 917; x_wconf 81' lang='lat' dir='ltr'><strong>ac</strong></span> <span class='ocrx_word' id='word_1_198' title='bbox 1064 887 1231 918; x_wconf 72' lang='lat' dir='ltr'><strong>sordida?</strong></span> <span class='ocrx_word' id='word_1_199' title='bbox 1274 887 1434 928; x_wconf 87' lang='lat' dir='ltr'><strong>Denique</strong></span> <span class='ocrx_word' id='word_1_200' title='bbox 1456 887 1546 918; x_wconf 88' lang='lat' dir='ltr'><strong>inter</strong></span> <span class='ocrx_word' id='word_1_201' title='bbox 1567 888 1648 921; x_wconf 89' lang='lat' dir='ltr'><strong>duas</strong></span> <span class='ocrx_word' id='word_1_202' title='bbox 1669 892 1843 933; x_wconf 87' lang='lat' dir='ltr'><strong>repulsas,</strong></span> <span class='ocrx_word' id='word_1_203' title='bbox 1883 892 2025 923; x_wconf 86' lang='lat' dir='ltr'><strong>alteram</strong></span> 
     </span>
     <span class='ocr_line' id='line_1_16' title="bbox 138 935 2026 987; baseline 0.002 -14"><span class='ocrx_word' id='word_1_204' title='bbox 138 940 252 973; x_wconf 89' lang='lat' dir='ltr'><strong>Catuli</strong></span> <span class='ocrx_word' id='word_1_205' title='bbox 276 937 460 970; x_wconf 90' lang='lat' dir='ltr'><strong>consularis</strong></span> <span class='ocrx_word' id='word_1_206' title='bbox 482 935 668 974; x_wconf 87' lang='lat' dir='ltr'><strong>candidati,</strong></span> <span class='ocrx_word' id='word_1_207' title='bbox 693 935 834 967; x_wconf 88' lang='lat' dir='ltr'><strong>alteram</strong></span> <span class='ocrx_word' id='word_1_208' title='bbox 856 937 1050 968; x_wconf 83' lang='lat' dir='ltr'><strong>Laterensis</strong></span> <span class='ocrx_word' id='word_1_209' title='bbox 1074 938 1226 978; x_wconf 88' lang='lat' dir='ltr'><strong>aedilici,</strong></span> <span class='ocrx_word' id='word_1_210' title='bbox 1255 939 1457 971; x_wconf 82' lang='lat' dir='ltr'><strong>claudicaret</strong></span> <span class='ocrx_word' id='word_1_211' title='bbox 1480 942 1687 983; x_wconf 81' lang='lat' dir='ltr'><strong>conparatio.</strong></span> <span class='ocrx_word' id='word_1_212' title='bbox 1733 945 1782 976; x_wconf 88' lang='lat' dir='ltr'><strong>Ut</strong></span> <span class='ocrx_word' id='word_1_213' title='bbox 1805 944 1946 987; x_wconf 84' lang='lat' dir='ltr'><strong>opinor,</strong></span> <span class='ocrx_word' id='word_1_214' title='bbox 1971 945 2026 976; x_wconf 87' lang='lat' dir='ltr'><strong>hic</strong></span> 
     </span>
     <span class='ocr_line' id='line_1_17' title="bbox 137 987 2024 1036; baseline 0.005 -15"><span class='ocrx_word' id='word_1_215' title='bbox 137 994 181 1034; x_wconf 89' lang='lat' dir='ltr'><strong>Q.</strong></span> <span class='ocrx_word' id='word_1_216' title='bbox 206 991 345 1024; x_wconf 87' lang='lat' dir='ltr'><strong>Catulus</strong></span> <span class='ocrx_word' id='word_1_217' title='bbox 364 999 475 1030; x_wconf 87' lang='lat' dir='ltr'><strong>neque</strong></span> <span class='ocrx_word' id='word_1_218' title='bbox 498 993 596 1030; x_wconf 82' lang='lat' dir='ltr'><strong>pater</strong></span> <span class='ocrx_word' id='word_1_219' title='bbox 621 994 672 1019; x_wconf 88' lang='lat' dir='ltr'><strong>est</strong></span> <span class='ocrx_word' id='word_1_220' title='bbox 691 999 802 1030; x_wconf 89' lang='lat' dir='ltr'><strong>neque</strong></span> <span class='ocrx_word' id='word_1_221' title='bbox 825 987 932 1026; x_wconf 68' lang='lat' dir='ltr'><strong>filius,</strong></span> <span class='ocrx_word' id='word_1_222' title='bbox 971 990 1029 1031; x_wconf 88' lang='lat' dir='ltr'><strong>qui</strong></span> <span class='ocrx_word' id='word_1_223' title='bbox 1059 991 1187 1022; x_wconf 88' lang='lat' dir='ltr'><strong>scilicet</strong></span> <span class='ocrx_word' id='word_1_224' title='bbox 1214 991 1406 1035; x_wconf 82' lang='lat' dir='ltr'><strong>principem</strong></span> <span class='ocrx_word' id='word_1_225' title='bbox 1435 992 1472 1024; x_wconf 87' lang='lat' dir='ltr'><strong>iu</strong></span> <span class='ocrx_word' id='word_1_226' title='bbox 1496 1001 1614 1025; x_wconf 89' lang='lat' dir='ltr'><strong>senatu</strong></span> <span class='ocrx_word' id='word_1_227' title='bbox 1640 995 1753 1027; x_wconf 85' lang='lat' dir='ltr'><strong>locum</strong></span> <span class='ocrx_word' id='word_1_228' title='bbox 1784 997 2024 1036; x_wconf 78' lang='lat' dir='ltr'><strong>obtinuerunt3</strong></span> 
     </span>
     <span class='ocr_line' id='line_1_18' title="bbox 138 1039 2024 1092; baseline 0.003 -15"><span class='ocrx_word' id='word_1_229' title='bbox 138 1051 190 1077; x_wconf 87' lang='lat' dir='ltr'><strong>set</strong></span> <span class='ocrx_word' id='word_1_230' title='bbox 210 1044 295 1075; x_wconf 84' lang='lat' dir='ltr'><strong>alius</strong></span> <span class='ocrx_word' id='word_1_231' title='bbox 320 1041 458 1084; x_wconf 87' lang='lat' dir='ltr'><strong>quidam</strong></span> <span class='ocrx_word' id='word_1_232' title='bbox 481 1051 524 1071; x_wconf 78' lang='lat' dir='ltr'><strong>ex</strong></span> <span class='ocrx_word' id='word_1_233' title='bbox 547 1039 665 1071; x_wconf 89' lang='lat' dir='ltr'><strong>eadem</strong></span> <span class='ocrx_word' id='word_1_234' title='bbox 692 1047 811 1083; x_wconf 87' lang='lat' dir='ltr'><strong>gente,</strong></span> <span class='ocrx_word' id='word_1_235' title='bbox 847 1041 904 1082; x_wconf 86' lang='lat' dir='ltr'><strong>qui</strong></span> <span class='ocrx_word' id='word_1_236' title='bbox 936 1041 976 1071; x_wconf 92' lang='lat' dir='ltr'><strong>ad</strong></span> <span class='ocrx_word' id='word_1_237' title='bbox 1001 1054 1152 1075; x_wconf 86' lang='lat' dir='ltr'><strong>summos</strong></span> <span class='ocrx_word' id='word_1_238' title='bbox 1176 1044 1322 1076; x_wconf 87' lang='lat' dir='ltr'><strong>honores</strong></span> <span class='ocrx_word' id='word_1_239' title='bbox 1347 1046 1530 1087; x_wconf 88' lang='lat' dir='ltr'><strong>peruenire</strong></span> <span class='ocrx_word' id='word_1_240' title='bbox 1553 1058 1621 1079; x_wconf 90' lang='lat' dir='ltr'><strong>non</strong></span> <span class='ocrx_word' id='word_1_241' title='bbox 1643 1050 1814 1090; x_wconf 68' lang='lat' dir='ltr'><strong>potueritg</strong></span> <span class='ocrx_word' id='word_1_242' title='bbox 1852 1062 1958 1092; x_wconf 85' lang='lat' dir='ltr'><strong>eaque</strong></span> <span class='ocrx_word' id='word_1_243' title='bbox 1982 1050 2024 1081; x_wconf 90' lang='lat' dir='ltr'><strong>de</strong></span> 
     </span>
     <span class='ocr_line' id='line_1_19' title="bbox 135 1092 2023 1141; baseline 0.003 -12"><span class='ocrx_word' id='word_1_244' title='bbox 135 1108 249 1129; x_wconf 91' lang='lat' dir='ltr'><strong>caussa</strong></span> <span class='ocrx_word' id='word_1_245' title='bbox 270 1096 343 1127; x_wconf 90' lang='lat' dir='ltr'><strong>laus</strong></span> <span class='ocrx_word' id='word_1_246' title='bbox 365 1094 458 1126; x_wconf 86' lang='lat' dir='ltr'><strong>itlius</strong></span> <span class='ocrx_word' id='word_1_247' title='bbox 481 1092 591 1124; x_wconf 86' lang='lat' dir='ltr'><strong>omnis</strong></span> <span class='ocrx_word' id='word_1_248' title='bbox 615 1092 804 1124; x_wconf 86' lang='lat' dir='ltr'><strong>desumitur</strong></span> <span class='ocrx_word' id='word_1_249' title='bbox 834 1104 877 1124; x_wconf 75' lang='lat' dir='ltr'><strong>ex</strong></span> <span class='ocrx_word' id='word_1_250' title='bbox 899 1094 1076 1126; x_wconf 84' lang='lat' dir='ltr'><strong>nobilitate</strong></span> <span class='ocrx_word' id='word_1_251' title='bbox 1100 1095 1249 1128; x_wconf 85' lang='lat' dir='ltr'><strong>familiae</strong></span> <span class='ocrx_word' id='word_1_252' title='bbox 1275 1103 1308 1128; x_wconf 86' lang='lat' dir='ltr'><strong>et</strong></span> <span class='ocrx_word' id='word_1_253' title='bbox 1338 1098 1429 1129; x_wconf 86' lang='lat' dir='ltr'><strong>uitae</strong></span> <span class='ocrx_word' id='word_1_254' title='bbox 1451 1100 1642 1141; x_wconf 86' lang='lat' dir='ltr'><strong>sanctitate,</strong></span> <span class='ocrx_word' id='word_1_255' title='bbox 1676 1114 1746 1133; x_wconf 88' lang='lat' dir='ltr'><strong>non</strong></span> <span class='ocrx_word' id='word_1_256' title='bbox 1769 1103 1809 1134; x_wconf 91' lang='lat' dir='ltr'><strong>ab</strong></span> <span class='ocrx_word' id='word_1_257' title='bbox 1834 1103 2023 1135; x_wconf 87' lang='lat' dir='ltr'><strong>honoribus</strong></span> 
     </span>
     <span class='ocr_line' id='line_1_20' title="bbox 133 1145 2024 1198; baseline 0.004 -16"><span class='ocrx_word' id='word_1_258' title='bbox 133 1150 304 1191; x_wconf 88' lang='lat' dir='ltr'><strong>rebusque</strong></span> <span class='ocrx_word' id='word_1_259' title='bbox 327 1146 444 1190; x_wconf 81' lang='lat' dir='ltr'><strong>gestis:</strong></span> <span class='ocrx_word' id='word_1_260' title='bbox 479 1145 520 1186; x_wconf 96' lang='lat' dir='ltr'><strong>Q.</strong></span> <span class='ocrx_word' id='word_1_261' title='bbox 543 1145 685 1184; x_wconf 81' lang='lat' dir='ltr'><strong>Catulo,</strong></span> <span class='ocrx_word' id='word_1_262' title='bbox 716 1146 752 1177; x_wconf 82' lang='lat' dir='ltr'><strong>in</strong></span> <span class='ocrx_word' id='word_1_263' title='bbox 775 1159 910 1178; x_wconf 74' lang='lat' dir='ltr'><strong>summa</strong></span> <span class='ocrx_word' id='word_1_264' title='bbox 921 1146 1072 1190; x_wconf 79' lang='lat' dir='ltr'><strong>familia</strong></span> <span class='ocrx_word' id='word_1_265' title='bbox 1095 1148 1195 1189; x_wconf 67' lang='lat' dir='ltr'><strong>nato,</strong></span> <span class='ocrx_word' id='word_1_266' title='bbox 1228 1151 1496 1194; x_wconf 78' lang='lat' dir='ltr'><strong>sapientissumo</strong></span> <span class='ocrx_word' id='word_1_267' title='bbox 1520 1160 1553 1185; x_wconf 79' lang='lat' dir='ltr'><strong>et</strong></span> <span class='ocrx_word' id='word_1_268' title='bbox 1576 1156 1802 1188; x_wconf 77' lang='lat' dir='ltr'><strong>sanctissumo</strong></span> <span class='ocrx_word' id='word_1_269' title='bbox 1825 1157 1924 1196; x_wconf 80' lang='lat' dir='ltr'><strong>uiro3</strong></span> <span class='ocrx_word' id='word_1_270' title='bbox 1961 1167 2024 1198; x_wconf 79' lang='lat' dir='ltr'><strong>ap-</strong></span> 
     </span>
     <span class='ocr_line' id='line_1_21' title="bbox 131 1198 2024 1249; baseline 0.003 -15"><span class='ocrx_word' id='word_1_271' title='bbox 131 1203 281 1247; x_wconf 86' lang='lat' dir='ltr'><strong>pellatur</strong></span> <span class='ocrx_word' id='word_1_272' title='bbox 302 1206 381 1243; x_wconf 87' lang='lat' dir='ltr'><strong>post</strong></span> <span class='ocrx_word' id='word_1_273' title='bbox 400 1199 450 1232; x_wconf 86' lang='lat' dir='ltr'><strong>M.</strong></span> <span class='ocrx_word' id='word_1_274' title='bbox 474 1198 642 1238; x_wconf 88' lang='lat' dir='ltr'><strong>Pisonem,</strong></span> <span class='ocrx_word' id='word_1_275' title='bbox 667 1199 794 1242; x_wconf 88' lang='lat' dir='ltr'><strong>quippe</strong></span> <span class='ocrx_word' id='word_1_276' title='bbox 817 1200 1015 1242; x_wconf 74' lang='lat' dir='ltr'><strong>exemplum</strong></span> <span class='ocrx_word' id='word_1_277' title='bbox 1038 1202 1210 1244; x_wconf 76' lang='lat' dir='ltr'><strong>aliquanto</strong></span> <span class='ocrx_word' id='word_1_278' title='bbox 1234 1204 1420 1243; x_wconf 80' lang='lat' dir='ltr'><strong>recentius3</strong></span> <span class='ocrx_word' id='word_1_279' title='bbox 1444 1217 1555 1248; x_wconf 87' lang='lat' dir='ltr'><strong>neque</strong></span> <span class='ocrx_word' id='word_1_280' title='bbox 1578 1214 1694 1249; x_wconf 87' lang='lat' dir='ltr'><strong>postea</strong></span> <span class='ocrx_word' id='word_1_281' title='bbox 1717 1219 1793 1239; x_wconf 87' lang='lat' dir='ltr'><strong>cum</strong></span> <span class='ocrx_word' id='word_1_282' title='bbox 1817 1208 1936 1239; x_wconf 87' lang='lat' dir='ltr'><strong>ceteris</strong></span> <span class='ocrx_word' id='word_1_283' title='bbox 1958 1220 2024 1239; x_wconf 89' lang='lat'><strong>110-</strong></span> 
     </span>
     <span class='ocr_line' id='line_1_22' title="bbox 132 1251 2022 1304; baseline 0.003 -17"><span class='ocrx_word' id='word_1_284' title='bbox 132 1255 303 1293; x_wconf 80' lang='lat' dir='ltr'><strong>minatur,</strong></span> <span class='ocrx_word' id='word_1_285' title='bbox 340 1251 418 1294; x_wconf 88' lang='lat' dir='ltr'><strong>quia</strong></span> <span class='ocrx_word' id='word_1_286' title='bbox 446 1262 516 1283; x_wconf 90' lang='lat' dir='ltr'><strong>non</strong></span> <span class='ocrx_word' id='word_1_287' title='bbox 538 1251 734 1283; x_wconf 85' lang='lat' dir='ltr'><strong>ascenderat</strong></span> <span class='ocrx_word' id='word_1_288' title='bbox 763 1251 805 1282; x_wconf 91' lang='lat' dir='ltr'><strong>ad</strong></span> <span class='ocrx_word' id='word_1_289' title='bbox 828 1252 984 1284; x_wconf 90' lang='lat' dir='ltr'><strong>altiorem</strong></span> <span class='ocrx_word' id='word_1_290' title='bbox 1007 1254 1150 1295; x_wconf 83' lang='lat' dir='ltr'><strong>gradum</strong></span> <span class='ocrx_word' id='word_1_291' title='bbox 1175 1256 1365 1298; x_wconf 86' lang='lat' dir='ltr'><strong>dignitatis,</strong></span> <span class='ocrx_word' id='word_1_292' title='bbox 1402 1259 1558 1301; x_wconf 88' lang='lat' dir='ltr'><strong>repulsus</strong></span> <span class='ocrx_word' id='word_1_293' title='bbox 1582 1260 1618 1291; x_wconf 89' lang='lat' dir='ltr'><strong>in</strong></span> <span class='ocrx_word' id='word_1_294' title='bbox 1640 1260 1820 1292; x_wconf 86' lang='lat' dir='ltr'><strong>aedilitatis</strong></span> <span class='ocrx_word' id='word_1_295' title='bbox 1846 1261 2022 1304; x_wconf 87' lang='lat' dir='ltr'><strong>petitione,</strong></span> 
     </span>
     <span class='ocr_line' id='line_1_23' title="bbox 131 1304 2022 1352; baseline 0.003 -12"><span class='ocrx_word' id='word_1_296' title='bbox 131 1314 207 1340; x_wconf 88' lang='lat' dir='ltr'><strong>tum</strong></span> <span class='ocrx_word' id='word_1_297' title='bbox 238 1307 277 1338; x_wconf 89' lang='lat' dir='ltr'><strong>C.</strong></span> <span class='ocrx_word' id='word_1_298' title='bbox 311 1306 458 1344; x_wconf 88' lang='lat' dir='ltr'><strong>Sereno,</strong></span> <span class='ocrx_word' id='word_1_299' title='bbox 494 1309 569 1334; x_wconf 81' lang='lat' dir='ltr'><strong>tum</strong></span> <span class='ocrx_word' id='word_1_300' title='bbox 598 1304 660 1335; x_wconf 90' lang='lat' dir='ltr'><strong>Cn.</strong></span> <span class='ocrx_word' id='word_1_301' title='bbox 690 1304 810 1336; x_wconf 88' lang='lat' dir='ltr'><strong>Mallio</strong></span> <span class='ocrx_word' id='word_1_302' title='bbox 842 1305 1065 1348; x_wconf 90' lang='lat' dir='ltr'><strong>posthabitus.</strong></span> <span class='ocrx_word' id='word_1_303' title='bbox 1128 1308 1241 1340; x_wconf 90' lang='lat' dir='ltr'><strong>Catuli</strong></span> <span class='ocrx_word' id='word_1_304' title='bbox 1272 1310 1379 1352; x_wconf 86' lang='lat' dir='ltr'><strong>patris</strong></span> <span class='ocrx_word' id='word_1_305' title='bbox 1407 1310 1551 1344; x_wconf 83' lang='lat' dir='ltr'><strong>fratrem</strong></span> <span class='ocrx_word' id='word_1_306' title='bbox 1581 1320 1813 1345; x_wconf 87' lang='lat' dir='ltr'><strong>conmemorat</strong></span> <span class='ocrx_word' id='word_1_307' title='bbox 1843 1314 1961 1345; x_wconf 88' lang='lat' dir='ltr'><strong>Cicero</strong></span> <span class='ocrx_word' id='word_1_308' title='bbox 1994 1313 2022 1344; x_wconf 86' lang='lat' dir='ltr'><strong>I.</strong></span> 
     </span>
     <span class='ocr_line' id='line_1_24' title="bbox 133 1355 1144 1401; baseline -0.001 -9"><span class='ocrx_word' id='word_1_309' title='bbox 133 1360 231 1392; x_wconf 90' lang='lat' dir='ltr'><strong>Offic.</strong></span> <span class='ocrx_word' id='word_1_310' title='bbox 258 1358 330 1400; x_wconf 58' lang='lat'><strong>57„</strong></span> <span class='ocrx_word' id='word_1_311' title='bbox 368 1356 462 1387; x_wconf 79' lang='lat' dir='ltr'><strong>cuius</strong></span> <span class='ocrx_word' id='word_1_312' title='bbox 485 1355 586 1387; x_wconf 85' lang='lat' dir='ltr'><strong>etiam</strong></span> <span class='ocrx_word' id='word_1_313' title='bbox 610 1357 762 1389; x_wconf 77' lang='lat' dir='ltr'><strong>extitisse</strong></span> <span class='ocrx_word' id='word_1_314' title='bbox 785 1357 872 1389; x_wconf 92' lang='lat' dir='ltr'><strong>filios</strong></span> <span class='ocrx_word' id='word_1_315' title='bbox 895 1359 1144 1401; x_wconf 88' lang='lat' dir='ltr'><strong>probabilest.“</strong></span> 
     </span>
    </p>

    <p class='ocr_par' dir='ltr' id='par_1_3' title="bbox 128 1408 2023 1557">
     <span class='ocr_line' id='line_1_25' title="bbox 214 1408 2023 1461; baseline 0.004 -20"><span class='ocrx_word' id='word_1_316' title='bbox 214 1412 310 1444; x_wconf 90' lang='lat' dir='ltr'><strong>Haec</strong></span> <span class='ocrx_word' id='word_1_317' title='bbox 331 1408 518 1442; x_wconf 71' lang='lat' dir='ltr'><strong>Fert-atius-</strong></span> <span class='ocrx_word' id='word_1_318' title='bbox 564 1409 660 1450; x_wconf 87' lang='lat' dir='ltr'><strong>Quae</strong></span> <span class='ocrx_word' id='word_1_319' title='bbox 690 1410 768 1441; x_wconf 84' lang='lat' dir='ltr'><strong>licet</strong></span> <span class='ocrx_word' id='word_1_320' title='bbox 790 1422 809 1441; x_wconf 92' lang='lat' dir='ltr'><strong>a</strong></span> <span class='ocrx_word' id='word_1_321' title='bbox 831 1422 914 1442; x_wconf 92' lang='lat' dir='ltr'><strong>uero</strong></span> <span class='ocrx_word' id='word_1_322' title='bbox 937 1412 1037 1459; x_wconf 78' lang='lat' dir='ltr'><strong>longe</strong></span> <span class='ocrx_word' id='word_1_323' title='bbox 1067 1413 1180 1444; x_wconf 86' lang='lat' dir='ltr'><strong>abesse</strong></span> <span class='ocrx_word' id='word_1_324' title='bbox 1203 1420 1333 1446; x_wconf 83' lang='lat' dir='ltr'><strong>certum</strong></span> <span class='ocrx_word' id='word_1_325' title='bbox 1356 1415 1418 1456; x_wconf 90' lang='lat' dir='ltr'><strong>sit,</strong></span> <span class='ocrx_word' id='word_1_326' title='bbox 1460 1424 1574 1449; x_wconf 85' lang='lat' dir='ltr'><strong>tamen</strong></span> <span class='ocrx_word' id='word_1_327' title='bbox 1598 1429 1674 1450; x_wconf 91' lang='lat' dir='ltr'><strong>cum</strong></span> <span class='ocrx_word' id='word_1_328' title='bbox 1696 1430 1818 1461; x_wconf 86' lang='lat' dir='ltr'><strong>magna</strong></span> <span class='ocrx_word' id='word_1_329' title='bbox 1839 1419 1932 1451; x_wconf 80' lang='lat' dir='ltr'><strong>illius</strong></span> <span class='ocrx_word' id='word_1_330' title='bbox 1953 1417 2023 1449; x_wconf 87' lang='lat' dir='ltr'><strong>uiri</strong></span> 
     </span>
     <span class='ocr_line' id='line_1_26' title="bbox 128 1460 2019 1512; baseline 0.003 -16"><span class='ocrx_word' id='word_1_331' title='bbox 128 1471 211 1509; x_wconf 88' lang='lat' dir='ltr'><strong>aput</strong></span> <span class='ocrx_word' id='word_1_332' title='bbox 231 1463 389 1496; x_wconf 86' lang='lat' dir='ltr'><strong>homines</strong></span> <span class='ocrx_word' id='word_1_333' title='bbox 413 1461 527 1492; x_wconf 83' lang='lat' dir='ltr'><strong>doctos</strong></span> <span class='ocrx_word' id='word_1_334' title='bbox 551 1461 730 1493; x_wconf 88' lang='lat' dir='ltr'><strong>auctoritas</strong></span> <span class='ocrx_word' id='word_1_335' title='bbox 753 1460 829 1502; x_wconf 54' lang='lat' dir='ltr'><strong>sit,</strong></span> <span class='ocrx_word' id='word_1_336' title='bbox 850 1464 1068 1496; x_wconf 88' lang='lat' dir='ltr'><strong>describenda</strong></span> <span class='ocrx_word' id='word_1_337' title='bbox 1096 1465 1152 1497; x_wconf 88' lang='lat' dir='ltr'><strong>hic</strong></span> <span class='ocrx_word' id='word_1_338' title='bbox 1177 1465 1335 1498; x_wconf 81' lang='lat' dir='ltr'><strong>indicaui.</strong></span> <span class='ocrx_word' id='word_1_339' title='bbox 1381 1470 1558 1512; x_wconf 85' lang='lat' dir='ltr'><strong>Quaedam</strong></span> <span class='ocrx_word' id='word_1_340' title='bbox 1587 1477 1678 1502; x_wconf 89' lang='lat' dir='ltr'><strong>recte</strong></span> <span class='ocrx_word' id='word_1_341' title='bbox 1710 1471 1779 1503; x_wconf 87' lang='lat' dir='ltr'><strong>iam</strong></span> <span class='ocrx_word' id='word_1_342' title='bbox 1802 1478 1919 1504; x_wconf 84' lang='lat' dir='ltr'><strong>contra</strong></span> <span class='ocrx_word' id='word_1_343' title='bbox 1942 1482 2019 1502; x_wconf 84' lang='lat' dir='ltr'><strong>eum</strong></span> 
     </span>
     <span class='ocr_line' id='line_1_27' title="bbox 129 1513 1237 1557; baseline 0 -7"><span class='ocrx_word' id='word_1_344' title='bbox 129 1516 265 1550; x_wconf 85' lang='lat' dir='ltr'><strong>monuit</strong></span> <span class='ocrx_word' id='word_1_345' title='bbox 283 1513 489 1547; x_wconf 81' lang='lat' dir='ltr'><strong>Garatonius</strong></span> <span class='ocrx_word' id='word_1_346' title='bbox 512 1513 547 1544; x_wconf 89' lang='lat' dir='ltr'><strong>in</strong></span> <span class='ocrx_word' id='word_1_347' title='bbox 568 1513 621 1544; x_wconf 87' lang='lat' dir='ltr'><strong>ed.</strong></span> <span class='ocrx_word' id='word_1_348' title='bbox 641 1515 750 1557; x_wconf 77' lang='lat' dir='ltr'><strong>Neap.</strong></span> <span class='ocrx_word' id='word_1_349' title='bbox 773 1527 826 1546; x_wconf 86' lang='lat' dir='ltr'><strong>an.</strong></span> <span class='ocrx_word' id='word_1_350' title='bbox 854 1516 945 1557; x_wconf 79' lang='lat'><strong>1786.</strong></span> <span class='ocrx_word' id='word_1_351' title='bbox 969 1517 1050 1549; x_wconf 90' lang='lat' dir='ltr'><strong>haec</strong></span> <span class='ocrx_word' id='word_1_352' title='bbox 1072 1519 1237 1551; x_wconf 88' lang='lat' dir='ltr'><strong>scribens:</strong></span> 
     </span>
    </p>

    <p class='ocr_par' dir='ltr' id='par_1_4' title="bbox 122 1566 2021 2463">
     <span class='ocr_line' id='line_1_28' title="bbox 214 1566 2021 1620; baseline 0.005 -22"><span class='ocrx_word' id='word_1_353' title='bbox 214 1568 390 1610; x_wconf 85' lang='lat' dir='ltr'><strong>„Nullum</strong></span> <span class='ocrx_word' id='word_1_354' title='bbox 413 1566 518 1598; x_wconf 89' lang='lat' dir='ltr'><strong>alium</strong></span> <span class='ocrx_word' id='word_1_355' title='bbox 542 1577 602 1608; x_wconf 90' lang='lat' dir='ltr'><strong>ego</strong></span> <span class='ocrx_word' id='word_1_356' title='bbox 627 1567 787 1599; x_wconf 84' lang='lat' dir='ltr'><strong>Catulum</strong></span> <span class='ocrx_word' id='word_1_357' title='bbox 811 1568 1010 1612; x_wconf 87' lang='lat' dir='ltr'><strong>intellegere</strong></span> <span class='ocrx_word' id='word_1_358' title='bbox 1032 1583 1170 1614; x_wconf 86' lang='lat' dir='ltr'><strong>possum</strong></span> <span class='ocrx_word' id='word_1_359' title='bbox 1193 1572 1258 1603; x_wconf 87' lang='lat' dir='ltr'><strong>hoc</strong></span> <span class='ocrx_word' id='word_1_360' title='bbox 1282 1573 1374 1613; x_wconf 89' lang='lat' dir='ltr'><strong>loco,</strong></span> <span class='ocrx_word' id='word_1_361' title='bbox 1399 1586 1500 1617; x_wconf 89' lang='lat' dir='ltr'><strong>quam</strong></span> <span class='ocrx_word' id='word_1_362' title='bbox 1521 1575 1620 1608; x_wconf 90' lang='lat' dir='ltr'><strong>illum</strong></span> <span class='ocrx_word' id='word_1_363' title='bbox 1642 1583 1792 1620; x_wconf 85' lang='lat' dir='ltr'><strong>patrem,</strong></span> <span class='ocrx_word' id='word_1_364' title='bbox 1821 1577 1880 1618; x_wconf 89' lang='lat' dir='ltr'><strong>qui</strong></span> <span class='ocrx_word' id='word_1_365' title='bbox 1902 1576 2021 1609; x_wconf 81' lang='lat' dir='ltr'><strong>consul</strong></span> 
     </span>
     <span class='ocr_line' id='line_1_29' title="bbox 128 1617 2021 1672; baseline 0.003 -17"><span class='ocrx_word' id='word_1_366' title='bbox 128 1634 207 1655; x_wconf 88' lang='lat' dir='ltr'><strong>cum</strong></span> <span class='ocrx_word' id='word_1_367' title='bbox 225 1622 264 1653; x_wconf 88' lang='lat' dir='ltr'><em>C.</em></span> <span class='ocrx_word' id='word_1_368' title='bbox 288 1619 400 1652; x_wconf 91' lang='lat' dir='ltr'><strong>Mario</strong></span> <span class='ocrx_word' id='word_1_369' title='bbox 422 1617 489 1649; x_wconf 80' lang='lat' dir='ltr'><strong>fuit</strong></span> <span class='ocrx_word' id='word_1_370' title='bbox 514 1630 603 1650; x_wconf 88' lang='lat' dir='ltr'><strong>anno</strong></span> <span class='ocrx_word' id='word_1_371' title='bbox 627 1620 700 1652; x_wconf 84' lang='lat'><strong>651.</strong></span> <span class='ocrx_word' id='word_1_372' title='bbox 743 1621 827 1653; x_wconf 92' lang='lat' dir='ltr'><strong>Eius</strong></span> <span class='ocrx_word' id='word_1_373' title='bbox 850 1620 971 1658; x_wconf 82' lang='lat' dir='ltr'><strong>frater,</strong></span> <span class='ocrx_word' id='word_1_374' title='bbox 1005 1624 1063 1666; x_wconf 88' lang='lat' dir='ltr'><strong>qui</strong></span> <span class='ocrx_word' id='word_1_375' title='bbox 1088 1625 1114 1656; x_wconf 91' lang='lat' dir='ltr'><strong>I.</strong></span> <span class='ocrx_word' id='word_1_376' title='bbox 1139 1625 1180 1655; x_wconf 90' lang='lat' dir='ltr'><strong>de</strong></span> <span class='ocrx_word' id='word_1_377' title='bbox 1206 1626 1303 1657; x_wconf 83' lang='lat' dir='ltr'><strong>Offic.</strong></span> <span class='ocrx_word' id='word_1_378' title='bbox 1325 1627 1376 1669; x_wconf 78' lang='lat'><em>57.</em></span> <span class='ocrx_word' id='word_1_379' title='bbox 1400 1636 1628 1669; x_wconf 89' lang='lat' dir='ltr'><strong>memoratur,</strong></span> <span class='ocrx_word' id='word_1_380' title='bbox 1666 1641 1777 1671; x_wconf 89' lang='lat' dir='ltr'><strong>neque</strong></span> <span class='ocrx_word' id='word_1_381' title='bbox 1800 1635 1936 1672; x_wconf 87' lang='lat' dir='ltr'><strong>gentem</strong></span> <span class='ocrx_word' id='word_1_382' title='bbox 1958 1639 2021 1659; x_wconf 89' lang='lat' dir='ltr'><strong>ne-</strong></span> 
     </span>
     <span class='ocr_line' id='line_1_30' title="bbox 130 1670 2020 1724; baseline 0.004 -17"><span class='ocrx_word' id='word_1_383' title='bbox 130 1687 195 1719; x_wconf 93' lang='lat' dir='ltr'><strong>que</strong></span> <span class='ocrx_word' id='word_1_384' title='bbox 215 1672 382 1705; x_wconf 87' lang='lat' dir='ltr'><strong>familiam</strong></span> <span class='ocrx_word' id='word_1_385' title='bbox 405 1682 481 1701; x_wconf 91' lang='lat' dir='ltr'><strong>cum</strong></span> <span class='ocrx_word' id='word_1_386' title='bbox 504 1670 547 1712; x_wconf 88' lang='lat' dir='ltr'><strong>Q.</strong></span> <span class='ocrx_word' id='word_1_387' title='bbox 573 1671 694 1703; x_wconf 89' lang='lat' dir='ltr'><strong>Catulo</strong></span> <span class='ocrx_word' id='word_1_388' title='bbox 718 1684 924 1706; x_wconf 86' lang='lat' dir='ltr'><strong>conmunem</strong></span> <span class='ocrx_word' id='word_1_389' title='bbox 955 1675 1089 1717; x_wconf 86' lang='lat' dir='ltr'><strong>habuit,</strong></span> <span class='ocrx_word' id='word_1_390' title='bbox 1132 1683 1182 1709; x_wconf 89' lang='lat' dir='ltr'><strong>set</strong></span> <span class='ocrx_word' id='word_1_391' title='bbox 1204 1677 1269 1709; x_wconf 84' lang='lat' dir='ltr'><strong>suit</strong></span> <span class='ocrx_word' id='word_1_392' title='bbox 1294 1679 1331 1710; x_wconf 90' lang='lat' dir='ltr'><strong>C.</strong></span> <span class='ocrx_word' id='word_1_393' title='bbox 1358 1680 1463 1712; x_wconf 84' lang='lat' dir='ltr'><strong>lulius</strong></span> <span class='ocrx_word' id='word_1_394' title='bbox 1489 1682 1610 1713; x_wconf 85' lang='lat' dir='ltr'><strong>Caesar</strong></span> <span class='ocrx_word' id='word_1_395' title='bbox 1632 1683 1674 1713; x_wconf 94' lang='lat' dir='ltr'><em>L.</em></span> <span class='ocrx_word' id='word_1_396' title='bbox 1695 1682 1752 1721; x_wconf 64' lang='lat' dir='ltr'><strong>F„</strong></span> <span class='ocrx_word' id='word_1_397' title='bbox 1795 1682 1934 1724; x_wconf 88' lang='lat' dir='ltr'><strong>eiusque</strong></span> <span class='ocrx_word' id='word_1_398' title='bbox 1958 1681 2020 1713; x_wconf 83' lang='lat' dir='ltr'><strong>filii</strong></span> 
     </span>
     <span class='ocr_line' id='line_1_31' title="bbox 127 1721 2018 1777; baseline 0.004 -18"><span class='ocrx_word' id='word_1_399' title='bbox 127 1726 268 1760; x_wconf 88' lang='lat' dir='ltr'><strong>omnino</strong></span> <span class='ocrx_word' id='word_1_400' title='bbox 298 1723 380 1756; x_wconf 91' lang='lat' dir='ltr'><strong>Iulii</strong></span> <span class='ocrx_word' id='word_1_401' title='bbox 408 1721 555 1763; x_wconf 83' lang='lat' dir='ltr'><strong>suerint,</strong></span> <span class='ocrx_word' id='word_1_402' title='bbox 593 1735 663 1756; x_wconf 91' lang='lat' dir='ltr'><strong>non</strong></span> <span class='ocrx_word' id='word_1_403' title='bbox 692 1726 824 1758; x_wconf 89' lang='lat' dir='ltr'><strong>Lutatii</strong></span> <span class='ocrx_word' id='word_1_404' title='bbox 849 1727 979 1767; x_wconf 89' lang='lat' dir='ltr'><strong>Catuli,</strong></span> <span class='ocrx_word' id='word_1_405' title='bbox 1021 1737 1196 1762; x_wconf 83' lang='lat' dir='ltr'><strong>necessest.</strong></span> <span class='ocrx_word' id='word_1_406' title='bbox 1244 1731 1384 1763; x_wconf 87' lang='lat' dir='ltr'><strong>Constat</strong></span> <span class='ocrx_word' id='word_1_407' title='bbox 1414 1740 1527 1765; x_wconf 87' lang='lat' dir='ltr'><strong>autem</strong></span> <span class='ocrx_word' id='word_1_408' title='bbox 1560 1735 1720 1766; x_wconf 81' lang='lat' dir='ltr'><strong>Catulum</strong></span> <span class='ocrx_word' id='word_1_409' title='bbox 1751 1741 1883 1777; x_wconf 86' lang='lat' dir='ltr'><strong>patrem</strong></span> <span class='ocrx_word' id='word_1_410' title='bbox 1913 1746 1932 1765; x_wconf 91' lang='lat' dir='ltr'><strong>a</strong></span> <span class='ocrx_word' id='word_1_411' title='bbox 1956 1735 2018 1766; x_wconf 84' lang='lat' dir='ltr'><strong>Cn-</strong></span> 
     </span>
     <span class='ocr_line' id='line_1_32' title="bbox 125 1776 2019 1826; baseline 0.004 -14"><span class='ocrx_word' id='word_1_412' title='bbox 125 1779 257 1812; x_wconf 86' lang='lat' dir='ltr'><strong>Manlio</strong></span> <span class='ocrx_word' id='word_1_413' title='bbox 282 1778 319 1808; x_wconf 88' lang='lat' dir='ltr'><strong>in</strong></span> <span class='ocrx_word' id='word_1_414' title='bbox 338 1776 505 1820; x_wconf 87' lang='lat' dir='ltr'><strong>petitione</strong></span> <span class='ocrx_word' id='word_1_415' title='bbox 527 1777 719 1809; x_wconf 88' lang='lat' dir='ltr'><strong>consulatus</strong></span> <span class='ocrx_word' id='word_1_416' title='bbox 742 1777 845 1810; x_wconf 87' lang='lat' dir='ltr'><strong>fuisse</strong></span> <span class='ocrx_word' id='word_1_417' title='bbox 868 1788 1066 1822; x_wconf 85' lang='lat' dir='ltr'><strong>superatum</strong></span> <span class='ocrx_word' id='word_1_418' title='bbox 1089 1794 1133 1814; x_wconf 71' lang='lat' dir='ltr'><strong>ex</strong></span> <span class='ocrx_word' id='word_1_419' title='bbox 1159 1795 1185 1813; x_wconf 84' lang='lat' dir='ltr'><strong>c.</strong></span> <span class='ocrx_word' id='word_1_420' title='bbox 1214 1796 1261 1825; x_wconf 75' lang='lat'><strong>17.</strong></span> <span class='ocrx_word' id='word_1_421' title='bbox 1286 1795 1349 1826; x_wconf 86' lang='lat' dir='ltr'><strong>pro</strong></span> <span class='ocrx_word' id='word_1_422' title='bbox 1373 1786 1465 1817; x_wconf 86' lang='lat' dir='ltr'><strong>Mur.</strong></span> <span class='ocrx_word' id='word_1_423' title='bbox 1489 1798 1508 1817; x_wconf 92' lang='lat' dir='ltr'><strong>a</strong></span> <span class='ocrx_word' id='word_1_424' title='bbox 1527 1787 1682 1818; x_wconf 56' lang='lat' dir='ltr'><strong>Blanutio</strong></span> <span class='ocrx_word' id='word_1_425' title='bbox 1717 1787 1871 1826; x_wconf 87' lang='lat' dir='ltr'><strong>laudato,</strong></span> <span class='ocrx_word' id='word_1_426' title='bbox 1911 1787 1959 1818; x_wconf 79' lang='lat' dir='ltr'><strong>ita</strong></span> <span class='ocrx_word' id='word_1_427' title='bbox 1980 1793 2019 1818; x_wconf 85' lang='lat' dir='ltr'><strong>ut</strong></span> 
     </span>
     <span class='ocr_line' id='line_1_33' title="bbox 125 1828 2018 1880; baseline 0.005 -18"><span class='ocrx_word' id='word_1_428' title='bbox 125 1831 163 1864; x_wconf 87' lang='lat' dir='ltr'><strong>id</strong></span> <span class='ocrx_word' id='word_1_429' title='bbox 185 1830 301 1872; x_wconf 88' lang='lat' dir='ltr'><strong>negari</strong></span> <span class='ocrx_word' id='word_1_430' title='bbox 324 1841 394 1861; x_wconf 87' lang='lat' dir='ltr'><strong>non</strong></span> <span class='ocrx_word' id='word_1_431' title='bbox 414 1828 533 1871; x_wconf 87' lang='lat' dir='ltr'><strong>possit.</strong></span> <span class='ocrx_word' id='word_1_432' title='bbox 578 1829 632 1860; x_wconf 88' lang='lat' dir='ltr'><strong>De</strong></span> <span class='ocrx_word' id='word_1_433' title='bbox 655 1830 728 1872; x_wconf 90' lang='lat' dir='ltr'><strong>ipso</strong></span> <span class='ocrx_word' id='word_1_434' title='bbox 752 1832 882 1862; x_wconf 90' lang='lat' dir='ltr'><strong>Manlio</strong></span> <span class='ocrx_word' id='word_1_435' title='bbox 906 1832 985 1864; x_wconf 87' lang='lat' dir='ltr'><strong>uide</strong></span> <span class='ocrx_word' id='word_1_436' title='bbox 1009 1835 1111 1866; x_wconf 84' lang='lat' dir='ltr'><strong>celeb.</strong></span> <span class='ocrx_word' id='word_1_437' title='bbox 1130 1837 1313 1868; x_wconf 80' lang='lat' dir='ltr'><strong>Ernestum</strong></span> <span class='ocrx_word' id='word_1_438' title='bbox 1337 1838 1373 1868; x_wconf 88' lang='lat' dir='ltr'><strong>in</strong></span> <span class='ocrx_word' id='word_1_439' title='bbox 1396 1839 1466 1869; x_wconf 87' lang='lat' dir='ltr'><strong>ind.</strong></span> <span class='ocrx_word' id='word_1_440' title='bbox 1484 1839 1574 1871; x_wconf 85' lang='lat' dir='ltr'><strong>Hist.</strong></span> <span class='ocrx_word' id='word_1_441' title='bbox 1599 1846 1632 1870; x_wconf 87' lang='lat' dir='ltr'><strong>et</strong></span> <span class='ocrx_word' id='word_1_442' title='bbox 1653 1839 1696 1870; x_wconf 89' lang='lat' dir='ltr'><strong>ad</strong></span> <span class='ocrx_word' id='word_1_443' title='bbox 1718 1840 1799 1870; x_wconf 91' lang='lat' dir='ltr'><strong>Tac.</strong></span> <span class='ocrx_word' id='word_1_444' title='bbox 1825 1840 1944 1871; x_wconf 85' lang='lat' dir='ltr'><strong>Germ.</strong></span> <span class='ocrx_word' id='word_1_445' title='bbox 1966 1839 2018 1880; x_wconf 78' lang='lat'><strong>57.</strong></span> 
     </span>
     <span class='ocr_line' id='line_1_34' title="bbox 128 1881 2019 1935; baseline 0.004 -19"><span class='ocrx_word' id='word_1_446' title='bbox 128 1890 161 1916; x_wconf 84' lang='lat' dir='ltr'><strong>et</strong></span> <span class='ocrx_word' id='word_1_447' title='bbox 186 1895 269 1926; x_wconf 88' lang='lat' dir='ltr'><strong>quos</strong></span> <span class='ocrx_word' id='word_1_448' title='bbox 292 1882 351 1913; x_wconf 90' lang='lat' dir='ltr'><strong>ille</strong></span> <span class='ocrx_word' id='word_1_449' title='bbox 375 1881 472 1920; x_wconf 79' lang='lat' dir='ltr'><strong>citat,</strong></span> <span class='ocrx_word' id='word_1_450' title='bbox 510 1886 561 1912; x_wconf 86' lang='lat' dir='ltr'><strong>set</strong></span> <span class='ocrx_word' id='word_1_451' title='bbox 585 1883 767 1925; x_wconf 84' lang='lat' dir='ltr'><strong>praecipue</strong></span> <span class='ocrx_word' id='word_1_452' title='bbox 789 1884 949 1926; x_wconf 79' lang='lat' dir='ltr'><strong>Pighium</strong></span> <span class='ocrx_word' id='word_1_453' title='bbox 981 1887 1022 1918; x_wconf 90' lang='lat' dir='ltr'><strong>ad</strong></span> <span class='ocrx_word' id='word_1_454' title='bbox 1045 1899 1098 1919; x_wconf 86' lang='lat' dir='ltr'><strong>an.</strong></span> <span class='ocrx_word' id='word_1_455' title='bbox 1123 1889 1374 1928; x_wconf 64' lang='lat' dir='ltr'><strong>DCXLYHI..</strong></span> <span class='ocrx_word' id='word_1_456' title='bbox 1419 1891 1478 1922; x_wconf 87' lang='lat' dir='ltr'><strong>ubi</strong></span> <span class='ocrx_word' id='word_1_457' title='bbox 1502 1892 1650 1935; x_wconf 87' lang='lat' dir='ltr'><strong>lapidem</strong></span> <span class='ocrx_word' id='word_1_458' title='bbox 1675 1893 1900 1924; x_wconf 88' lang='lat' dir='ltr'><strong>Puteolanum</strong></span> <span class='ocrx_word' id='word_1_459' title='bbox 1922 1898 2019 1924; x_wconf 84' lang='lat' dir='ltr'><strong>notat</strong></span> 
     </span>
     <span class='ocr_line' id='line_1_35' title="bbox 125 1933 2018 1987; baseline 0.005 -19"><span class='ocrx_word' id='word_1_460' title='bbox 125 1935 354 1980; x_wconf 84' lang='lat' dir='ltr'><strong>perscribere,</strong></span> <span class='ocrx_word' id='word_1_461' title='bbox 393 1933 453 1966; x_wconf 83' lang='lat' dir='ltr'><strong>Cn.</strong></span> <span class='ocrx_word' id='word_1_462' title='bbox 474 1934 621 1973; x_wconf 82' lang='lat' dir='ltr'><strong>Mallio,</strong></span> <span class='ocrx_word' id='word_1_463' title='bbox 656 1942 695 1967; x_wconf 89' lang='lat' dir='ltr'><strong>ut</strong></span> <span class='ocrx_word' id='word_1_464' title='bbox 715 1937 853 1969; x_wconf 81' lang='lat' dir='ltr'><strong>uolebat</strong></span> <span class='ocrx_word' id='word_1_465' title='bbox 877 1939 1073 1979; x_wconf 89' lang='lat' dir='ltr'><strong>Manutius,</strong></span> <span class='ocrx_word' id='word_1_466' title='bbox 1108 1940 1150 1971; x_wconf 92' lang='lat' dir='ltr'><strong>de</strong></span> <span class='ocrx_word' id='word_1_467' title='bbox 1180 1954 1246 1984; x_wconf 89' lang='lat' dir='ltr'><strong>quo</strong></span> <span class='ocrx_word' id='word_1_468' title='bbox 1279 1943 1393 1986; x_wconf 85' lang='lat' dir='ltr'><strong>lapide</strong></span> <span class='ocrx_word' id='word_1_469' title='bbox 1420 1943 1536 1975; x_wconf 83' lang='lat' dir='ltr'><strong>confer</strong></span> <span class='ocrx_word' id='word_1_470' title='bbox 1570 1957 1655 1987; x_wconf 89' lang='lat' dir='ltr'><strong>quae</strong></span> <span class='ocrx_word' id='word_1_471' title='bbox 1686 1945 1836 1977; x_wconf 80' lang='lat' dir='ltr'><strong>diximus</strong></span> <span class='ocrx_word' id='word_1_472' title='bbox 1866 1946 1909 1976; x_wconf 88' lang='lat' dir='ltr'><strong>ad</strong></span> <span class='ocrx_word' id='word_1_473' title='bbox 1931 1946 1957 1977; x_wconf 91' lang='grc' dir='ltr'><strong>Ι.</strong></span> <span class='ocrx_word' id='word_1_474' title='bbox 1981 1946 2018 1976; x_wconf 89' lang='lat' dir='ltr'><strong>in</strong></span> 
     </span>
     <span class='ocr_line' id='line_1_36' title="bbox 125 1986 2018 2041; baseline 0.006 -22"><span class='ocrx_word' id='word_1_475' title='bbox 125 1990 228 2022; x_wconf 90' lang='lat' dir='ltr'><strong>Uerr.</strong></span> <span class='ocrx_word' id='word_1_476' title='bbox 252 1989 303 2019; x_wconf 79' lang='lat'><em>55.</em></span> <span class='ocrx_word' id='word_1_477' title='bbox 347 1987 506 2019; x_wconf 84' lang='lat' dir='ltr'><strong>Alteram</strong></span> <span class='ocrx_word' id='word_1_478' title='bbox 527 1986 640 2018; x_wconf 84' lang='lat' dir='ltr'><strong>Catuli</strong></span> <span class='ocrx_word' id='word_1_479' title='bbox 662 1989 844 2031; x_wconf 87' lang='lat' dir='ltr'><strong>repulsam,</strong></span> <span class='ocrx_word' id='word_1_480' title='bbox 870 2002 934 2032; x_wconf 91' lang='lat' dir='ltr'><strong>qua</strong></span> <span class='ocrx_word' id='word_1_481' title='bbox 952 1992 1136 2024; x_wconf 88' lang='lat' dir='ltr'><strong>Serranum</strong></span> <span class='ocrx_word' id='word_1_482' title='bbox 1161 2006 1295 2037; x_wconf 88' lang='lat' dir='ltr'><strong>quoque</strong></span> <span class='ocrx_word' id='word_1_483' title='bbox 1318 1996 1353 2027; x_wconf 85' lang='lat' dir='ltr'><strong>in</strong></span> <span class='ocrx_word' id='word_1_484' title='bbox 1378 1997 1552 2028; x_wconf 85' lang='lat' dir='ltr'><strong>consulatu</strong></span> <span class='ocrx_word' id='word_1_485' title='bbox 1575 1998 1606 2028; x_wconf 90' lang='lat' dir='ltr'><strong>ei</strong></span> <span class='ocrx_word' id='word_1_486' title='bbox 1629 1999 1819 2041; x_wconf 90' lang='lat' dir='ltr'><strong>praelatum</strong></span> <span class='ocrx_word' id='word_1_487' title='bbox 1843 1997 2018 2029; x_wconf 84' lang='lat' dir='ltr'><strong>contendit</strong></span> 
     </span>
     <span class='ocr_line' id='line_1_37' title="bbox 125 2039 2016 2093; baseline 0.005 -20"><span class='ocrx_word' id='word_1_488' title='bbox 125 2040 318 2077; x_wconf 85' lang='lat' dir='ltr'><strong>Manutius,</strong></span> <span class='ocrx_word' id='word_1_489' title='bbox 355 2039 531 2070; x_wconf 83' lang='lat' dir='ltr'><strong>obscuram</strong></span> <span class='ocrx_word' id='word_1_490' title='bbox 561 2050 632 2070; x_wconf 84' lang='lat' dir='ltr'><strong>esse</strong></span> <span class='ocrx_word' id='word_1_491' title='bbox 660 2039 780 2074; x_wconf 81' lang='lat' dir='ltr'><strong>fateor.</strong></span> <span class='ocrx_word' id='word_1_492' title='bbox 826 2045 906 2076; x_wconf 90' lang='lat' dir='ltr'><strong>Non</strong></span> <span class='ocrx_word' id='word_1_493' title='bbox 927 2044 1029 2075; x_wconf 79' lang='lat' dir='ltr'><strong>uideo</strong></span> <span class='ocrx_word' id='word_1_494' title='bbox 1052 2050 1186 2086; x_wconf 87' lang='lat' dir='ltr'><strong>tamen,</strong></span> <span class='ocrx_word' id='word_1_495' title='bbox 1225 2059 1285 2078; x_wconf 88' lang='lat' dir='ltr'><strong>cur</strong></span> <span class='ocrx_word' id='word_1_496' title='bbox 1314 2050 1498 2081; x_wconf 79' lang='lat' dir='ltr'><strong>consularis</strong></span> <span class='ocrx_word' id='word_1_497' title='bbox 1520 2051 1656 2093; x_wconf 84' lang='lat' dir='ltr'><strong>repulsa</strong></span> <span class='ocrx_word' id='word_1_498' title='bbox 1678 2058 1824 2093; x_wconf 88' lang='lat' dir='ltr'><strong>nequeat</strong></span> <span class='ocrx_word' id='word_1_499' title='bbox 1852 2051 2016 2082; x_wconf 82' lang='lat' dir='ltr'><strong>aediliciis</strong></span> 
     </span>
     <span class='ocr_line' id='line_1_38' title="bbox 125 2091 2015 2145; baseline 0.006 -20"><span class='ocrx_word' id='word_1_500' title='bbox 125 2091 324 2129; x_wconf 87' lang='lat' dir='ltr'><strong>admisceri,</strong></span> <span class='ocrx_word' id='word_1_501' title='bbox 359 2102 436 2122; x_wconf 90' lang='lat' dir='ltr'><strong>cum</strong></span> <span class='ocrx_word' id='word_1_502' title='bbox 460 2091 573 2123; x_wconf 85' lang='lat' dir='ltr'><strong>Catuli</strong></span> <span class='ocrx_word' id='word_1_503' title='bbox 595 2092 704 2124; x_wconf 77' lang='lat' dir='ltr'><strong>uirtus</strong></span> <span class='ocrx_word' id='word_1_504' title='bbox 728 2101 762 2126; x_wconf 86' lang='lat' dir='ltr'><strong>et</strong></span> <span class='ocrx_word' id='word_1_505' title='bbox 785 2095 928 2138; x_wconf 81' lang='lat' dir='ltr'><strong>dignitas</strong></span> <span class='ocrx_word' id='word_1_506' title='bbox 950 2097 1171 2129; x_wconf 87' lang='lat' dir='ltr'><strong>Laterensem</strong></span> <span class='ocrx_word' id='word_1_507' title='bbox 1194 2110 1355 2132; x_wconf 82' lang='lat' dir='ltr'><strong>maxume</strong></span> <span class='ocrx_word' id='word_1_508' title='bbox 1379 2103 1592 2142; x_wconf 82' lang='lat' dir='ltr'><strong>consoletur,</strong></span> <span class='ocrx_word' id='word_1_509' title='bbox 1627 2110 1728 2145; x_wconf 88' lang='lat' dir='ltr'><strong>atque</strong></span> <span class='ocrx_word' id='word_1_510' title='bbox 1750 2104 1930 2136; x_wconf 88' lang='lat' dir='ltr'><strong>hominum</strong></span> <span class='ocrx_word' id='word_1_511' title='bbox 1956 2103 2015 2135; x_wconf 87' lang='lat' dir='ltr'><strong>fiat</strong></span> 
     </span>
     <span class='ocr_line' id='line_1_39' title="bbox 124 2143 2013 2189; baseline 0.005 -12"><span class='ocrx_word' id='word_1_512' title='bbox 124 2145 180 2177; x_wconf 90' lang='lat' dir='ltr'><strong>hic</strong></span> <span class='ocrx_word' id='word_1_513' title='bbox 203 2143 411 2186; x_wconf 85' lang='lat' dir='ltr'><strong>conparatio,</strong></span> <span class='ocrx_word' id='word_1_514' title='bbox 433 2155 504 2174; x_wconf 88' lang='lat' dir='ltr'><strong>non</strong></span> <span class='ocrx_word' id='word_1_515' title='bbox 525 2144 794 2186; x_wconf 85' lang='lat' dir='ltr'><strong>magistratuum.</strong></span> <span class='ocrx_word' id='word_1_516' title='bbox 841 2149 964 2180; x_wconf 88' lang='lat' dir='ltr'><strong>Nescio</strong></span> <span class='ocrx_word' id='word_1_517' title='bbox 988 2149 1088 2188; x_wconf 84' lang='lat' dir='ltr'><strong>item,</strong></span> <span class='ocrx_word' id='word_1_518' title='bbox 1112 2161 1172 2181; x_wconf 89' lang='lat' dir='ltr'><strong>cur</strong></span> <span class='ocrx_word' id='word_1_519' title='bbox 1190 2152 1363 2185; x_wconf 86' lang='lat' dir='ltr'><strong>silentium</strong></span> <span class='ocrx_word' id='word_1_520' title='bbox 1389 2155 1484 2186; x_wconf 88' lang='lat' dir='ltr'><strong>Tulli</strong></span> <span class='ocrx_word' id='word_1_521' title='bbox 1509 2156 1549 2187; x_wconf 89' lang='lat' dir='ltr'><strong>de</strong></span> <span class='ocrx_word' id='word_1_522' title='bbox 1575 2157 1696 2188; x_wconf 78' lang='lat' dir='ltr'><strong>Catulo</strong></span> <span class='ocrx_word' id='word_1_523' title='bbox 1720 2168 1747 2187; x_wconf 91' lang='lat' dir='ltr'><strong>c.</strong></span> <span class='ocrx_word' id='word_1_524' title='bbox 1772 2168 1824 2189; x_wconf 83' lang='lat'><strong>21.</strong></span> <span class='ocrx_word' id='word_1_525' title='bbox 1847 2158 1945 2188; x_wconf 84' lang='lat' dir='ltr'><strong>illum</strong></span> <span class='ocrx_word' id='word_1_526' title='bbox 1970 2155 2013 2187; x_wconf 91' lang='lat' dir='ltr'><strong>ad</strong></span> 
     </span>
     <span class='ocr_line' id='line_1_40' title="bbox 123 2197 2013 2252; baseline 0.007 -23"><span class='ocrx_word' id='word_1_527' title='bbox 123 2198 337 2230; x_wconf 86' lang='lat' dir='ltr'><strong>consulatum</strong></span> <span class='ocrx_word' id='word_1_528' title='bbox 360 2207 430 2227; x_wconf 90' lang='lat' dir='ltr'><strong>non</strong></span> <span class='ocrx_word' id='word_1_529' title='bbox 451 2197 647 2238; x_wconf 85' lang='lat' dir='ltr'><strong>peruenisse</strong></span> <span class='ocrx_word' id='word_1_530' title='bbox 668 2200 825 2232; x_wconf 76' lang='lat' dir='ltr'><strong>ostendat</strong></span> <span class='ocrx_word' id='word_1_531' title='bbox 843 2201 974 2243; x_wconf 87' lang='lat' dir='ltr'><strong>potius,</strong></span> <span class='ocrx_word' id='word_1_532' title='bbox 999 2214 1099 2244; x_wconf 88' lang='lat' dir='ltr'><strong>quam</strong></span> <span class='ocrx_word' id='word_1_533' title='bbox 1122 2215 1190 2235; x_wconf 88' lang='lat' dir='ltr'><strong>non</strong></span> <span class='ocrx_word' id='word_1_534' title='bbox 1214 2205 1420 2244; x_wconf 84' lang='lat' dir='ltr'><strong>aediliciam,</strong></span> <span class='ocrx_word' id='word_1_535' title='bbox 1452 2215 1503 2239; x_wconf 83' lang='lat' dir='ltr'><strong>set</strong></span> <span class='ocrx_word' id='word_1_536' title='bbox 1525 2210 1737 2241; x_wconf 82' lang='lat' dir='ltr'><strong>consularem</strong></span> <span class='ocrx_word' id='word_1_537' title='bbox 1760 2211 1933 2252; x_wconf 87' lang='lat' dir='ltr'><strong>repulsam</strong></span> <span class='ocrx_word' id='word_1_538' title='bbox 1955 2215 2013 2240; x_wconf 85' lang='lat' dir='ltr'><strong>tu-</strong></span> 
     </span>
     <span class='ocr_line' id='line_1_41' title="bbox 122 2249 2012 2301; baseline 0.006 -19"><span class='ocrx_word' id='word_1_539' title='bbox 122 2250 210 2282; x_wconf 82' lang='lat' dir='ltr'><strong>lisse.</strong></span> <span class='ocrx_word' id='word_1_540' title='bbox 256 2249 314 2280; x_wconf 82' lang='lat' dir='ltr'><strong>Set</strong></span> <span class='ocrx_word' id='word_1_541' title='bbox 336 2255 449 2291; x_wconf 88' lang='lat' dir='ltr'><strong>potest</strong></span> <span class='ocrx_word' id='word_1_542' title='bbox 474 2249 614 2280; x_wconf 87' lang='lat' dir='ltr'><strong>obscura</strong></span> <span class='ocrx_word' id='word_1_543' title='bbox 635 2262 688 2282; x_wconf 83' lang='lat' dir='ltr'><strong>res</strong></span> <span class='ocrx_word' id='word_1_544' title='bbox 710 2252 818 2284; x_wconf 87' lang='lat' dir='ltr'><strong>tribus</strong></span> <span class='ocrx_word' id='word_1_545' title='bbox 842 2253 1007 2295; x_wconf 76' lang='lat' dir='ltr'><strong>explicari</strong></span> <span class='ocrx_word' id='word_1_546' title='bbox 1029 2256 1161 2287; x_wconf 80' lang='lat' dir='ltr'><strong>modis:</strong></span> <span class='ocrx_word' id='word_1_547' title='bbox 1198 2258 1349 2299; x_wconf 85' lang='lat' dir='ltr'><strong>primum</strong></span> <span class='ocrx_word' id='word_1_548' title='bbox 1374 2260 1434 2290; x_wconf 91' lang='lat' dir='ltr'><strong>illo</strong></span> <span class='ocrx_word' id='word_1_549' title='bbox 1459 2261 1680 2301; x_wconf 81' lang='lat' dir='ltr'><strong>Manutian03</strong></span> <span class='ocrx_word' id='word_1_550' title='bbox 1719 2262 1841 2294; x_wconf 83' lang='lat' dir='ltr'><strong>deinde</strong></span> <span class='ocrx_word' id='word_1_551' title='bbox 1864 2262 1892 2293; x_wconf 89' lang='lat' dir='ltr'><strong>si</strong></span> <span class='ocrx_word' id='word_1_552' title='bbox 1919 2261 2012 2293; x_wconf 82' lang='lat' dir='ltr'><strong>dica-</strong></span> 
     </span>
     <span class='ocr_line' id='line_1_42' title="bbox 122 2301 2012 2355; baseline 0.007 -21"><span class='ocrx_word' id='word_1_553' title='bbox 122 2314 198 2334; x_wconf 90' lang='lat' dir='ltr'><strong>mus</strong></span> <span class='ocrx_word' id='word_1_554' title='bbox 223 2302 259 2333; x_wconf 89' lang='lat' dir='ltr'><strong>in</strong></span> <span class='ocrx_word' id='word_1_555' title='bbox 281 2301 454 2334; x_wconf 86' lang='lat' dir='ltr'><strong>aedilitate</strong></span> <span class='ocrx_word' id='word_1_556' title='bbox 475 2302 669 2341; x_wconf 80' lang='lat' dir='ltr'><strong>Serranum,</strong></span> <span class='ocrx_word' id='word_1_557' title='bbox 693 2303 728 2334; x_wconf 92' lang='lat' dir='ltr'><strong>in</strong></span> <span class='ocrx_word' id='word_1_558' title='bbox 752 2305 928 2336; x_wconf 88' lang='lat' dir='ltr'><strong>consulatu</strong></span> <span class='ocrx_word' id='word_1_559' title='bbox 948 2308 1117 2339; x_wconf 88' lang='lat' dir='ltr'><strong>Manlium</strong></span> <span class='ocrx_word' id='word_1_560' title='bbox 1131 2310 1251 2340; x_wconf 76' lang='lat' dir='ltr'><strong>Catulo</strong></span> <span class='ocrx_word' id='word_1_561' title='bbox 1274 2311 1364 2352; x_wconf 83' lang='lat' dir='ltr'><strong>patri</strong></span> <span class='ocrx_word' id='word_1_562' title='bbox 1389 2311 1490 2344; x_wconf 78' lang='lat' dir='ltr'><strong>fuisse</strong></span> <span class='ocrx_word' id='word_1_563' title='bbox 1512 2315 1721 2355; x_wconf 76' lang='lat' dir='ltr'><strong>praelatum3</strong></span> <span class='ocrx_word' id='word_1_564' title='bbox 1748 2315 1846 2346; x_wconf 84' lang='lat' dir='ltr'><strong>tertio</strong></span> <span class='ocrx_word' id='word_1_565' title='bbox 1869 2314 1898 2346; x_wconf 92' lang='lat' dir='ltr'><strong>si</strong></span> <span class='ocrx_word' id='word_1_566' title='bbox 1921 2315 2012 2346; x_wconf 86' lang='lat' dir='ltr'><strong>hunc</strong></span> 
     </span>
     <span class='ocr_line' id='line_1_43' title="bbox 122 2353 2010 2409; baseline 0.006 -23"><span class='ocrx_word' id='word_1_567' title='bbox 122 2355 238 2386; x_wconf 86' lang='lat' dir='ltr'><strong>locum</strong></span> <span class='ocrx_word' id='word_1_568' title='bbox 268 2354 309 2385; x_wconf 89' lang='lat' dir='ltr'><strong>de</strong></span> <span class='ocrx_word' id='word_1_569' title='bbox 344 2367 412 2386; x_wconf 84' lang='lat' dir='ltr'><strong>uua</strong></span> <span class='ocrx_word' id='word_1_570' title='bbox 440 2353 612 2385; x_wconf 83' lang='lat' dir='ltr'><strong>aedilitate</strong></span> <span class='ocrx_word' id='word_1_571' title='bbox 640 2366 717 2387; x_wconf 89' lang='lat' dir='ltr'><strong>cum</strong></span> <span class='ocrx_word' id='word_1_572' title='bbox 746 2357 899 2389; x_wconf 79' lang='lat' dir='ltr'><strong>Feri-atio</strong></span> <span class='ocrx_word' id='word_1_573' title='bbox 929 2359 1183 2403; x_wconf 86' lang='lat' dir='ltr'><strong>intellegamus,</strong></span> <span class='ocrx_word' id='word_1_574' title='bbox 1228 2362 1274 2393; x_wconf 86' lang='lat' dir='ltr'><strong>ita</strong></span> <span class='ocrx_word' id='word_1_575' title='bbox 1296 2369 1335 2394; x_wconf 89' lang='lat' dir='ltr'><strong>ut</strong></span> <span class='ocrx_word' id='word_1_576' title='bbox 1357 2365 1476 2396; x_wconf 82' lang='lat' dir='ltr'><strong>Catulo</strong></span> <span class='ocrx_word' id='word_1_577' title='bbox 1508 2366 1601 2398; x_wconf 85' lang='lat' dir='ltr'><strong>illam</strong></span> <span class='ocrx_word' id='word_1_578' title='bbox 1625 2374 1762 2409; x_wconf 86' lang='lat' dir='ltr'><strong>petente</strong></span> <span class='ocrx_word' id='word_1_579' title='bbox 1786 2369 1950 2399; x_wconf 80' lang='lat' dir='ltr'><strong>Serranus</strong></span> <span class='ocrx_word' id='word_1_580' title='bbox 1977 2373 2010 2397; x_wconf 88' lang='lat' dir='ltr'><strong>et</strong></span> 
     </span>
     <span class='ocr_line' id='line_1_44' title="bbox 123 2406 2010 2463; baseline 0.007 -24"><span class='ocrx_word' id='word_1_581' title='bbox 123 2407 273 2439; x_wconf 88' lang='lat' dir='ltr'><strong>Manlius</strong></span> <span class='ocrx_word' id='word_1_582' title='bbox 300 2406 431 2439; x_wconf 88' lang='lat' dir='ltr'><strong>suerint</strong></span> <span class='ocrx_word' id='word_1_583' title='bbox 458 2406 562 2438; x_wconf 86' lang='lat' dir='ltr'><strong>simul</strong></span> <span class='ocrx_word' id='word_1_584' title='bbox 585 2408 710 2440; x_wconf 84' lang='lat' dir='ltr'><strong>aediles</strong></span> <span class='ocrx_word' id='word_1_585' title='bbox 739 2410 872 2441; x_wconf 84' lang='lat' dir='ltr'><strong>curules</strong></span> <span class='ocrx_word' id='word_1_586' title='bbox 900 2409 996 2443; x_wconf 87' lang='lat' dir='ltr'><strong>facti:</strong></span> <span class='ocrx_word' id='word_1_587' title='bbox 1035 2424 1113 2444; x_wconf 90' lang='lat' dir='ltr'><strong>nam</strong></span> <span class='ocrx_word' id='word_1_588' title='bbox 1138 2414 1310 2457; x_wconf 89' lang='lat' dir='ltr'><strong>duplicem</strong></span> <span class='ocrx_word' id='word_1_589' title='bbox 1332 2416 1368 2447; x_wconf 85' lang='lat' dir='ltr'><strong>in</strong></span> <span class='ocrx_word' id='word_1_590' title='bbox 1393 2418 1514 2449; x_wconf 86' lang='lat' dir='ltr'><strong>Catulo</strong></span> <span class='ocrx_word' id='word_1_591' title='bbox 1537 2419 1717 2452; x_wconf 83' lang='lat' dir='ltr'><strong>aedilitatis</strong></span> <span class='ocrx_word' id='word_1_592' title='bbox 1745 2421 1918 2463; x_wconf 81' lang='lat' dir='ltr'><strong>repulsam</strong></span> <span class='ocrx_word' id='word_1_593' title='bbox 1940 2426 2010 2451; x_wconf 83' lang='lat' dir='ltr'><strong>sta-</strong></span> 
     </span>
    </p>

    <p class='ocr_par' dir='ltr' id='par_1_5' title="bbox 1554 2477 1588 2502">
     <span class='ocr_line' id='line_1_45' title="bbox 1554 2477 1588 2502; baseline 0.029 -1"><span class='ocrx_word' id='word_1_594' title='bbox 1554 2477 1588 2502; x_wconf 83' lang='grc'><strong>22</strong></span> 
     </span>
    </p>
   </div>
  </div>
 </body>
</html>
