2185 2720
190 174 235 201 Vl

209 460 278 487 eR.

206 1232 280 1262 eli.

852 171 1384 200 PROLEGOMENA.

245 249 263 274 ¹.
300 246 447 275 uolumen
473 245 605 274 chartac.
632 244 788 283 eleganter
813 245 980 284 scriptum,
1012 247 1169 285 plurumas
1198 256 1258 274 orr.
1287 245 1449 273 continens
1474 244 1508 273 in
1533 245 1610 273 bibl.
1631 244 1711 274 Coll.
1730 245 1819 274 Line.
1841 245 1937 285 (nuni.
1959 245 2000 274 14.
2021 245 2055 274 in

301 293 405 331 cult).
443 295 529 322 Haec
549 292 692 330 nihilque
712 292 842 330 amplius
863 294 909 321 cd.
932 294 991 322 Ox.
1012 304 1042 332 p.
1058 303 1097 332 9..
1133 294 1234 323 Multa
1254 293 1349 321 uerba
1377 302 1466 330 saepe
1493 297 1609 320 temere
1636 293 1768 329 omittit,
1801 294 1969 332 scribitque
1989 293 2057 321 sere

301 351 421 380 semper
448 342 667 369 Laterenensis
691 350 751 379 pro
776 340 975 376 Laterensis,
1016 351 1106 380 quam
1137 342 1233 369 solam
1264 340 1329 368 cius
1357 339 1594 378 discrepantiam
1621 339 1792 378 scripturae
1816 351 1880 369 non
1906 341 2059 368 adnotan-

300 390 366 418 dam
385 388 504 427 putaui.

302 458 362 486 142.
390 456 488 485 codex
509 455 643 484 chartac.
661 454 732 489 fot,
759 464 821 482 non
841 455 932 483 nimis
953 456 1119 495 diligenter
1140 458 1273 496 scriptus
1300 460 1371 484 ante
1391 464 1485 482 annos
1505 453 1597 491 paulo
1616 454 1687 492 plns
1708 454 1796 483 CCC.
1830 454 1977 483 Continet
1996 463 2058 482 orr.

300 506 334 540 5,
354 515 411 543 pro
432 506 545 540 Marc.‚
570 513 627 542 pro
648 502 772 537 Deion,
798 512 855 539 pro
876 503 942 540 lege
961 505 1063 540 Man.‚
1089 515 1146 544 pro
1168 505 1253 540 Mi1.‚
1280 508 1310 531 et
1330 513 1387 541 pro
1409 502 1464 530 Cn.
1485 502 1628 537 Plancio,
1655 501 1746 529 huius
1767 508 1867 530 autem
1886 506 2059 540 postremae

300 562 394 591 pauca
414 551 534 579 desunt.
572 551 657 579 Hace
678 559 734 577 nec
755 549 916 587 quicquam
937 552 1066 590 amplius
1087 553 1132 580 ed.
1154 552 1214 579 Ox.
1235 562 1264 589 p.
1283 560 1334 578 12..
1354 565 1392 570 ——
1413 549 1521 577 Codex
1541 549 1676 577 omnium
1697 555 1744 577 est
1762 560 1937 588 pessumus,
1957 548 2059 576 nulla·-

300 608 358 636 qne
378 609 412 626 re
433 599 493 626 nisi
515 596 700 635 corruptelis
722 601 751 624 et
773 597 939 626 uerborum
960 600 1178 628 omissionibus
1200 598 1336 627 excellit.
1376 596 1597 634 Neglegentiae
1617 602 1718 624 autem
1739 607 1827 634 quam
1847 605 1987 625 maxume
2007 604 2060 623 ac-

303 646 468 674 eussandus
490 650 535 672 est
555 645 606 672 cd.
624 644 700 680 Ox„
729 644 781 682 qui
803 654 950 682 quaenam
971 646 1072 675 desint
1092 647 1123 675 in
1144 647 1203 675 1100
1225 646 1347 680 codice,
1368 645 1499 672 lectores
1519 654 1582 672 non
1601 645 1765 672 monuerit.
1805 645 2060 673 Conmemoratm·

301 702 340 720 ex
361 703 396 720 00
418 692 560 720 lectionis
586 692 718 719 uarietas
746 696 865 719 tantum
892 702 988 730 nsque
1009 694 1045 722 ad
1072 704 1097 722 c.
1118 695 1176 722 IX.
1203 693 1231 733 §.
1248 694 1310 728 24„
1342 692 1397 720 ubi
1423 703 1480 730 pro
1507 691 1621 720 honore
1640 691 1752 719 habere
1772 692 1915 720 honorem
1935 689 2059 718 dicitur.

301 740 337 768 Iu
357 740 476 777 reliqua
496 739 644 766 orationis
665 743 752 776 parte
772 743 875 767 utrum
897 742 1088 769 consenserit
1108 742 1222 779 ubique
1244 751 1313 768 cum
1334 739 1455 768 Oliueti
1475 744 1581 773 textu,
1602 749 1732 776 quocum
1754 739 1869 766 conlati
1889 738 1977 766 codd.
1998 736 2059 764 Ox.

302 791 388 821 sunt,
415 796 452 813 an
472 796 598 824 prorsus
620 796 681 813 non
703 786 841 814 conlatus
863 787 919 822 sit,
952 798 990 816 an
1011 789 1142 826 denique
1163 788 1328 824 defecerit,
1360 788 1396 815 ab
1418 787 1464 814 ed.
1486 787 1546 814 Ox.
1567 796 1629 813 non
1651 786 1822 813 edocemur.
1862 783 2062 813 consensisse

300 834 415 872 ubique
436 843 505 860 cum
527 832 649 860 01111011
669 837 757 860 textu
779 834 872 861 statui
892 835 978 863 nullo
999 841 1088 873 pacto
1110 840 1223 873 potest.
1262 834 1472 872 Argumentis,
1493 844 1568 872 quae
1589 834 1829 862 cuidentissuma
1849 832 1968 860 adferre
1987 839 2062 868 pos-

300 890 382 914 sum,
415 879 448 907 in
469 889 501 907 re
522 879 612 917 plana
632 879 712 908 nihil
734 891 810 918 opus
831 886 886 909 est.
926 882 1033 921 Itaque
1060 883 1180 920 reliqna
1200 888 1251 911 11111
1273 882 1393 917 omisit,
1428 886 1496 917 aut,
1528 881 1611 918 qnod
1631 891 1686 918 ego
1708 881 1816 916 credo,
1850 875 1993 916 indignus
2014 880 2061 904 est

299 925 422 954 habitus
442 926 478 953 ab
509 926 554 954 ed.
576 926 654 962 Ox.,
693 927 745 965 qui
766 927 798 954 111
818 929 948 966 reliquis
969 931 1181 965 conferretur,
1216 940 1284 958 cum
1305 929 1386 958 nihil
1406 928 1481 956 boni
1511 938 1550 956 cx
1570 938 1605 955 co
1627 933 1784 956 enotatnm
1805 931 1884 955 05501
1903 925 1936 953 111
1957 924 2061 963 priore

304 984 348 1001 or.
370 977 468 1011 parte.
509 972 713 1010 Gai-atomus,
741 975 792 1012 qui
814 975 851 1003 ad
872 986 937 1004 cam
957 987 1021 1005 rem
1042 988 1105 1006 non
1126 977 1324 1011 aduertisset,
1359 975 1602 1004 comnemorauit
1631 975 1767 1004 codicem
1786 984 1883 1013 usque
1904 973 1940 1001 ad
1960 982 1985 1000 c.
2005 971 2063 1006 34„

301 1021 355 1049 ubi
376 1019 510 1058 primum
531 1021 716 1049 incredibile
737 1022 767 1049 ei
787 1022 903 1058 uisum,
923 1023 984 1061 legi
1005 1024 1037 1052 in
1058 1036 1094 1054 co
1116 1027 1239 1059 codice,
1261 1023 1342 1061 quod
1361 1023 1475 1060 reliqui
1494 1027 1617 1060 practer
1637 1022 1661 1049 B
1682 1027 1713 1050 et
1731 1022 1758 1049 E
1780 1032 1884 1049 omnes
1905 1020 2062 1053 omittunt,

300 1067 429 1096 uerbum
458 1068 617 1104 discipulo.
657 1068 741 1096 Hinc
762 1079 778 1096 a
805 1079 829 1096 c.
850 1079 876 1107 9.
897 1081 994 1108 usque
1014 1071 1051 1099 ad
1077 1082 1102 1099 0.
1122 1072 1168 1099 34.
1197 1081 1289 1109 saepe
1317 1070 1434 1098 errauit
1460 1070 1510 1097 uir
1529 1080 1677 1105 summus,
1713 1069 1765 1107 qui
1786 1068 1886 1097 codici
1910 1067 2062 1096 lectiones

300 1114 504 1150 adtribuerit,
533 1125 605 1152 quas
633 1115 742 1153 quouis
763 1115 893 1153 pignore
914 1117 947 1144 in
968 1128 1004 1145 00
1024 1128 1087 1146 non
1114 1119 1175 1156 legi
1196 1118 1371 1153 contende,
1402 1117 1445 1153 si,
1473 1117 1556 1155 quod
1575 1117 1742 1153 nescimus,
1769 1117 1859 1145 istam
1879 1125 1923 1144 or.
1943 1117 2062 1153 partem

299 1162 445 1190 seruauit.
483 1163 513 1190 A
535 1162 704 1191 Garatonio
725 1162 757 1190 in
778 1172 916 1192 errorem
936 1174 968 1192 se
988 1165 1099 1193 abduci
1117 1176 1224 1204 passus
1246 1165 1385 1193 Orellius
1406 1169 1460 1192 est.

303 1230 362 1259 145.
384 1229 482 1258 codex
502 1231 630 1259 membr.
655 1230 712 1258 sol.
737 1230 837 1258 nitide
862 1236 953 1269 atque
979 1239 1118 1262 accurate
1146 1235 1279 1272 scriptus
1306 1238 1376 1262 ante
1403 1242 1498 1261 annos
1519 1232 1646 1260 circiter
1666 1232 1787 1261 CCCL.
1825 1233 1912 1261 Haec
1931 1230 1978 1258 ed.
1999 1229 2062 1257 Ox.

298 1287 328 1315 p.
347 1286 399 1304 12..
439 1277 588 1305 Continet
607 1282 729 1316 praeter
750 1277 944 1307 Plancianam
967 1289 997 1308 11
1022 1280 1094 1308 alias
1115 1291 1186 1317 orn,
1207 1282 1244 1309 ab
1266 1281 1313 1310 ed.
1334 1281 1395 1309 Ox.
1414 1285 1607 1309 memoratas.
1638 1280 1724 1309 Idem
1745 1280 1781 1308 de
1800 1279 1861 1308 hoc
1881 1278 1947 1307 cod.
1967 1275 2062 1310 valet,

299 1323 381 1362 quod
401 1323 437 1351 de
457 1324 544 1352 codd.
567 1325 608 1360 C,
626 1325 675 1361 Η,
697 1329 727 1353 01
745 1325 857 1353 Dresd.
878 1326 1004 1355 dictum.

185 1401 204 1429 χ
217 1393 273 1426 1,3.
282 1392 323 1420 N.
340 1392 438 1420 codex
457 1393 585 1420 membr.
613 1393 666 1421 fol.
689 1393 768 1421 Coll.
789 1393 871 1421 Non.
891 1393 926 1422 in
947 1394 1042 1423 Catal.
1063 1395 1152 1424 Bodl.
1175 1398 1254 1426 1213.
1276 1396 1426 1426 Continet
1446 1406 1506 1424 orr.
1526 1397 1589 1433 37.,
1618 1405 1745 1433 quarum
1766 1395 1842 1424 duae
1862 1394 1932 1434 (pro
1952 1392 2060 1421 Deiot.

185 1936 220 1967 ψ,
235 1931 272 1959 Β.

297 1444 328 1467 01
347 1438 380 1466 111
401 1438 468 1467 Cat.
486 1438 527 1477 2.)
548 1440 594 1467 bis
614 1440 769 1477 leguntur.
808 1440 900 1468 Prior
920 1441 1006 1469 loeus
1027 1442 1206 1480 designatur
1224 1459 1239 1480 χ
1263 1453 1272 1471 1
1285 1465 1293 1479 ,
1314 1444 1392 1471 alter
1412 1459 1427 1480 χ
1446 1445 1480 1480 33
1508 1449 1539 1471 et
1560 1454 1626 1471 cum
1648 1444 1773 1472 candem
1792 1449 1923 1481 uterque
1942 1440 2056 1469 lectio-

298 1495 368 1514 nem
389 1485 532 1521 exhibet,
554 1499 568 1520 χ
584 1497 612 1523 1,
633 1489 658 1516 3.
698 1487 809 1515 Nitide
830 1487 993 1524 scribitur,
1025 1494 1131 1528 atque,
1158 1496 1192 1518 ut
1212 1491 1407 1529 plurumum,
1442 1491 1514 1519 satis
1535 1491 1708 1528 diligenter.
1746 1490 1910 1518 Annorum
1930 1487 2057 1518 circiter

297 1533 386 1561 CCC.
426 1534 511 1562 Haec
533 1535 578 1562 ed.
601 1534 660 1562 Ox.
689 1545 717 1572 p.
741 1536 792 1563 15..
813 1549 850 1555 -
871 1534 987 1564 Similis
1013 1537 1242 1575 neglegentiae,
1271 1539 1356 1567 cuius
1378 1539 1532 1577 arguimus
1554 1539 1628 1567 edit.
1648 1539 1708 1567 Ox.
1730 1538 1766 1566 ad
1787 1538 1852 1566 cod.
1872 1537 1923 1572 H,
1958 1535 2060 1563 denuo

295 1578 348 1607 hic
363 1579 562 1609 incussaudus
583 1587 638 1610 051.
672 1583 760 1610 Patet
775 1581 857 1609 enim
874 1591 912 1609 ex
928 1582 1032 1611 uerbis
1049 1585 1124 1620 eius,
1145 1586 1239 1613 semel
1254 1591 1373 1615 tantum
1388 1587 1421 1614 in
1438 1587 1497 1615 hoc
1514 1587 1621 1615 codice
1638 1597 1682 1614 or.
1699 1586 1892 1614 Plancianam
1912 1584 2059 1622 scriptam

296 1626 366 1664 legi.
388 1628 600 1657 Nihilominus
616 1639 685 1656 cum
702 1629 734 1656 in
754 1629 850 1657 uariis
864 1629 1053 1658 lectionibus
1070 1632 1256 1670 saepissume
1272 1649 1288 1671 χ
1306 1644 1316 1662 1
1336 1639 1367 1661 01
1386 1649 1401 1671 χ
1417 1635 1443 1670 3,
1460 1639 1491 1662 et
1506 1649 1521 1670 χ
1539 1643 1562 1669 1,
1580 1635 1598 1662 3
1613 1637 1890 1667 commemorentur,
1910 1631 2058 1669 ipsaeque

295 1678 388 1702 notae
414 1684 476 1711 χι,
503 1677 522 1704 3
555 1676 750 1714 praepositae
784 1675 847 1704 sint
878 1677 1034 1705 uariarum
1061 1679 1233 1708 lectionum
1261 1681 1415 1719 syllegae,
1446 1681 1620 1709 necessario
1650 1680 1890 1715 statuendumst,
1921 1684 2057 1707 nostram

295 1721 387 1749 etiam
413 1731 457 1749 or.
484 1721 518 1749 111
545 1722 604 1751 1510
627 1723 732 1751 codice
758 1723 807 1751 bis
834 1723 913 1761 legi,
947 1729 992 1752 set
1013 1726 1163 1755 editorem
1183 1727 1215 1755 id
1236 1728 1381 1756 adnotare
1403 1728 1534 1756 oblitum
1555 1738 1630 1756 esse.
1668 1729 1830 1756 Praeterea
1850 1737 1939 1765 saepe
1965 1726 2056 1754 etiam

296 1768 344 1796 ed.
366 1767 426 1796 Ox.
446 1768 479 1796 in
499 1779 580 1797 uarr.
601 1770 685 1799 lectt.
707 1771 770 1798 sola
790 1775 863 1798 nota
883 1786 899 1808 χ
919 1782 990 1799 115115
1012 1778 1071 1809 051,
1099 1779 1134 1802 111
1155 1776 1342 1810 nesciamus,
1363 1780 1432 1803 uter
1452 1776 1537 1803 locus
1558 1775 1722 1803 indicetur.
1762 1774 1798 1802 In
1818 1784 1885 1802 meo
1907 1777 2054 1812 apparatu

295 1815 406 1843 critico
427 1825 466 1843 ne
486 1826 630 1845 numerus
651 1828 719 1846 meo
748 1827 852 1846 errore
874 1818 1002 1846 omissus
1022 1826 1202 1858 putaretur,
1240 1832 1361 1862 semper
1380 1822 1602 1862 parentheseos
1623 1823 1715 1861 signis
1735 1824 1779 1851 5ἰο
1800 1821 1912 1850 addidi.
1950 1819 2053 1849 Huius

295 1863 387 1891 etiam
407 1862 475 1890 cod.
493 1873 556 1892 non
575 1865 673 1893 maior
693 1875 782 1903 quam
802 1866 1012 1894 antecedentis
1031 1870 1231 1906 praestantia,

292 1930 389 1959 codex
408 1931 466 1958 Ms.
494 1931 527 1959 in
553 1932 629 1960 bibl.
651 1933 730 1961 Coll.
750 1934 950 1963 Balliolensis
971 1936 1115 1966 Oxoniae
1142 1949 1181 1967 ex
1207 1939 1344 1978 quinque
1364 1945 1483 1969 constat
1509 1939 1719 1969 uoluminibus
1739 1939 1771 1966 in
1790 1937 1843 1967 fol.
1865 1942 1896 1965 et
1915 1935 2056 1964 continet

294 1978 392 2007 multo
412 1978 559 2007 maiorem
578 1985 697 2018 partem
717 1981 878 2010 Ciceronis
900 1993 1027 2021 operum
1048 1996 1117 2014 cum
1138 1986 1336 2024 quibusdam,
1364 1998 1439 2026 quae
1459 1989 1619 2026 supposita
1638 1987 1800 2016 habentur.
1838 1985 1936 2013 Hicce
1957 1982 2055 2011 codex

295 2030 340 2054 est
359 2025 501 2060 membr.‚
527 2026 746 2064 pulcherrume
767 2027 958 2067 descriptus,
985 2037 1015 2059 et
1035 2033 1172 2070 plurium
1192 2034 1382 2072 scriptorum
1401 2045 1506 2064 manus
1528 2034 1672 2070 exhibet,
1700 2044 1828 2072 quarum
1848 2041 1952 2061 omnes
1971 2031 2056 2058 lectu

295 2076 367 2100 suut
386 2071 571 2101 facillumae.
611 2073 684 2101 Non
705 2079 806 2102 autem
827 2077 953 2105 omniuo
974 2078 1089 2107 iniuria
1109 2086 1204 2109 uacat.
1245 2082 1325 2110 Nam
1346 2083 1378 2110 in
1398 2083 1503 2121 paucis
1530 2082 1607 2110 locis
1628 2081 1754 2120 paginae
1774 2086 1857 2108 totae
1877 2079 2055 2108 desideran-

293 2124 362 2154 tur,
391 2125 423 2147 et
443 2120 608 2157 conplures
635 2122 770 2160 turpiter
795 2125 954 2153 mutilatae
981 2131 1071 2162 sunt,
1104 2127 1219 2156 litteris
1241 2128 1413 2158 initialibus
1434 2140 1562 2169 operum
1589 2130 1762 2168 aliquorum
1788 2127 1952 2162 inauratis,
1985 2133 2053 2153 cum

295 2166 486 2203 marginibus
507 2177 610 2196 earum
630 2169 819 2207 splendidis,
854 2172 976 2201 excisis.
996 2189 1035 2195 —
1059 2176 1146 2204 Hace
1168 2176 1214 2204 ed.
1236 2176 1296 2205 Ox.
1318 2187 1348 2215 p.
1367 2177 1420 2206 16..
1459 2177 1550 2205 Addo
1580 2187 1657 2215 quae
1677 2177 1758 2204 idem
1784 2187 1817 2214 p.
1833 2186 1876 2213 17.
1896 2175 1932 2203 de
1950 2172 2051 2212 primo

294 2212 454 2264 uolumine
473 2216 610 2267 ¹¹³0J¹¹¹it²
641 2217 732 2252 »HOC
752 2218 814 2246 1101·
836 2229 929 2248 uoces
951 2223 1217 2262 quamplurumas,
1252 2224 1438 2260 sententias,
1466 2230 1497 2253 et
1516 2235 1745 2262 nonnumquam
1765 2223 1857 2251 etiam
1874 2220 2052 2260 paginarum

294 2269 424 2311 maiores
444 2267 558 2299 partis,
595 2273 671 2301 quae
697 2265 730 2292 in
749 2270 839 2294 textu
865 2268 993 2296 omissae
1013 2270 1155 2305 fuerunt,
1184 2270 1216 2298 in
1236 2270 1424 2308 marginibus
1446 2273 1583 2311 supplet5
1619 2272 1693 2310 quin
1720 2276 1751 2299 et
1774 2270 1924 2298 lectiones
1951 2266 2050 2295 uarias

295 2305 433 2343 exh1bet,
451 2309 505 2336 ubi
526 2309 584 2337 alia
605 2311 636 2339 in
657 2316 762 2347 textu,
784 2313 843 2341 alia
863 2314 895 2342 in
914 2317 1052 2354 margine
1071 2317 1238 2355 reperitur.
1266 2316 1411 2356 Denique
1432 2320 1485 2347 ubi
1505 2319 1697 2358 textus‘pars
1718 2319 1818 2356 aliqua
1838 2316 1931 2350 deest,
1952 2313 2051 2342 codex

293 2353 372 2380 Ball.
392 2356 524 2392 spatium
544 2367 675 2386 uacuum
694 2359 874 2397 linquendo,
895 2369 1009 2400 quanta
1028 2365 1078 2400 sit,
1099 2364 1228 2392 definire
1248 2364 1389 2400 uidetur,
1410 2372 1441 2395 et
1460 2367 1551 2395 simul
1573 2367 1687 2395 codicis
1707 2364 1862 2394 cuiusdam
1882 2361 2050 2390 auctorita-

295 2404 355 2428 tem
374 2401 493 2439 adlegat
513 2403 552 2442 (si
572 2405 663 2433 modo
684 2415 762 2434 unus
783 2407 824 2435 sit
843 2410 952 2447 codex,
969 2421 1033 2439 non
1052 2409 1171 2449 plures)
1192 2420 1282 2448 quem
1302 2421 1384 2440 nunc
1404 2415 1588 2453 antiquum,
1608 2423 1690 2442 nunc
1709 2411 1977 2450 antiquissimum,
1998 2412 2050 2435 ant

295 2450 536 2478 uetustissimum
554 2452 705 2490 appellat;
731 2463 878 2492 nusquam
897 2467 973 2486 uero
992 2458 1120 2487 titulum
1139 2457 1204 2486 eius
1225 2458 1372 2488 indicat.“
