2185 2720
866 200 906 230 Ι..
933 199 958 229 1.
1002 200 1037 229 c.
1065 199 1106 228 11.
1152 197 1180 239 ς.
1209 209 1236 229 2.
1944 201 1993 230 Χ]

189 279 223 308 C.
244 278 322 307 XX.
342 275 369 318 §.
390 278 436 308 50.
475 279 673 311 Laterensis,
693 278 722 306 si
739 276 776 305 id
779 286 792 312 ;
809 274 926 314 reliqui
945 277 973 303 si
993 275 1030 303 id
1046 275 1238 304 Laterensis.

187 326 317 356 Ibidem.
356 326 540 364 N'nmquam
561 327 643 354 enim
654 325 687 363 s
688 336 751 353 ere
771 324 919 352 nobilitas
925 333 938 358 ‚¹
956 323 1071 361 reliqui
1083 323 1158 361 fissre
1178 320 1336 349 omittunt.

187 375 316 403 Ibidem.
356 375 489 402 sicuti
508 383 569 402 esse
591 372 718 406 demin
744 371 858 410 reliqui
877 373 959 399 sicut
979 376 1046 399 etc..

188 422 223 451 C.
244 421 354 450 XXII.
375 419 402 460 §.
418 421 462 449 54.
501 422 671 449 Aniensem
691 431 711 448 a
729 421 870 448 Plotio
889 420 944 448 Pe
956 419 1040 452 clio;
1061 416 1176 456 reliqui
1196 426 1253 454 pro
1269 427 1289 444 a
1304 415 1410 444 Plotio
1425 415 1525 444 Pedio
1544 416 1635 446 miras
1656 417 1848 458 corruptelas
1867 416 1990 446 habent.

187 470 317 498 Ibidem.
357 471 391 498 in
411 469 493 497 idem
513 469 629 496 crimen
650 467 856 500 uocando5
879 466 994 504 reliqui
1015 466 1201 494 noc-andum.

188 518 317 545 Ibidem.
356 526 404 544 eos
424 516 510 543 testis
530 521 559 543 te
575 516 823 553 producere;
849 513 965 552 reliqui
985 513 1150 542 adducere.

188 565 223 593 C.
243 563 370 592 XXIII.
390 560 417 601 5.
437 562 482 590 55.
521 562 582 590 Sed
599 573 695 601 neque
715 569 750 591 tu
768 562 867 591 haec
886 561 1028 594 habes;
1047 559 1163 598 reliqui
1183 559 1239 587 secl
1256 569 1352 597 neque
1371 565 1405 587 tu
1425 559 1519 588 habes
1539 559 1624 588 haec.

188 611 222 640 C.
243 609 370 638 XXIII.
390 607 417 648 §.
438 609 484 637 56.
522 620 603 637 more
623 620 686 637 meo
701 612 858 648 pristino,·
875 609 991 647 reliqui
1011 608 1124 647 partim
1143 618 1208 635 meo
1224 607 1359 644 pristino
1379 616 1479 640 more,
1498 607 1611 645 partim
1630 616 1694 634 meo
1714 617 1796 634 more
1811 608 1958 644 pristino.

187 659 221 687 C.
242 656 370 685 XXIV.
390 654 418 694 §.
438 657 484 694 59.
523 657 568 686 ad
585 657 720 686 laborem
739 663 770 685 et
788 656 833 684 ad
850 657 977 685 laudem
997 658 1148 685 excitaret
1156 666 1168 689 ¹.·
1185 654 1301 692 reliqui
1321 654 1367 682 ad
1384 659 1453 681 ante
1474 655 1600 682 laudem
1620 653 1777 682 omittmlt.

187 705 222 734 C.
242 703 355 733 XXV.
374 701 402 742 §.
423 703 467 732 [30.
507 710 642 733 tamen.
661 705 780 733 eosdem
797 719 837 725 —-
857 704 1009 733 honorum
1024 704 1164 742 gradus;
1184 701 1299 739 reliqui
1319 707 1425 729 tamen
1445 702 1604 730 omittunt.

184 752 315 781 Eidem.
335 753 369 779 in
383 754 501 780 uirtute
522 762 581 780 mu
591 754 645 781 lti
662 763 735 780 sun
745 757 758 779 t
777 752 964 786 adscensus;
979 751 1094 789 reliqui
1106 756 1179 779 sunt
1194 748 1342 776 omittunt
1357 749 1560 787 sei-ibuntque
1574 749 1737 777 maximam
1746 754 1865 787 partem
1881 750 1998 776 multis.

186 801 221 829 C.
242 799 356 827 XXV.
374 796 402 837 §
423 798 468 826 61.
506 800 638 837 Profers
657 799 831 838 triumphos
854 800 889 829 T.
912 799 1018 838 Didi
1044 805 1073 827 et
1095 799 1124 827 C.
1145 798 1258 830 sslari5
1283 796 1399 834 reliqui
1418 798 1501 826 Didi
1521 797 1686 834 omittmst,
1712 807 1770 836 pro
1791 807 1852 835 quo
1873 796 1995 834 quidam

112 848 269 881 Gracchi,
287 857 367 875 unus
387 846 512 875 Manlii
528 846 631 876 habet.
718 849 724 852 ⁴

187 895 222 923 C.
242 894 355 922 XXV.
375 891 402 932 §.
425 893 469 922 62.
507 896 562 932 qni
580 905 619 923 se
642 894 763 933 afuisse
783 893 822 923 ab
842 895 910 922 istis
929 894 1044 922 studiis
1064 893 1273 929 confitentum
1293 891 1409 930 reliqui
1429 903 1461 921 se
1481 892 1639 921 omittunt.

186 942 316 970 Ibidem.
363 940 481 977 Quodsi
509 948 676 978 praeterea
709 952 817 971 nemo
850 947 908 970 est
938 941 1086 970 honore
1118 942 1287 977 dignus;
1332 939 1448 978 reliqui
1472 940 1587 979 partim
1615 940 1729 968 honore
1762 939 1876 976 (lignus
1910 948 1995 966 nemo

111 997 171 1024 est,
191 991 305 1030 partim
323 989 437 1017 honore
457 999 544 1016 nemo
563 989 678 1027 dignus
698 996 760 1027 est,
779 989 894 1028 partim
913 989 1027 1017 honore
1046 989 1161 1025 dignas
1180 998 1284 1021 nemo,
1304 988 1418 1026 partim
1438 989 1552 1018 honore
1572 990 1695 1026 dignus.

186 1039 220 1067 C.
240 1035 369 1067 XXVI.
389 1033 416 1074 §.
438 1035 482 1063 64.
522 1046 560 1064 ne
579 1036 658 1065 mihi
683 1038 822 1076 aliquid,
855 1037 990 1070 iudices,
1021 1036 1133 1064 uidear
1153 1036 1375 1074 adrogare;
1401 1036 1518 1075 reliqui
1537 1037 1705 1074 adrogasse
1726 1033 1876 1063 scribunt.
1917 1034 1994 1062 Cum

109 1088 135 1116 B
156 1091 187 1115 et
205 1086 232 1115 E
252 1084 328 1114 facit
346 1082 580 1111 Ambrosianus.

182 1133 312 1162 Ibidem.
352 1137 388 1160 ut
407 1141 467 1158 non
488 1132 535 1159 ita
554 1130 634 1159 mihi
652 1132 786 1160 multum
802 1132 968 1169 gloriae
986 1134 1048 1166 εἰη
1067 1131 1183 1169 reliqui
1200 1131 1325 1168 gloriae
1345 1130 1504 1160 omittunt.

181 1181 310 1210 Ibidem.
350 1185 408 1209 aut
427 1180 589 1207 clariorem
608 1185 665 1207 aut
679 1181 854 1217 gratiorem
861 1190 873 1214 ;
891 1178 1007 1217 reliqui
1026 1185 1082 1207 aut
1099 1180 1272 1217 gratiorem
1292 1184 1349 1206 aut
1369 1180 1541 1207 clariorem.

182 1229 312 1257 Ibidem.
351 1227 533 1264 Excogitaei
552 1226 682 1264 quidam.
701 1233 792 1255 erant
811 1238 832 1255 α
850 1226 966 1255 Siculis
985 1227 1174 1266 honores-in
1193 1237 1246 1254 me
1265 1226 1408 1254 inauditi
1416 1237 1428 1261 ,·
1447 1225 1561 1264 reliqui
1582 1227 1617 1254 in
1637 1235 1683 1253 me
1703 1223 1862 1253 omittunt.

184 1276 218 1305 C.
238 1275 367 1304 XXVI.
387 1273 414 1314 §.
435 1274 481 1302 65.
519 1275 554 1301 in
573 1275 613 1302 iis
631 1274 707 1302 locis
725 1277 822 1304 solent
842 1285 924 1310 esse;
949 1275 1064 1313 reliqui
1084 1273 1198 1313 partim
1218 1284 1280 1302 esse
1298 1274 1396 1301 solent
1415 1275 1450 1301 in
1469 1274 1510 1301 iis
1528 1274 1620 1309 locis,
1647 1271 1761 1312 partim
1781 1277 1818 1300 ut
1836 1271 1911 1300 solet
1933 1281 1995 1300 esse

108 1325 143 1352 in
162 1324 202 1352 iis
222 1323 313 1357 locis,
332 1322 447 1362 partim
466 1322 565 1350 solent
585 1332 647 1350 esse
666 1324 701 1350 in
720 1324 864 1352 iislocis.
1490 1326 1495 1330 '

181 1370 312 1399 Ibidem.
351 1370 551 1409 namquid
568 1381 657 1398 nam
677 1376 753 1399 esset
773 1372 868 1405 noui,·
886 1369 1002 1409 reliqui
1023 1380 1098 1397 mim
1118 1369 1198 1407 qnid
1214 1369 1248 1396 in
1268 1377 1305 1396 ea
1325 1373 1400 1396 esset
1420 1369 1505 1396 noui.

184 1418 218 1447 C.
238 1418 382 1448 XXVII.
403 1416 430 1457 §.
451 1418 496 1446 66.
536 1428 630 1456 quam
648 1419 677 1447 si
695 1418 776 1447 mihi
793 1424 860 1446 tum
874 1424 973 1447 essent
987 1428 1090 1446 omnes
1106 1417 1324 1455 gratulati
1330 1426 1343 1451 ;
1361 1415 1477 1455 reliqui
1491 1416 1713 1455 ‘congratulati
1731 1415 1882 1445 scribunt.
1914 1415 1992 1444 Cum

106 1465 132 1493 B
154 1469 184 1494 et
203 1465 230 1493 E
250 1465 327 1494 facit
345 1465 580 1494 Ambrosianus.

181 1512 311 1541 Ibidem.
350 1514 452 1541 oculos
480 1519 616 1541 antem
636 1522 722 1541 esse
747 1521 834 1541 acres
853 1518 947 1552 atque
966 1519 1096 1548 acutos;
1128 1511 1245 1550 reliqui
1264 1511 1379 1550 partim
1399 1513 1501 1540 oculos
1521 1521 1608 1541 aeres
1627 1518 1721 1551 atque
1741 1518 1850 1541 acutos
1868 1511 1990 1546 hahere,

106 1559 220 1598 partim
241 1560 344 1587 oculos
364 1570 450 1588 acres
470 1566 577 1588 acatos
597 1559 724 1596 habere,
744 1560 858 1598 partim
879 1562 982 1590 oculos
1002 1571 1088 1590 acres
1108 1560 1230 1588 habere.

183 1608 217 1636 C.
237 1607 382 1636 XXVII.
401 1605 429 1646 §.
450 1607 494 1644 (37.
534 1608 637 1636 ualuit
657 1608 864 1636 adseruandis
884 1611 1014 1643 amicis,·
1039 1608 1155 1646 reliqui
1176 1614 1218 1636 at
1238 1609 1344 1637 ualuit
1362 1608 1550 1637 seraand
1555 1610 1589 1637 is
1609 1608 1726 1637 amieis.

180 1655 310 1684 Ibidem.
349 1665 394 1684 ea
412 1661 458 1684 est
477 1664 551 1683 usus
569 1656 692 1683 ratione
716 1657 848 1692 uitae,
876 1668 959 1696 qua;
983 1657 1099 1696 reliqui
1119 1667 1156 1685 ea
1177 1660 1210 1684 et
1235 1658 1321 1684 uitae
1346 1656 1513 1693 omittunt,
1545 1666 1725 1696 quamquam
1746 1667 1782 1684 ea
1802 1655 1835 1684 in
1857 1656 1876 1683 S
1898 1655 1989 1684 etiam

106 1708 211 1732 extare
231 1703 367 1733 uidetur.

179 1751 309 1781 Ibidem.
349 1756 424 1780 sunt
450 1750 568 1780 eosdem
585 1749 714 1780 honores
733 1754 891 1781 consecuti
897 1763 910 1788 ,·
942 1754 1058 1793 reliqui
1077 1753 1192 1793 partim
1213 1753 1331 1781 eosdem
1349 1752 1478 1782 honores
1499 1754 1654 1781 consecuti
1673 1757 1764 1785 sunt,
1790 1750 1905 1791 partim
1927 1761 1990 1779 eos-

104 1799 172 1828 dem
191 1799 320 1828 honores
340 1805 415 1828 sunt
435 1800 607 1832 consecuti,
627 1799 741 1838 partim
761 1801 878 1829 eosdem
893 1800 1024 1830 honores
1044 1803 1206 1830 consecuti.

179 1847 213 1876 C.
233 1847 395 1875 XXVIII.
415 1844 442 1886 5.
464 1846 509 1884 69.
541 1848 627 1884 quin,
647 1857 733 1875 cum
748 1858 806 1885 per
824 1848 908 1877 hunc
928 1859 975 1878 me
994 1851 1034 1878 iis
1055 1854 1274 1878 conseruatum
1294 1857 1356 1876 esse
1376 1849 1566 1876 meminerim
1574 1857 1588 1883 ;
1605 1847 1721 1886 reliqui
1741 1857 1811 1875 cum
1832 1846 1989 1874 omittunt.

178 1895 212 1924 C.
233 1895 364 1924 XXIX.
384 1893 411 1933 §.
433 1894 478 1932 69.
517 1899 546 1922 et
558 1894 710 1932 familiae
729 1895 939 1925 nobilissimae
960 1898 1061 1926 dicere
1069 1909 1081 1932 ;
1106 1896 1222 1935 reliqui
1243 1902 1272 1924 et
1283 1896 1436 1934 familiae
1455 1905 1554 1924 snae
1573 1895 1784 1924 nobilissimae
1805 1895 1915 1923 dicere.

179 1942 214 1971 C.
234 1942 365 1971 XXIX.
385 1940 412 1981 5.
434 1951 478 1977 71.
518 1942 581 1970 nisi
596 1942 714 1980 forte
733 1944 912 1978 existimas5
938 1944 1055 1983 reliqui
1074 1945 1164 1983 sorte
1185 1943 1343 1972 omittunt.

178 1989 305 2018 Ibidem.
346 1989 430 2028 qnod
447 1990 484 2017 de
503 1989 609 2018 reditu
629 2000 693 2018 meo
713 1991 826 2020 nihil
843 1993 988 2021 timerent
995 2003 1007 2027 ;
1027 1992 1143 2031 reliqui
1162 2002 1220 2031 pro
1241 1991 1326 2020 nihil
1343 1991 1486 2020 scribunt
1505 2001 1577 2019 non.

178 2036 212 2065 C.
232 2037 346 2066 XXX.
366 2036 394 2077 5.
417 2047 462 2075 72.
494 2044 674 2076 protectum
693 2040 728 2067 in
747 2041 814 2068 acie
835 2051 878 2068 ex
897 2039 1032 2068 hostium
1051 2040 1196 2069 manibus
1217 2041 1298 2078 eripi
1305 2050 1318 2074 ,-
1336 2039 1452 2077 reliqui
1469 2050 1504 2068 ex
1524 2038 1683 2067 omittunt.

178 2083 212 2113 C.
232 2084 345 2113 XXX.
365 2083 393 2125 §.
415 2086 460 2124 74.
497 2086 657 2114 Recitetur
677 2089 797 2122 oratio,
822 2098 901 2126 quae
915 2093 1046 2125 propter
1065 2090 1126 2117 rei
1145 2088 1398 2125 magnitudinem
1405 2097 1417 2122 ;
1435 2086 1551 2125 reliqui
1571 2096 1629 2125 pro
1649 2086 1696 2113 rei
1715 2083 1858 2112 scribunt
1878 2084 1952 2112 eius.

177 2131 211 2160 C.
231 2130 361 2161 XXXI.
381 2131 408 2172 §.
430 2134 474 2170 75.
514 2134 565 2162 De
586 2134 687 2172 Cispio
714 2135 816 2163 mihi
841 2137 977 2173 igitur
1002 2135 1134 2171 obicies;
1166 2135 1283 2174 reliqui
1309 2145 1367 2174 pro
1389 2134 1469 2162 mihi
1494 2136 1595 2172 igitur
1619 2133 1734 2172 partim
1755 2131 1832 2160 mihi
1851 2131 1988 2163 uidetur,

101 2180 214 2220 partim
234 2180 314 2208 mihi
332 2182 387 2214 iis,
407 2180 520 2219 partim
541 2182 657 2210 mihine
678 2189 713 2211 m
732 2181 884 2210 scribunt.

175 2228 210 2257 C.
230 2227 361 2256 XXXI.
380 2226 408 2267 5.
429 2228 473 2265 76.
517 2229 596 2258 Uide
615 2240 710 2268 quam
729 2229 819 2258 uerbi
839 2232 889 2258 tui
901 2232 1084 2268 poeniteat;
1103 2231 1218 2270 reliqui
1238 2232 1311 2260 uide
1330 2240 1426 2270 quam
1445 2241 1500 2259 me
1520 2229 1609 2258 uerbi
1627 2231 1676 2257 tui
1689 2229 1858 2267 poeniteat.

174 2276 303 2305 Ibidem.
341 2275 436 2304 huius
459 2276 494 2303 in
516 2278 655 2313 periculo
677 2289 740 2307 non
758 2278 972 2317 significarem
991 2279 1125 2308 dolorem
1146 2290 1268 2316 meum;
1297 2278 1415 2317 reliqui
1434 2278 1530 2307 haias
1550 2278 1585 2306 in
1599 2277 1742 2315 periculo
1768 2285 1830 2302 non
1850 2273 1985 2302 dolorem

99 2336 200 2355 meum
219 2325 440 2363 significarem.

173 2373 208 2402 C.
228 2371 376 2401 XXXII.
396 2369 425 2410 5.
446 2380 490 2408 77.
529 2382 601 2400 cum
626 2378 786 2404 tantum
813 2375 879 2404 iam
905 2376 1038 2405 Plancio
1065 2376 1203 2405 deberem
1210 2386 1223 2411 ;
1254 2374 1371 2414 reliqui
1397 2379 1522 2403 tantum
1549 2371 1706 2401 omittunt.
1747 2369 1825 2398 Cum
1851 2369 1876 2397 B
1905 2374 1936 2398 et
1956 2368 1983 2396 E

99 2421 174 2450 facit
192 2419 425 2449 Ambrosianus.

173 2468 208 2497 C.
228 2467 376 2496 XXXII.
396 2464 423 2506 §.
445 2468 490 2503 78.
528 2467 645 2497 idcirco
664 2469 768 2497 minus
785 2471 977 2502 lubenter
1004 2472 1123 2501 iudices
1141 2481 1210 2501 mea
1230 2481 1328 2500 causa
1339 2469 1510 2508 factm-055
1539 2466 1656 2506 reliqui
1674 2466 1814 2497 lubenter
1834 2466 1982 2495 omittunt

100 2521 130 2545 et
148 2516 244 2545 uerba
261 2514 382 2553 reliqua
401 2514 464 2543 alio
485 2516 596 2545 ordine
617 2517 790 2546 conlocant.

1517 2565 1566 2585 ἢ*

1517 2588 1533 2595 a
