2185 2720
172 170 227 199 248

174 241 218 269 At
242 239 390 278 singulari
410 237 636 277 significatione
654 238 719 266 218.
738 237 784 264 At
800 241 831 265 et
845 236 898 267 Ad
901 236 1074 275 particulae

249 288 411 317 Ciceronis
431 291 531 316 aetate
560 296 624 314 non
645 284 898 313 discernebantur
919 284 1074 325 scriptura

250 338 315 367 218.
334 337 377 367 At
401 342 432 365 et
445 336 487 364 Et
504 337 678 374 permutata
691 342 738 372 91.

176 384 293 413 Atilius
315 384 472 414 Calatinus
501 382 562 412 161.

177 432 288 468 Atina,
307 432 379 461 urbs
398 430 585 460 Uolscorum
603 429 648 460 84.
668 428 701 458 111
715 427 801 457 tribu
815 425 986 456 Terentina
1005 426 1072 456 suf-

251 480 348 517 fragia
365 478 485 507 ferebat
504 480 549 516 89.
567 487 629 507 122.
649 476 824 507 Atinatium
844 475 989 504 iuuentus
1010 475 1072 504 105.

177 526 282 555 Attius
302 531 395 565 poeta
418 527 479 564 159.
513 525 691 555 emendatus
708 524 828 556 XXVII
848 533 892 562 sq.
915 524 968 553 158
989 533 1034 562 sq.

178 574 349 603 Aur-tiones
368 576 482 604 reicere
502 583 564 603 112.

177 621 297 650 Auctor
319 622 381 651 155.

178 669 322 698 Aufidius
344 670 489 705 Orestes,
510 669 584 706 Cn.‚
607 667 715 698 consul
731 667 792 697 145.

178 716 243 746 Aut
262 716 416 755 particula
435 718 589 747 interdum
610 717 748 757 ponitur,
769 714 824 744 ubi
837 712 960 742 notioni
979 711 1072 741 alicui

253 765 313 793 3113
346 766 434 794 notio
470 766 647 794 distinctior
681 763 880 793 substituitur
916 770 977 799 197.
1016 765 1073 789 aut

255 812 363 850 glossis
384 813 420 841 ab
441 813 665 853 interpretibus
686 811 890 854 praeponitur
909 809 984 839 ibid.

179 861 314 889 Auxilia
330 862 523 899 posteritatis
541 863 607 891 228.

600 936 636 964 Β.

179 992 324 1030 Benigne
333 992 447 1030 faeere
466 994 563 1023 alicui
584 994 646 1024 138.

179 1041 358 1069 Bimaritus
380 1041 442 1070 105.

180 1088 297 1117 Biuira
319 1089 380 1117 105.

181 1136 283 1164 Breai
315 1141 346 1164 et
378 1136 514 1166 breuiter
547 1137 613 1167 235.
651 1136 739 1165 breui
770 1135 926 1174 explicare
952 1133 1075 1163 Tullia-

255 1193 329 1213 num
356 1185 421 1214 235.

184 1285 306 1314 Caelius
319 1286 430 1315 Caldus
451 1285 483 1313 in
504 1289 666 1324 quaestura
684 1283 838 1323 repulsam
851 1282 926 1311 tulit
940 1287 987 1312 set
1000 1292 1077 1312 con-

257 1334 304 1361 sul
323 1334 420 1362 factus
440 1338 486 1362 est
508 1334 568 1362 145.
590 1333 627 1361 de
647 1332 715 1360 eius
733 1331 933 1371 praenomine
952 1331 1028 1360 ibid.

185 1380 341 1415 Calidius,
363 1382 401 1418 Q.
424 1384 486 1411 181.

183 1428 346 1457 Candidati
366 1434 467 1467 togam
488 1434 634 1458 cretatam
655 1427 814 1466 gestabant
833 1435 897 1455 211.

184 1477 298 1513 Caper-e
318 1481 349 1504 et
368 1487 486 1505 sumere
506 1487 596 1505 arma
616 1475 768 1515 quomodo
790 1474 931 1502 differant
944 1473 998 1503 223
1013 1482 1076 1512 sqq.

183 1525 316 1553 Carnem
331 1529 435 1561 petere
455 1524 553 1560 (scriis
574 1521 691 1561 latinis)
711 1531 746 1560 92
767 1532 810 1559 sq.

185 1571 334 1608 Carnifex
354 1570 391 1598 de
410 1570 536 1598 homine
556 1570 723 1598 inhumano
746 1568 807 1598 126.

184 1619 329 1647 cassinas
349 1622 380 1645 et
398 1618 528 1646 Casinas
547 1627 592 1656 90.

184 1666 306 1694 Cassius
326 1665 487 1702 Longinus
510 1666 572 1702 157.

185 1714 261 1742 Cato
282 1712 456 1748 censorius,
480 1723 538 1751 pro
558 1712 690 1751 maligno
711 1717 742 1741 et
762 1712 869 1742 inuido
889 1712 1012 1742 habitus
1032 1711 1078 1741 85.

255 1759 430 1799 publicanis
450 1760 670 1799 iniquissumus
693 1759 754 1788 116.
776 1760 924 1788 orationis
943 1758 1079 1798 prolixi-

258 1812 321 1836 tate
341 1806 476 1844 inpediit
495 1808 657 1845 quominus
677 1812 799 1836 senatus
820 1808 857 1836 de
871 1807 909 1835 iis
931 1807 1079 1834 decerne-

257 1859 307 1883 ret
328 1856 389 1882 108.
413 1853 474 1882 116.
507 1854 658 1884 iudicium
678 1856 842 1885 Ciceronis
863 1855 901 1884 de
921 1855 987 1883 eius
1007 1863 1078 1883 ora-

259 1902 353 1931 tionis
375 1911 487 1939 genere
509 1903 570 1931 114.

185 1952 303 1980 Caussa
308 1950 423 1988 facilis
438 1955 467 1977 et
482 1951 639 1987 explicata
655 1960 732 1989 quae
754 1950 795 1979 sit
812 1950 856 1978 63.
877 1959 988 1977 caussa
1001 1958 1077 1986 per-

258 2003 353 2026 acuta
375 1997 436 2025 185.
464 2007 607 2026 caussam
625 2000 660 2026 in
679 1999 767 2026 ludos
786 1999 900 2026 coicere
919 1996 984 2025 203.

185 2047 332 2075 Cen-soria
351 2045 400 2073 lex
421 2053 483 2081 117.

186 2094 298 2121 Census
319 2097 455 2130 equester
475 2101 519 2127 71.

186 2140 335 2167 Centurio
349 2141 577 2177 praerogatiua
598 2139 658 2168 142.

187 2187 273 2214 Certe
293 2186 497 2224 praecedente
515 2186 668 2225 particula
679 2185 822 2224 fortasse
840 2186 907 2215 sine
926 2185 1078 2225 particula

259 2233 451 2262 aduersatiua
470 2233 599 2272 ponitur
618 2233 814 2262 XXXVIII.

188 2281 310 2309 Ceteras
330 2286 360 2309 et
379 2282 493 2309 relicus
519 2280 563 2308 62.

188 2327 307 2356 Cicero.
348 2327 453 2355 Rhodi
481 2327 601 2356 audiuit
629 2327 823 2356 clarissumos
852 2327 993 2357 rhetores
1013 2337 1078 2365 207.

262 2380 405 2414 quaestor
430 2375 491 2404 suit
516 2375 663 2414 Lilybaei
693 2377 752 2412 173.
779 2376 817 2404 de
839 2380 999 2414 quaestura
1025 2385 1080 2403 sua

262 2423 381 2461 saepius
401 2423 550 2460 gloriatur
571 2432 632 2458 171.
667 2423 829 2452 Uatinium
856 2424 995 2452 defendit
1016 2424 1078 2452 135.

263 2470 299 2498 ‹le
326 2470 390 2498 eius
419 2470 638 2499 coniunctione
664 2480 734 2499 cum
760 2471 909 2509 Pompeio
934 2480 986 2500 211
1013 2480 1077 2509 sqq.

952 159 1246 192 INDEX

1204 233 1412 274 reprehensus
1432 238 1479 263 est
1497 232 1581 272 quod
1599 243 1670 263 cum
1689 233 1819 263 Caesare
1846 234 1880 263 in
1899 234 2029 273 gratiam

1204 282 1337 312 redisset
1355 283 1419 311 232.
1440 281 1507 310 eius
1528 281 1679 310 discessus
1698 293 1715 310 a
1730 280 1837 311 multis
1855 281 2030 321 reprehen—

1205 339 1257 359 sus
1277 332 1341 359 214.
1368 329 1434 357 eius
1454 328 1529 357 libri
1556 329 1594 359 de
1613 330 1775 359 consulatu
1794 339 1850 358 suo
1872 332 1934 369 189.
1961 330 2029 360 eius

1204 377 1331 407 libellus
1351 376 1547 415 deperditus,
1575 388 1593 406 a
1611 377 1776 406 scholiasta
1795 376 1942 406 Ambros.
1961 376 2031 407 lau·-

1204 424 1292 453 datus
1311 425 1364 462 193
1377 434 1421 462 sq.
1443 423 1581 452 studiose
1600 430 1734 454 sectatur
1749 424 1957 454 membrorum
1975 434 2029 454 ae-

1203 472 1384 511 qualitatem
1410 471 1444 500 in
1464 476 1553 500 oratt.
1583 473 1645 501 136.
1668 473 1730 501 165.
1752 474 1813 503 182.
1840 472 1953 501 callide
1978 483 2031 502 ar-

1199 524 1346 558 gumenta
1359 519 1606 547 aduersariorum
1623 529 1688 548 non
1701 521 1827 558 refutat,
1843 530 1920 559 quae
1929 520 2032 550 ualida

1210 577 1275 596 esse
1295 567 1399 603 sentit,
1430 571 1477 595 set
1495 565 1585 595 breui
1604 565 1697 594 reicit
1720 567 1781 605 149.
1805 577 1896 606 saepe
1915 567 1960 597 ita
1978 568 2029 597 lo-

1203 614 1312 654 quitur
1337 613 1372 641 in
1398 613 1514 641 caussis
1540 614 1664 652 agendis
1690 624 1725 642 ac
1753 613 1781 642 si
1807 615 1875 654 ipse
1901 620 1933 644 et
1957 626 2032 645 reus

1206 671 1268 690 11113
1294 661 1460 700 eademque
1484 671 1619 700 persona
1643 661 1707 691 sint
1733 661 1778 691 64.
1806 661 1866 691 duo
1893 663 2031 693 membra

1205 709 1378 746 coniungit,
1399 719 1531 748 quorum
1549 708 1637 748 prius
1657 708 1840 738 sententiam
1859 710 2034 748 generalem

1205 755 1362 796 posterius
1387 755 1553 795 specialem
1580 756 1720 785 continet
1746 759 1792 787 82.
1816 767 1875 796 qua
1895 763 1962 788 arte
1980 758 2032 787 iu—

1205 805 1309 833 dicum
1327 803 1579 832 beneuolentiam
1606 809 1709 842 captet
1735 804 1781 833 60.
1807 809 1839 833 et
1865 810 1972 834 caueat
1991 815 2032 834 ne

1205 861 1258 880 eos
1286 851 1418 879 offendat
1448 851 1508 879 126.
1536 851 1686 889 testium,
1714 862 1790 890 quos
1818 852 2031 891 reprehendit,

1203 898 1454 927 beneuolentiam
1475 903 1578 938 captat
1600 899 1661 928 154.
1694 899 1805 927 callide
1830 899 1950 928 senatui
1970 899 2029 930 tri·

1204 945 1290 981 buit,
1324 944 1407 983 quod
1434 949 1555 973 senatus
1583 945 1652 984 ipso
1674 951 1800 975 auctore
1825 946 1944 976 fecerat
1961 946 2029 976 233.

1206 1003 1296 1031 quam
1323 993 1433 1020 callide
1466 992 1573 1020 Planci
1605 993 1797 1022 tribunatum
1832 993 1937 1023 laudet
1967 1003 2029 1023 100.

1208 1041 1273 1069 Cur
1293 1040 1326 1068 in
1346 1044 1435 1068 oratt.
1457 1040 1561 1068 Catill.
1581 1040 1686 1068 Pison.
1706 1045 1738 1068 et
1758 1040 1884 1070 Uerrin.
1912 1041 1950 1070 de
1969 1042 2031 1071 Ca-

1206 1087 1254 1116 til.
1274 1087 1335 1116 Pis.
1356 1091 1387 1115 et
1406 1085 1507 1115 Uerre
1532 1087 1627 1117 tertia
1651 1097 1782 1127 persona
1800 1093 1863 1118 tam
1881 1089 2029 1128 frequen-

1209 1140 1258 1163 ter
1277 1140 1382 1164 utatur
1405 1135 1464 1163 124.

1136 1183 1278 1222 Cispius,
1297 1184 1357 1219 M.,
1377 1182 1521 1211 tribunus
1540 1182 1583 1221 pl.
1607 1192 1668 1221 190.

1131 1233 1224 1260 Coire
1243 1230 1318 1269 quid
1338 1229 1489 1268 significet
1507 1229 1665 1260 LXXVI.

1135 1280 1233 1308 Coitio
1243 1279 1279 1307 de
1289 1278 1421 1307 ambitus
1428 1277 1489 1305 reis
1500 1277 1574 1315 quid
1581 1278 2031 1319 significetLXXVsqq.147sq.

1135 1326 1287 1355 Columna
1305 1325 1453 1354 Duiliana
1475 1325 1536 1354 160.

1135 1374 1265 1403 Comitia
1297 1374 1350 1413 qui
1382 1373 1574 1411 magistratus
1607 1372 1775 1402 habuerint
1804 1371 2031 1402 LXXXVIII.

1207 1421 1268 1450 3110
1289 1431 1379 1450 sensu
1400 1421 1545 1449 dicuntur
1564 1420 1705 1459 differri,
1731 1421 1792 1449 alio
1807 1419 1950 1459 proferri
1970 1419 2031 1448 140.

1134 1470 1266 1499 Comitia
1306 1471 1456 1498 aedilium
1498 1470 1654 1497 curulium
1694 1472 1835 1506 tempore
1871 1466 2032 1496 Ciceronis

1209 1517 1345 1545 LXXX
1365 1526 1428 1554 sqq.
1451 1520 1540 1544 erant
1559 1516 1679 1545 trt'buta
1697 1515 1833 1544 LXXX
1850 1525 1916 1553 sqq.
1936 1513 2032 1542 habe-

1208 1565 1322 1593 bantur
1341 1575 1357 1593 a
1372 1565 1499 1592 consule
1513 1563 1699 1592 LXXXVI
1717 1574 1781 1602 sqq.
1803 1572 1863 1600 quo
1883 1562 1954 1590 loco
1974 1560 2031 1590 ha-

1207 1612 1274 1641 bita
1292 1613 1354 1640 sint
1373 1611 1567 1641 LXXXIX.
1597 1622 1658 1650 quo
1687 1616 1826 1650 tempore
1844 1610 2030 1638 LXXXIX

1210 1671 1254 1700 sq.
1274 1661 1307 1689 iu
1327 1660 1365 1688 iis
1385 1660 1499 1688 aediIcs
1520 1659 1641 1688 curules
1662 1663 1693 1686 et
1710 1658 1829 1697 plebeii
1849 1659 1958 1687 eodem
1977 1658 2028 1686 die

1209 1707 1394 1738 LXXXIII
1413 1717 1478 1746 sqq.
1505 1717 1614 1735 uerum
1640 1716 1705 1733 uon
1731 1706 1827 1733 simul
1851 1705 2031 1734 creabantur

1210 1756 1394 1788 LXXXIV
1415 1765 1458 1794 sq.
1488 1764 1548 1793 quo
1569 1763 1661 1782 sensu
1679 1763 1698 1781 3
1717 1752 1868 1781 Cicerone
1888 1752 2029 1780 dicantur

1211 1808 1332 1836 leuiora
1352 1805 1478 1831 comitia
1498 1803 1543 1831 65.

1137 1854 1304 1884 Concedere
1323 1851 1441 1880 tribum
1461 1861 1483 1878 s.
1504 1848 1675 1879 centuriam
1697 1848 1759 1877 150.

1137 1903 1324 1931 Concurrere
1346 1901 1397 1937 198
1418 1909 1461 1937 sq.

1136 1949 1268 1984 coneus,
1297 1956 1409 1975 nomen
1439 1945 1575 1974 hominis
1604 1954 1622 1972 a
1643 1943 1731 1972 nullo
1754 1942 1904 1982 scriptore
1918 1941 2031 1970 Latino

1206 1999 1387 2033 usurpatum
1406 1993 1458 2022 156
1473 2003 1517 2031 sq.

1135 2043 1281 2081 Conferre
1305 2043 1415 2080 pedem
1435 2041 1503 2079 quis
1523 2040 1643 2069 dicatur
1665 2040 1726 2078 139.

1136 2092 1290 2128 Conficere
1311 2089 1514 2127 (conciliare)
1534 2089 1631 2116 alicui
1651 2086 1775 2125 aliquid
1794 2085 1856 2115 136.

1135 2139 1362 2177 congratulari
1381 2137 1502 2175 saepius
1528 2146 1546 2164 a
1564 2134 1700 2163 librariis
1720 2133 1857 2172 positum
1876 2142 1942 2172 pro>
1951 2128 2030 2172 3»νά-

1210 2187 1309 2214 talari
1328 2185 1405 2213 XX.
1428 2185 1489 2221 173.

1138 2234 1298 2262 Coniectzcs
1317 2233 1475 2261 oculorum
1498 2232 1544 2268 89.

1138 2280 1340 2310 Coniunctiui
1360 2279 1538 2318 potentialis
1559 2277 1723 2315 singularis
1744 2286 1814 2305 usus
1837 2276 1897 2305 124.

1138 2329 1281 2365 Conlegia
1301 2329 1473 2355 iuuentutis
1487 2337 1547 2364 per
1566 2326 1740 2362 municipia
1762 2324 1824 2352 105.

1139 2375 1306 2403 Conmunis
1324 2384 1430 2402 sensus
1453 2382 1513 2411 109.

1136 2422 1322 2459 Οοηρανανε,
1343 2430 1420 2459 quae
1438 2418 1610 2448 necessaria
1620 2423 1692 2446 sunt
1705 2427 1811 2457 parare
1826 2416 1886 2445 141.
1907 2415 2029 2453 Conpu-

1209 2479 1279 2498 rare
1295 2468 1493 2497 coniunctum
1514 2477 1583 2495 cum
1598 2466 1755 2494 infinitiuo
1770 2462 1952 2502 (utparare)
1964 2463 2027 2492 243.
