2185 2720
140 178 195 206 220
788 159 1353 194 COMMENTARIUS.

137 249 212 291 ipso
237 244 400 277 Cicerone
421 239 539 273 adtulit
559 239 743 273 Manutius.
767 239 1026 270 GARATONIUS.
1070 236 1169 270 Nihil
1191 235 1385 280 peruersius
1408 241 1472 276 est,
1507 246 1610 278 quam
1637 246 1675 267 ea
1697 235 1738 267 ab
1764 234 2005 281 interpretibus

140 299 255 331 addita
276 302 413 340 putare,
438 305 523 335 quae
545 305 611 335 quo
635 303 734 324 sensu
755 292 823 323 siut
844 290 931 322 dicta
952 302 1021 322 non
1043 289 1244 331 adsequaris.
1289 288 1464 320 Eiusmodi
1486 295 1536 320 est
1557 298 1685 320 nomen
1707 287 1894 329 Catilinae,
1918 289 2006 332 quod

141 351 270 384 nemini
293 345 470 389 interpreti
492 345 613 376 addere
635 345 671 376 in
693 350 842 376 mentem
863 349 995 386 poterat
1022 343 1150 374 uenire.
1195 340 1386 384 Speciosior
1409 340 1480 372 eius
1501 341 1693 372 coniectura
1715 347 1817 381 esset,
1850 342 1908 383 qui
1932 355 2011 374 con-

143 405 201 437 sul
223 401 400 435 delendum
423 404 565 441 putaret.
611 398 667 429 Set
695 408 757 428 nec
781 397 846 428 hoc
868 396 972 427 uerbo
994 395 1104 426 ullum
1125 393 1231 437 magis
1254 393 1480 435 genuinumst.
1524 393 1670 436 Egregia
1699 393 1790 424 enim
1813 393 1919 425 tribus
1942 394 2011 426 illis

142 457 254 490 uerbis
278 454 425 486 saltator
447 452 620 484 Catilinae
642 450 762 482 consul
785 448 976 479 continetur
1000 447 1177 487 acerbitas,
1211 457 1296 489 quae
1317 458 1386 477 uno
1407 452 1536 477 remoto
1559 447 1782 478 uehementer
1805 445 2011 477 debilitatur.

143 509 257 541 Primo
289 506 394 536 uerbo
427 503 609 536 'saltatoris
646 502 774 533 insania
810 501 954 533 obicitur
984 500 1150 539 Gabiniog
1194 499 1254 531 cfr.
1291 510 1354 541 pro
1381 498 1473 530 Mur.
1504 498 1543 529 C.
1572 499 1636 532 VI.
1667 500 1780 542 §.15.
1809 510 1877 530 non
1904 497 2014 538 debes,

144 563 196 595 M.
219 560 320 598 Cato,
342 575 386 581 —-
417 563 540 590 temere
567 556 738 588 consulem
755 555 881 599 populi
901 554 1053 587 Romani
1081 554 1282 586 saltatorem
1305 563 1440 585 uocare.
1483 551 1600 585 Nemo
1624 553 1715 585 enim
1727 551 1811 596 fere
1832 551 1940 583 saltat
1960 555 2020 582 so-⁴

144 614 257 651 brias,
282 611 353 644 nisi
366 609 466 653 forte
489 609 630 641 insanit.
675 608 829 639 Secundo
852 608 957 638 uerbo
981 607 1154 641 Catilinae
1175 604 1304 636 famosa
1324 603 1523 646 inpudicitia
1546 603 1577 635 ei
1600 604 1763 644 obicitur,
1795 602 2017 645 quemadmo-

145 666 226 697 dum
257 663 338 695 alibi
361 662 418 694 uir
446 660 564 692 dicitur
586 661 758 693 Catilinae
785 659 899 691 fuisse.
943 660 1047 701 quue
1070 659 1157 691 uidit
1186 658 1254 691 iam
1275 657 1443 700 interpres
1465 657 1728 696 Ambrosianus,
1763 668 1808 689 ex
1828 667 1894 697 quo
1917 655 2017 686 illum

146 718 247 750 etiam
267 716 304 748 iu
326 726 386 747 suo
413 713 658 755 antiquissumo
690 713 801 747 codice
823 712 995 747 Catilinae
1023 723 1146 743 nomen
1170 711 1332 753 scriptum
1355 709 1545 752 repperisse
1566 709 1786 752 intellegitur.
1831 708 1924 740 Haec
1949 706 2016 740 duo

146 769 272 812 flagitia
301 767 362 799 etsi
389 766 424 797 in
447 766 603 799 omnibus
635 767 772 798 omnino
795 764 924 795 ciuibus
947 763 1111 795 Romanis
1133 763 1407 806 reprehendenda
1429 767 1540 799 erant,
1577 767 1692 793 tamen
1719 760 1959 803 indiguissume
1980 760 2018 792 in

149 821 286 854 consule
309 825 404 851 erant
424 818 578 859 ferenda,
600 819 743 860 ideoque
765 816 871 848 addito
895 816 1046 847 consulis
1069 816 1207 848 nomine
1230 816 1371 847 crimina
1393 813 1446 845 illi
1468 814 1595 846 obiecta
1617 814 1723 856 magis
1746 815 1845 846 etiam
1869 813 2016 845 detesta-

149 875 230 907 bilia
254 878 429 916 apparent.
473 872 577 903 Plane
606 871 725 903 similis
752 875 802 901 est
829 869 922 900 locus
943 867 980 898 in
1003 880 1053 900 or.
1076 868 1143 900 Pis.
1171 869 1209 901 C.
1231 868 1295 900 IX.
1325 868 1355 910 ἕ.
1380 879 1431 902 20·
1460 880 1506 902 cm
1528 880 1606 902 cum
1627 868 1738 901 altero
1760 866 1904 900 barbaro
1925 866 2016 910 Epi-

151 940 256 966 curo,
282 938 359 959 cum
382 926 492 959 altero
515 925 685 959 Catilinae
707 921 920 958 lanternario
943 920 1104 955 consule?
1146 931 1148 936 ’

889 1010 918 1044 C
945 1007 977 1044 A
1001 1010 1051 1043 P.
1100 1009 1278 1045 XXXVI.

239 1086 462 1130 Numquam,
501 1099 566 1130 quo
598 1084 702 1118 ceteri
730 1095 831 1127 saepe
858 1081 1101 1120 abundarunt,
1143 1082 1182 1114 id
1202 1082 1290 1114 milii
1317 1082 1387 1125 ipsi
1408 1081 1582 1114 auxilium
1607 1093 1719 1113 meum
1740 1079 1921 1124 defuisset)
1963 1079 2020 1112 Ex

151 1140 224 1175 Erf.
248 1139 402 1171 additum
427 1151 527 1182 saepe
556 1144 666 1170 tuetur
689 1137 790 1168 Bau..
835 1135 889 1166 Sic
911 1134 947 1166 in
969 1134 1035 1165 Pis.
1068 1135 1105 1166 C.
1129 1135 1192 1165 IX.
1225 1134 1337 1174 Quasi
1365 1146 1448 1167 uero
1477 1146 1544 1166 non
1572 1135 1671 1166 modo
1700 1145 1782 1176 ego,
1812 1134 1873 1177 qui
1900 1133 2022 1166 multis

154 1206 254 1237 saepe
276 1193 410 1224 auxilio
425 1191 599 1236 fuissem,
628 1197 706 1223 etc..
749 1188 880 1222 Deinde
901 1188 991 1219 idem
1013 1198 1089 1218 cum
1111 1186 1186 1218 aliis
1208 1187 1325 1218 multis
1351 1188 1486 1231 ipsum.-
1514 1186 1549 1217 h.
1573 1197 1602 1217 e.
1624 1198 1812 1229 numquam
1834 1185 1873 1217 id
1894 1185 2020 1228 ipsum,

154 1259 219 1291 qno
244 1245 348 1278 ceteri
369 1257 468 1288 saepe
490 1244 729 1282 abundarunt,
760 1242 848 1275 mihi
864 1241 1037 1274 auxilium
1059 1251 1172 1272 meum
1193 1238 1373 1283 defuisset.
1416 1239 1467 1271 Ita
1488 1249 1590 1281 supra
1615 1239 1654 1269 C.
1676 1238 1869 1270 XXXIII-2
1903 1249 2022 1281 meque

153 1301 189 1331 in
208 1311 245 1331 eo
259 1299 345 1342 ipsa,
369 1299 405 1330 in
429 1310 494 1342 quo
516 1297 607 1330 nihil
622 1301 737 1340 potest
760 1307 829 1327 esse
851 1295 998 1327 nimium
1016 1309 1059 1317 ·—
1080 1293 1227 1324 nimium
1246 1298 1392 1335 gra-tum
1413 1304 1483 1324 esse
1506 1291 1696 1323 concedam.
1740 1291 1799 1323 Set
1813 1290 1901 1322 nihil
1912 1295 2021 1322 muto.

155 1352 263 1383 Porro
287 1351 347 1382 III.
372 1350 414 1381 ad
436 1351 511 1382 Att.
538 1350 585 1380 15.
608 1349 665 1381 liic
685 1349 773 1380 mihi
794 1348 976 1380 consilium
998 1358 1112 1379 meum
1134 1344 1266 1388 defuit,
1295 1351 1345 1378 set
1367 1346 1472 1378 etiam
1493 1342 1627 1387 obfuit;
1664 1350 1695 1375 et
1718 1345 1821 1388 paulo
1845 1349 1940 1383 ante,
1970 1355 2024 1376 me

154 1417 342 1448 numquam
370 1415 457 1436 esses
479 1413 622 1446 passm,
653 1413 718 1444 qno
737 1407 776 1433 ΐιι
798 1400 1013 1438 abundabas,
1044 1410 1144 1442 egere
1166 1399 1326 1436 consilio,
1360 1396 1495 1435 deinde,
1529 1397 1652 1440 quodsi
1671 1409 1737 1429 non
1760 1397 1858 1429 modo
1881 1402 1939 1435 tu,
1970 1402 2022 1429 set

154 1458 337 1501 quisquam
350 1455 500 1499 fuisset,
539 1455 599 1498 qui
621 1467 674 1486 me
696 1455 842 1498 Pompei
864 1455 978 1486 minus
1007 1452 1145 1484 liberali
1168 1463 1326 1494 responso
1344 1451 1574 1494 perterritum
1600 1462 1623 1481 a
1645 1450 1856 1493 turpissume
1879 1449 2021 1481 consilio

156 1515 353 1548 reuocaret,
377 1509 468 1552 qnod
489 1520 579 1541 unus
603 1513 641 1538 tii
655 1506 778 1550 facere
801 1518 960 1539 maxume
975 1506 1139 1549 potuisti,
1160 1510 1223 1537 aut
1245 1503 1474 1535 occubuissem
1496 1503 1645 1540 honeste,
1667 1506 1731 1534 ant
1753 1502 1900 1534 uictores
1922 1502 2024 1534 hodie

157 1565 365 1595 uiueremus.
409 1561 502 1592 Haec
527 1560 563 1590 iu
587 1559 690 1590 exilio
715 1560 897 1597 scribebat3
936 1558 1109 1590 restitutus
1138 1557 1291 1589 meliora.
1336 1555 1529 1587 Laterensis
1552 1555 1643 1586 enim
1666 1565 1743 1586 cum
1771 1554 1920 1596 aliquam
1941 1554 2026 1586 exili

157 1615 291 1657 culpam
315 1614 350 1645 in
373 1614 445 1656 ipso
473 1612 590 1644 Tullio
615 1613 809 1654 quaerebat,
833 1611 947 1643 Planci
968 1611 1130 1642 meritum
1153 1609 1374 1647 extenuabat,
1405 1607 1617 1639 timiditatem
1643 1607 1679 1638 in
1700 1607 1835 1649 patroni
1857 1606 2027 1649 magnilo-

158 1668 295 1709 quentia
317 1665 594 1709 reprehendebat.
641 1664 766 1696 Confer
787 1677 850 1708 pro
879 1665 978 1696 domo
1001 1664 1038 1695 C.
1056 1663 1205 1701 XXIV„
1228 1663 1254 1694 I.
1277 1661 1386 1704 Epist.
1407 1671 1448 1702 9.,
1471 1671 1534 1703 pro
1550 1659 1667 1691 Sextio
1692 1660 1729 1691 C.
1746 1659 2025 1692 XX.—XX11..

159 1720 418 1750 GARATONIUS.
467 1717 619 1750 Uerbum
642 1718 838 1760 oppositum
863 1718 968 1750 ceteri
989 1716 1168 1748 manifesto
1192 1714 1331 1753 indicat,
1366 1712 1563 1745 Ciceronem
1585 1712 1625 1744 id
1644 1713 1731 1744 mila·
1753 1713 1823 1756 ipsi
1843 1711 2026 1755 scripsisse.

157 1771 303 1804 Auxilio
327 1770 554 1813 eloquentiam
578 1770 750 1812 significat.

248 1824 277 1864 §.
302 1823 353 1854 88.
407 1823 510 1855 Uinci
539 1828 655 1855 autem
678 1823 836 1867 inprobos
859 1836 881 1855 a
903 1823 1016 1862 bonis,
1043 1821 1166 1866 fateor
1180 1819 1299 1864 ficisse
1318 1817 1555 1863 praeclarum,
1585 1817 1617 1849 si
1630 1815 1745 1861 finem
1766 1828 1843 1849 eum
1863 1817 2028 1849 uincendi

159 1876 330 1913 uiderem,
361 1888 460 1919 quem
476 1875 635 1919 profecto
656 1889 724 1908 non
749 1875 920 1916 uidebam)
965 1875 1081 1907 Fuisse
1103 1873 1264 1915 suspicor,
1292 1871 1349 1913 qui
1366 1870 1480 1914 finem
1501 1882 1579 1902 eum
1599 1870 1746 1911 legentes
1767 1870 1927 1913 suspendi
1950 1881 2028 1901 ora-

160 1929 286 1959 tionem
308 1927 476 1970 putarint,
515 1928 653 1970 eiusque
676 1928 883 1971 conplendae
916 1939 1045 1966 caussa,
1088 1938 1187 1970 quem
1204 1923 1361 1968 profecto
1384 1936 1450 1956 non
1474 1923 1651 1962 uidebam,
1693 1922 1902 1963 addiderint3
1940 1934 2026 1965 quae

160 1981 316 2023 quamuis
347 1981 383 2011 in
406 1979 478 2011 Erf.
501 1980 613 2013 deesse
641 1993 709 2012 non
741 1981 920 2013 uideantur
946 1980 1100 2020 [omnino
1131 1978 1251 2008 desunt
1276 1977 1311 2007 in
1331 1975 1406 2007 Erf.
1436 1976 1610 2018 aliisque]‚
1646 1975 1682 2006 in
1711 1975 1842 2006 duobus
1867 1975 2027 2018 optumis,

160 2034 248 2065 Pith.
272 2039 303 2064 et
328 2034 421 2072 Bau„
445 2039 531 2063 certe
554 2032 684 2071 desunt,
707 2032 742 2063 in
764 2033 833 2064 mei
856 2039 966 2064 autem
991 2030 1113 2063 codicis
1135 2029 1287 2071 margine
1307 2028 1550 2059 adscribuntur.
1594 2029 1715 2070 Neque
1737 2028 1773 2059 in
1795 2034 1847 2059 tot
1867 2028 1942 2060 aliis
1965 2039 2029 2059 ex-

164 2093 236 2118 tare
258 2085 449 2117 mirandum
474 2091 541 2124 est,
577 2096 653 2115 cum
677 2085 864 2116 orationem
895 2085 1056 2116 creditum
1085 2083 1128 2114 sit
1152 2082 1193 2113 iis
1219 2093 1331 2112 carere
1352 2093 1421 2112 non
1443 2093 1552 2124 posse.
1597 2080 1697 2122 Quod
1720 2086 1833 2112 tamen
1855 2087 1905 2112 est
1927 2081 2028 2122 longe

162 2150 266 2170 secus.
312 2138 394 2171 Uolt
419 2138 509 2168 enim
533 2137 597 2169 hbe
619 2136 743 2176 dicere,
767 2138 977 2180 praeclarum
997 2136 1101 2167 fuisse
1122 2146 1216 2166 arma
1239 2134 1398 2166 Clodiana
1420 2134 1567 2173 uincere,
1590 2139 1639 2165 set
1660 2139 1745 2173 tum,
1767 2133 1796 2164 si
1815 2133 1842 2165 is
1857 2131 2027 2176 pugnandi

164 2190 239 2222 finis
273 2196 356 2222 esset
387 2190 532 2222 futurus.
575 2189 680 2221 Paulo
712 2196 790 2232 post
820 2201 896 2221 cum
925 2190 1026 2221 etiam
1053 2186 1274 2231 pugnandum
1304 2186 1408 2219 fuisse
1437 2198 1513 2218 cum
1543 2186 1735 2217 consulibus
1764 2185 1905 2226 dixerit,
1942 2195 2026 2226 quos

166 2243 339 2274 triumuiri
362 2244 589 2286 principatum
612 2242 646 2273 in
668 2254 704 2274 re
726 2254 760 2286 p.
785 2243 973 2274 obtinentes
998 2241 1209 2272 adiuuassent
1231 2239 1333 2282 (quod
1355 2251 1454 2282 saepe
1475 2239 1681 2279 subindicat),
1704 2239 1884 2277 uictoriae,
1904 2236 2028 2278 inquit,

165 2301 302 2327 nostrae
321 2297 447 2339 grauis
469 2296 691 2328 aduersarios
717 2301 860 2339 paratos
890 2295 1059 2327 uidebant.
1102 2293 1182 2325 Post
1208 2292 1278 2323 red.
1302 2293 1337 2323 in
1359 2304 1428 2324 sen.
1461 2293 1498 2324 C.
1521 2292 1637 2325 XIII-t
1667 2291 1842 2329 uidebam,
1869 2290 1902 2322 si
1922 2289 2030 2322 uicis-

165 2359 234 2379 sem
248 2354 462 2390 praesentem
474 2348 729 2387 aduersarium,
752 2348 899 2379 nimium
913 2348 1039 2379 multos
1051 2347 1138 2379 milii
1152 2346 1240 2378 alios
1258 2358 1327 2378 esse
1345 2346 1541 2378 uincendo-s.
1572 2345 1658 2376 Item
1670 2356 1732 2387 pro
1748 2344 1840 2375 Sext.
1863 2341 1900 2373 C.
1924 2341 2026 2372 XIX.

168 2400 205 2431 Ρ.
231 2399 388 2430 Clodium
411 2406 526 2431 narrat
547 2401 584 2432 in
608 2401 761 2433 contione
783 2400 929 2438 dixisse,
965 2405 1028 2432 aut
1049 2399 1136 2431 mihi
1157 2399 1262 2430 semel
1281 2410 1352 2430 esse
1370 2398 1606 2442 pereundum,
1641 2402 1704 2429 aut
1725 2396 1776 2428 bis
1798 2407 1869 2426 esse
1887 2395 2028 2426 uincen-

166 2453 259 2485 dum.
301 2450 397 2491 Quid
417 2459 492 2485 erat
515 2453 564 2484 bis
587 2454 749 2486 nine-ere?
786 2453 824 2484 icl
841 2451 1014 2496 profecto,
1044 2458 1100 2491 nt,
1131 2463 1208 2484 cum
1236 2451 1479 2483 amentissumo
1506 2450 1642 2483 tribuno
1658 2449 1710 2493 pl.
1736 2459 1836 2491 quom
1858 2447 2030 2479 decertas-
