<?xml version="1.0" encoding="UTF-8"?>
<!DOCTYPE html PUBLIC "-//W3C//DTD XHTML 1.0 Transitional//EN"
    "http://www.w3.org/TR/xhtml1/DTD/xhtml1-transitional.dtd">
<html xmlns="http://www.w3.org/1999/xhtml" xml:lang="en" lang="en">
 <head>
  <title>
</title>
<meta http-equiv="Content-Type" content="text/html;charset=utf-8" />
  <meta name='ocr-system' content='tesseract 3.04.00' />
  <meta name='ocr-capabilities' content='ocr_page ocr_carea ocr_par ocr_line ocrx_word'/>
</head>
<body>
  <div class='ocr_page' id='page_1' title='image "./oratioprocnplanc00ciceuoft/oratioprocnplanc00ciceuoft_0071.png"; bbox 0 0 2185 2720; ppageno 0'>
   <div class='ocr_carea' id='block_1_1' title="bbox 855 153 2040 195">
    <p class='ocr_par' dir='ltr' id='par_1_1' title="bbox 855 153 2040 195">
     <span class='ocr_line' id='line_1_1' title="bbox 855 153 2040 195; baseline 0.002 -11"><span class='ocrx_word' id='word_1_1' title='bbox 855 155 894 184; x_wconf 91' lang='lat' dir='ltr'><strong>L.</strong></span> <span class='ocrx_word' id='word_1_2' title='bbox 923 156 964 184; x_wconf 86' lang='lat'><strong>11.</strong></span> <span class='ocrx_word' id='word_1_3' title='bbox 1013 156 1047 185; x_wconf 93' lang='lat' dir='ltr'><strong>c.</strong></span> <span class='ocrx_word' id='word_1_4' title='bbox 1075 154 1100 184; x_wconf 93' lang='lat'><strong>1.</strong></span> <span class='ocrx_word' id='word_1_5' title='bbox 1145 153 1173 195; x_wconf 64' lang='grc' dir='ltr'><strong>ς.</strong></span> <span class='ocrx_word' id='word_1_6' title='bbox 1202 156 1245 184; x_wconf 84' lang='lat'><strong>13.</strong></span> <span class='ocrx_word' id='word_1_7' title='bbox 1264 170 1303 178; x_wconf 78' lang='grc'><strong>-</strong></span> <span class='ocrx_word' id='word_1_8' title='bbox 1324 157 1367 185; x_wconf 89' lang='lat'><strong>15.</strong></span> <span class='ocrx_word' id='word_1_9' title='bbox 1996 159 2040 186; x_wconf 88' lang='lat' dir='ltr'><strong>LI</strong></span> 
     </span>
    </p>
   </div>
   <div class='ocr_carea' id='block_1_2' title="bbox 165 227 2047 1306">
    <p class='ocr_par' dir='ltr' id='par_1_2' title="bbox 172 227 2040 314">
     <span class='ocr_line' id='line_1_2' title="bbox 172 227 2040 268; baseline 0.001 -11"><span class='ocrx_word' id='word_1_10' title='bbox 172 227 200 268; x_wconf 87' lang='grc'><strong>5.</strong></span> <span class='ocrx_word' id='word_1_11' title='bbox 222 228 266 264; x_wconf 89' lang='lat'><strong>76.</strong></span> <span class='ocrx_word' id='word_1_12' title='bbox 292 229 489 258; x_wconf 76' lang='lat' dir='ltr'><em>lacrimulam</em></span> <span class='ocrx_word' id='word_1_13' title='bbox 509 234 597 256; x_wconf 80' lang='lat' dir='ltr'><strong>tuam</strong></span> <span class='ocrx_word' id='word_1_14' title='bbox 615 228 734 266; x_wconf 83' lang='lat' dir='ltr'>scribit,</span> <span class='ocrx_word' id='word_1_15' title='bbox 753 239 823 258; x_wconf 88' lang='lat' dir='ltr'><strong>cum</strong></span> <span class='ocrx_word' id='word_1_16' title='bbox 842 228 1074 265; x_wconf 83' lang='lat' dir='ltr'>Ambrosianus,</span> <span class='ocrx_word' id='word_1_17' title='bbox 1094 238 1162 258; x_wconf 91' lang='lat' dir='ltr'><strong>cum</strong></span> <span class='ocrx_word' id='word_1_18' title='bbox 1181 228 1312 267; x_wconf 80' lang='lat' dir='ltr'><strong>reliquis</strong></span> <span class='ocrx_word' id='word_1_19' title='bbox 1332 228 1421 257; x_wconf 85' lang='lat' dir='ltr'><strong>libris</strong></span> <span class='ocrx_word' id='word_1_20' title='bbox 1441 229 1648 267; x_wconf 88' lang='lat' dir='ltr'><strong>consentiens,</strong></span> <span class='ocrx_word' id='word_1_21' title='bbox 1668 230 1808 259; x_wconf 87' lang='lat' dir='ltr'><strong>Tullium</strong></span> <span class='ocrx_word' id='word_1_22' title='bbox 1828 236 1915 258; x_wconf 83' lang='lat' dir='ltr'><strong>tuam</strong></span> <span class='ocrx_word' id='word_1_23' title='bbox 1933 231 2040 259; x_wconf 74' lang='lat' dir='ltr'><strong>lacru-</strong></span> 
     </span>
     <span class='ocr_line' id='line_1_3' title="bbox 172 275 603 314; baseline 0.005 -11"><span class='ocrx_word' id='word_1_24' title='bbox 172 276 288 304; x_wconf 88' lang='lat' dir='ltr'><strong>mulam</strong></span> <span class='ocrx_word' id='word_1_25' title='bbox 307 275 467 314; x_wconf 81' lang='lat' dir='ltr'><strong>scripsisse</strong></span> <span class='ocrx_word' id='word_1_26' title='bbox 487 276 603 305; x_wconf 83' lang='lat' dir='ltr'><strong>doceat.</strong></span> 
     </span>
    </p>

    <p class='ocr_par' dir='ltr' id='par_1_3' title="bbox 169 321 2041 448">
     <span class='ocr_line' id='line_1_4' title="bbox 246 321 2041 363; baseline 0 -13"><span class='ocrx_word' id='word_1_27' title='bbox 246 322 362 351; x_wconf 86' lang='lat' dir='ltr'><strong>Contra</strong></span> <span class='ocrx_word' id='word_1_28' title='bbox 382 324 498 362; x_wconf 87' lang='lat' dir='ltr'><strong>aliquid</strong></span> <span class='ocrx_word' id='word_1_29' title='bbox 518 323 666 353; x_wconf 85' lang='lat' dir='ltr'>momenti</span> <span class='ocrx_word' id='word_1_30' title='bbox 686 323 812 353; x_wconf 82' lang='lat' dir='ltr'><strong>uidetur</strong></span> <span class='ocrx_word' id='word_1_31' title='bbox 831 324 897 353; x_wconf 84' lang='lat' dir='ltr'><strong>Erf.</strong></span> <span class='ocrx_word' id='word_1_32' title='bbox 925 323 1079 362; x_wconf 84' lang='lat' dir='ltr'><strong>scriptura</strong></span> <span class='ocrx_word' id='word_1_33' title='bbox 1099 322 1133 351; x_wconf 86' lang='lat' dir='ltr'><strong>C.</strong></span> <span class='ocrx_word' id='word_1_34' title='bbox 1153 322 1317 352; x_wconf 90' lang='lat' dir='ltr'><strong>XXXVI.</strong></span> <span class='ocrx_word' id='word_1_35' title='bbox 1343 321 1371 363; x_wconf 90' lang='grc'><strong>5.</strong></span> <span class='ocrx_word' id='word_1_36' title='bbox 1391 325 1436 354; x_wconf 88' lang='lat'><strong>88.</strong></span> <span class='ocrx_word' id='word_1_37' title='bbox 1464 322 1594 359; x_wconf 83' lang='lat' dir='ltr'><strong>habere,</strong></span> <span class='ocrx_word' id='word_1_38' title='bbox 1619 324 1675 352; x_wconf 86' lang='lat' dir='ltr'><strong>ubi</strong></span> <span class='ocrx_word' id='word_1_39' title='bbox 1693 324 1825 353; x_wconf 88' lang='lat' dir='ltr'><strong>uerbum</strong></span> <span class='ocrx_word' id='word_1_40' title='bbox 1845 334 1922 359; x_wconf 80' lang='lat' dir='ltr'><strong>esse,</strong></span> <span class='ocrx_word' id='word_1_41' title='bbox 1949 323 2041 360; x_wconf 73' lang='lat' dir='ltr'><strong>uolgo</strong></span> 
     </span>
     <span class='ocr_line' id='line_1_5' title="bbox 170 370 2041 410; baseline 0.001 -12"><span class='ocrx_word' id='word_1_42' title='bbox 170 374 242 408; x_wconf 86' lang='lat' dir='ltr'><strong>post</strong></span> <span class='ocrx_word' id='word_1_43' title='bbox 261 371 376 399; x_wconf 79' lang='lat' dir='ltr'><strong>ultores</strong></span> <span class='ocrx_word' id='word_1_44' title='bbox 395 372 547 410; x_wconf 87' lang='lat' dir='ltr'><strong>positum,</strong></span> <span class='ocrx_word' id='word_1_45' title='bbox 568 376 637 400; x_wconf 81' lang='lat' dir='ltr'><strong>ante</strong></span> <span class='ocrx_word' id='word_1_46' title='bbox 657 371 689 399; x_wconf 90' lang='lat' dir='ltr'><strong>id</strong></span> <span class='ocrx_word' id='word_1_47' title='bbox 709 371 838 400; x_wconf 87' lang='lat' dir='ltr'><strong>uerbum</strong></span> <span class='ocrx_word' id='word_1_48' title='bbox 858 371 1006 399; x_wconf 80' lang='lat' dir='ltr'>conlocat.</span> <span class='ocrx_word' id='word_1_49' title='bbox 1046 370 1126 399; x_wconf 85' lang='lat' dir='ltr'><strong>Nam</strong></span> <span class='ocrx_word' id='word_1_50' title='bbox 1144 379 1255 399; x_wconf 83' lang='lat' dir='ltr'><strong>reuera</strong></span> <span class='ocrx_word' id='word_1_51' title='bbox 1274 370 1319 399; x_wconf 84' lang='lat' dir='ltr'><strong>ibi</strong></span> <span class='ocrx_word' id='word_1_52' title='bbox 1340 381 1401 399; x_wconf 79' lang='lat' dir='ltr'><strong>esse</strong></span> <span class='ocrx_word' id='word_1_53' title='bbox 1421 370 1586 410; x_wconf 82' lang='lat' dir='ltr'><strong>interpreti</strong></span> <span class='ocrx_word' id='word_1_54' title='bbox 1607 372 1722 408; x_wconf 82' lang='lat' dir='ltr'><strong>deberi,</strong></span> <span class='ocrx_word' id='word_1_55' title='bbox 1742 372 1815 400; x_wconf 87' lang='lat' dir='ltr'><strong>satis</strong></span> <span class='ocrx_word' id='word_1_56' title='bbox 1834 371 1912 400; x_wconf 84' lang='lat' dir='ltr'><strong>mihi</strong></span> <span class='ocrx_word' id='word_1_57' title='bbox 1932 371 2041 399; x_wconf 77' lang='lat' dir='ltr'><strong>uideor</strong></span> 
     </span>
     <span class='ocr_line' id='line_1_6' title="bbox 169 417 698 448; baseline 0.002 -3"><span class='ocrx_word' id='word_1_58' title='bbox 169 417 205 445; x_wconf 83' lang='lat' dir='ltr'><strong>in</strong></span> <span class='ocrx_word' id='word_1_59' title='bbox 225 420 444 448; x_wconf 81' lang='lat' dir='ltr'><strong>commentario</strong></span> <span class='ocrx_word' id='word_1_60' title='bbox 465 420 698 448; x_wconf 82' lang='lat' dir='ltr'><strong>demonstrasse.</strong></span> 
     </span>
    </p>

    <p class='ocr_par' dir='ltr' id='par_1_4' title="bbox 171 463 2041 553">
     <span class='ocr_line' id='line_1_7' title="bbox 246 463 2041 505; baseline -0.001 -12"><span class='ocrx_word' id='word_1_61' title='bbox 246 466 397 496; x_wconf 83' lang='lat' dir='ltr'><strong>Maiorem</strong></span> <span class='ocrx_word' id='word_1_62' title='bbox 423 467 514 495; x_wconf 82' lang='lat' dir='ltr'><strong>etiam</strong></span> <span class='ocrx_word' id='word_1_63' title='bbox 539 465 790 504; x_wconf 83' lang='lat' dir='ltr'><strong>interpolationis</strong></span> <span class='ocrx_word' id='word_1_64' title='bbox 819 465 1026 505; x_wconf 85' lang='lat' dir='ltr'><strong>suspicionem</strong></span> <span class='ocrx_word' id='word_1_65' title='bbox 1052 464 1135 494; x_wconf 88' lang='lat' dir='ltr'><strong>idem</strong></span> <span class='ocrx_word' id='word_1_66' title='bbox 1161 469 1267 494; x_wconf 86' lang='lat' dir='ltr'><strong>mouet</strong></span> <span class='ocrx_word' id='word_1_67' title='bbox 1296 465 1331 494; x_wconf 89' lang='lat' dir='ltr'><strong>C.</strong></span> <span class='ocrx_word' id='word_1_68' title='bbox 1351 464 1497 493; x_wconf 88' lang='lat' dir='ltr'><strong>XXXII.</strong></span> <span class='ocrx_word' id='word_1_69' title='bbox 1526 463 1554 504; x_wconf 87' lang='grc'><strong>5.</strong></span> <span class='ocrx_word' id='word_1_70' title='bbox 1576 474 1638 502; x_wconf 86' lang='lat'><strong>77.,</strong></span> <span class='ocrx_word' id='word_1_71' title='bbox 1664 466 1719 494; x_wconf 88' lang='lat' dir='ltr'><strong>ubi</strong></span> <span class='ocrx_word' id='word_1_72' title='bbox 1738 476 1820 494; x_wconf 87' lang='lat' dir='ltr'><strong>nunc</strong></span> <span class='ocrx_word' id='word_1_73' title='bbox 1846 465 1879 494; x_wconf 88' lang='lat' dir='ltr'><strong>iu</strong></span> <span class='ocrx_word' id='word_1_74' title='bbox 1900 464 2041 493; x_wconf 82' lang='lat' dir='ltr'><strong>omnibus</strong></span> 
     </span>
     <span class='ocr_line' id='line_1_8' title="bbox 171 511 680 553; baseline 0.008 -14"><span class='ocrx_word' id='word_1_75' title='bbox 171 511 361 542; x_wconf 79' lang='lat' dir='ltr'><strong>editionibus</strong></span> <span class='ocrx_word' id='word_1_76' title='bbox 382 515 531 553; x_wconf 83' lang='lat' dir='ltr'><strong>scriptum</strong></span> <span class='ocrx_word' id='word_1_77' title='bbox 550 515 680 552; x_wconf 82' lang='lat' dir='ltr'><strong>legitur:</strong></span> 
     </span>
    </p>

    <p class='ocr_par' dir='ltr' id='par_1_5' title="bbox 170 559 2043 644">
     <span class='ocr_line' id='line_1_9' title="bbox 245 559 2043 599; baseline -0.002 -11"><span class='ocrx_word' id='word_1_78' title='bbox 245 561 304 589; x_wconf 80' lang='lat' dir='ltr'><strong>Cui</strong></span> <span class='ocrx_word' id='word_1_79' title='bbox 323 562 445 598; x_wconf 80' lang='lat' dir='ltr'><strong>quidem</strong></span> <span class='ocrx_word' id='word_1_80' title='bbox 471 572 542 599; x_wconf 77' lang='lat' dir='ltr'><strong>ego,</strong></span> <span class='ocrx_word' id='word_1_81' title='bbox 568 564 650 590; x_wconf 78' lang='lat' dir='ltr'><strong>sicut</strong></span> <span class='ocrx_word' id='word_1_82' title='bbox 670 563 723 591; x_wconf 83' lang='lat' dir='ltr'><strong>Cn.</strong></span> <span class='ocrx_word' id='word_1_83' title='bbox 743 561 896 593; x_wconf 85' lang='lat' dir='ltr'><strong>Plancio,</strong></span> <span class='ocrx_word' id='word_1_84' title='bbox 922 568 1092 597; x_wconf 80' lang='lat' dir='ltr'><strong>numquam</strong></span> <span class='ocrx_word' id='word_1_85' title='bbox 1117 559 1317 588; x_wconf 58' lang='lat' dir='ltr'><strong>dissimulant</strong></span> <span class='ocrx_word' id='word_1_86' title='bbox 1343 570 1389 589; x_wconf 87' lang='lat' dir='ltr'><strong>me</strong></span> <span class='ocrx_word' id='word_1_87' title='bbox 1411 561 1594 598; x_wconf 79' lang='lat' dir='ltr'><strong>plurumum</strong></span> <span class='ocrx_word' id='word_1_88' title='bbox 1619 560 1743 594; x_wconf 77' lang='lat' dir='ltr'><strong>debere,</strong></span> <span class='ocrx_word' id='word_1_89' title='bbox 1769 569 1943 597; x_wconf 80' lang='lat' dir='ltr'><strong>semperque</strong></span> <span class='ocrx_word' id='word_1_90' title='bbox 1965 568 2043 595; x_wconf 76' lang='lat' dir='ltr'><strong>prae</strong></span> 
     </span>
     <span class='ocr_line' id='line_1_10' title="bbox 170 606 359 644; baseline 0.011 -11"><span class='ocrx_word' id='word_1_91' title='bbox 170 615 224 634; x_wconf 83' lang='lat' dir='ltr'><strong>me</strong></span> <span class='ocrx_word' id='word_1_92' title='bbox 240 606 359 644; x_wconf 86' lang='lat' dir='ltr'><strong>seram.</strong></span> 
     </span>
    </p>

    <p class='ocr_par' dir='ltr' id='par_1_6' title="bbox 165 652 2047 1306">
     <span class='ocr_line' id='line_1_11' title="bbox 243 652 2043 694; baseline -0.001 -13"><span class='ocrx_word' id='word_1_93' title='bbox 243 653 437 684; x_wconf 83' lang='lat' dir='ltr'><strong>Erfurtensis</strong></span> <span class='ocrx_word' id='word_1_94' title='bbox 457 666 515 694; x_wconf 89' lang='lat' dir='ltr'><strong>pro</strong></span> <span class='ocrx_word' id='word_1_95' title='bbox 529 666 611 694; x_wconf 79' lang='lat' dir='ltr'><strong>prae</strong></span> <span class='ocrx_word' id='word_1_96' title='bbox 631 664 678 683; x_wconf 81' lang='lat' dir='ltr'><strong>me</strong></span> <span class='ocrx_word' id='word_1_97' title='bbox 700 654 806 692; x_wconf 78' lang='lat' dir='ltr'><strong>feram</strong></span> <span class='ocrx_word' id='word_1_98' title='bbox 825 652 935 682; x_wconf 86' lang='lat' dir='ltr'><strong>scribit</strong></span> <span class='ocrx_word' id='word_1_99' title='bbox 948 654 1133 692; x_wconf 81' lang='lat' dir='ltr'><strong>praeferam</strong></span> <span class='ocrx_word' id='word_1_100' title='bbox 1152 659 1183 682; x_wconf 90' lang='lat' dir='ltr'><strong>et</strong></span> <span class='ocrx_word' id='word_1_101' title='bbox 1203 665 1249 682; x_wconf 83' lang='lat' dir='ltr'><strong>me</strong></span> <span class='ocrx_word' id='word_1_102' title='bbox 1270 654 1375 692; x_wconf 86' lang='lat' dir='ltr'><strong>inepte</strong></span> <span class='ocrx_word' id='word_1_103' title='bbox 1395 659 1465 683; x_wconf 75' lang='lat' dir='ltr'><strong>ante</strong></span> <span class='ocrx_word' id='word_1_104' title='bbox 1484 655 1607 693; x_wconf 78' lang='lat' dir='ltr'><strong>quidem</strong></span> <span class='ocrx_word' id='word_1_105' title='bbox 1626 654 1725 693; x_wconf 87' lang='lat' dir='ltr'><strong>ponit.</strong></span> <span class='ocrx_word' id='word_1_106' title='bbox 1763 652 1986 687; x_wconf 83' lang='lat' dir='ltr'><strong>Dolendumst,</strong></span> <span class='ocrx_word' id='word_1_107' title='bbox 2006 652 2043 679; x_wconf 81' lang='lat' dir='ltr'><strong>de</strong></span> 
     </span>
     <span class='ocr_line' id='line_1_12' title="bbox 169 700 2044 742; baseline -0.001 -15"><span class='ocrx_word' id='word_1_108' title='bbox 169 700 319 730; x_wconf 86' lang='lat' dir='ltr'><strong>Bauarico</strong></span> <span class='ocrx_word' id='word_1_109' title='bbox 346 701 400 731; x_wconf 84' lang='lat' dir='ltr'><strong>hic</strong></span> <span class='ocrx_word' id='word_1_110' title='bbox 426 704 537 739; x_wconf 86' lang='lat' dir='ltr'><strong>taceri,</strong></span> <span class='ocrx_word' id='word_1_111' title='bbox 565 713 655 742; x_wconf 85' lang='lat' dir='ltr'><strong>quem</strong></span> <span class='ocrx_word' id='word_1_112' title='bbox 681 702 707 730; x_wconf 88' lang='lat' dir='ltr'><strong>si</strong></span> <span class='ocrx_word' id='word_1_113' title='bbox 734 700 846 729; x_wconf 80' lang='lat' dir='ltr'><strong>scirem</strong></span> <span class='ocrx_word' id='word_1_114' title='bbox 873 710 941 729; x_wconf 87' lang='lat' dir='ltr'><strong>cum</strong></span> <span class='ocrx_word' id='word_1_115' title='bbox 968 700 1153 729; x_wconf 85' lang='lat' dir='ltr'><strong>Erfurtense</strong></span> <span class='ocrx_word' id='word_1_116' title='bbox 1181 701 1299 737; x_wconf 84' lang='lat' dir='ltr'><strong>facere,</strong></span> <span class='ocrx_word' id='word_1_117' title='bbox 1326 702 1408 730; x_wconf 91' lang='lat' dir='ltr'><strong>nihil</strong></span> <span class='ocrx_word' id='word_1_118' title='bbox 1428 702 1543 730; x_wconf 86' lang='lat' dir='ltr'><strong>certius</strong></span> <span class='ocrx_word' id='word_1_119' title='bbox 1562 706 1720 740; x_wconf 83' lang='lat' dir='ltr'><strong>putarem,</strong></span> <span class='ocrx_word' id='word_1_120' title='bbox 1749 711 1839 738; x_wconf 86' lang='lat' dir='ltr'><strong>quam</strong></span> <span class='ocrx_word' id='word_1_121' title='bbox 1860 700 2044 728; x_wconf 78' lang='lat' dir='ltr'><strong>Ciceronem</strong></span> 
     </span>
     <span class='ocr_line' id='line_1_13' title="bbox 165 745 2044 789; baseline -0.001 -14"><span class='ocrx_word' id='word_1_122' title='bbox 165 747 348 785; x_wconf 80' lang='lat' dir='ltr'><strong>praeferam</strong></span> <span class='ocrx_word' id='word_1_123' title='bbox 367 751 526 789; x_wconf 85' lang='lat' dir='ltr'><strong>scripsisse</strong></span> <span class='ocrx_word' id='word_1_124' title='bbox 547 756 578 779; x_wconf 89' lang='lat' dir='ltr'><strong>et</strong></span> <span class='ocrx_word' id='word_1_125' title='bbox 597 761 644 779; x_wconf 85' lang='lat' dir='ltr'><strong>me</strong></span> <span class='ocrx_word' id='word_1_126' title='bbox 663 750 699 777; x_wconf 86' lang='lat' dir='ltr'><strong>ab</strong></span> <span class='ocrx_word' id='word_1_127' title='bbox 720 749 908 786; x_wconf 82' lang='lat' dir='ltr'><strong>interprete,</strong></span> <span class='ocrx_word' id='word_1_128' title='bbox 941 746 1033 775; x_wconf 89' lang='lat' dir='ltr'><strong>huius</strong></span> <span class='ocrx_word' id='word_1_129' title='bbox 1053 748 1142 777; x_wconf 85' lang='lat' dir='ltr'><strong>uerbi</strong></span> <span class='ocrx_word' id='word_1_130' title='bbox 1158 749 1322 785; x_wconf 72' lang='lat' dir='ltr'><strong>praeferre</strong></span> <span class='ocrx_word' id='word_1_131' title='bbox 1341 759 1414 777; x_wconf 88' lang='lat' dir='ltr'><strong>usus</strong></span> <span class='ocrx_word' id='word_1_132' title='bbox 1434 749 1558 786; x_wconf 77' lang='lat' dir='ltr'><strong>ignaro,</strong></span> <span class='ocrx_word' id='word_1_133' title='bbox 1586 748 1831 788; x_wconf 86' lang='lat' dir='ltr'><strong>superscriptum</strong></span> <span class='ocrx_word' id='word_1_134' title='bbox 1851 756 1925 774; x_wconf 89' lang='lat' dir='ltr'><strong>esse.</strong></span> <span class='ocrx_word' id='word_1_135' title='bbox 1963 745 2044 773; x_wconf 74' lang='lat' dir='ltr'><strong>Nam</strong></span> 
     </span>
     <span class='ocr_line' id='line_1_14' title="bbox 169 792 2043 834; baseline -0.001 -12"><span class='ocrx_word' id='word_1_136' title='bbox 169 804 231 832; x_wconf 84' lang='lat' dir='ltr'><strong>quo</strong></span> <span class='ocrx_word' id='word_1_137' title='bbox 250 797 352 825; x_wconf 86' lang='lat' dir='ltr'><strong>rarior</strong></span> <span class='ocrx_word' id='word_1_138' title='bbox 371 797 422 826; x_wconf 85' lang='lat' dir='ltr'><strong>hic</strong></span> <span class='ocrx_word' id='word_1_139' title='bbox 442 799 532 827; x_wconf 90' lang='lat' dir='ltr'><strong>uerbi</strong></span> <span class='ocrx_word' id='word_1_140' title='bbox 559 799 644 826; x_wconf 84' lang='lat' dir='ltr'><strong>illius</strong></span> <span class='ocrx_word' id='word_1_141' title='bbox 670 806 744 824; x_wconf 86' lang='lat' dir='ltr'><strong>usus</strong></span> <span class='ocrx_word' id='word_1_142' title='bbox 772 799 834 830; x_wconf 86' lang='lat' dir='ltr'><strong>est,</strong></span> <span class='ocrx_word' id='word_1_143' title='bbox 869 804 905 823; x_wconf 90' lang='lat' dir='ltr'><strong>eo</strong></span> <span class='ocrx_word' id='word_1_144' title='bbox 926 794 1019 832; x_wconf 80' lang='lat' dir='ltr'><strong>magis</strong></span> <span class='ocrx_word' id='word_1_145' title='bbox 1038 799 1124 832; x_wconf 84' lang='lat' dir='ltr'><strong>patet</strong></span> <span class='ocrx_word' id='word_1_146' title='bbox 1144 795 1253 825; x_wconf 80' lang='lat' dir='ltr'><strong>adduci</strong></span> <span class='ocrx_word' id='word_1_147' title='bbox 1274 796 1418 825; x_wconf 83' lang='lat' dir='ltr'><strong>librarios</strong></span> <span class='ocrx_word' id='word_1_148' title='bbox 1440 796 1600 831; x_wconf 83' lang='lat' dir='ltr'><strong>debuisse,</strong></span> <span class='ocrx_word' id='word_1_149' title='bbox 1636 801 1671 824; x_wconf 79' lang='lat' dir='ltr'><strong>ut</strong></span> <span class='ocrx_word' id='word_1_150' title='bbox 1690 807 1736 824; x_wconf 84' lang='lat' dir='ltr'><strong>me</strong></span> <span class='ocrx_word' id='word_1_151' title='bbox 1755 804 1928 834; x_wconf 86' lang='lat' dir='ltr'><strong>pronomen</strong></span> <span class='ocrx_word' id='word_1_152' title='bbox 1949 792 2043 821; x_wconf 83' lang='lat' dir='ltr'><strong>adde·</strong></span> 
     </span>
     <span class='ocr_line' id='line_1_15' title="bbox 168 839 2044 884; baseline -0.003 -10"><span class='ocrx_word' id='word_1_153' title='bbox 168 848 248 872; x_wconf 76' lang='lat' dir='ltr'><strong>rent.</strong></span> <span class='ocrx_word' id='word_1_154' title='bbox 287 844 460 884; x_wconf 76' lang='lat' dir='ltr'><strong>Usurpauit</strong></span> <span class='ocrx_word' id='word_1_155' title='bbox 479 851 581 874; x_wconf 80' lang='lat' dir='ltr'><strong>autem</strong></span> <span class='ocrx_word' id='word_1_156' title='bbox 601 844 712 874; x_wconf 81' lang='lat' dir='ltr'><strong>Cicero</strong></span> <span class='ocrx_word' id='word_1_157' title='bbox 728 842 893 880; x_wconf 78' lang='lat' dir='ltr'><strong>praeferre</strong></span> <span class='ocrx_word' id='word_1_158' title='bbox 913 851 1004 870; x_wconf 87' lang='lat' dir='ltr'><strong>sensu</strong></span> <span class='ocrx_word' id='word_1_159' title='bbox 1023 841 1079 870; x_wconf 78' lang='lat' dir='ltr'><strong>illo</strong></span> <span class='ocrx_word' id='word_1_160' title='bbox 1100 842 1133 870; x_wconf 92' lang='lat' dir='ltr'><strong>in</strong></span> <span class='ocrx_word' id='word_1_161' title='bbox 1153 842 1202 871; x_wconf 83' lang='lat' dir='ltr'><strong>his</strong></span> <span class='ocrx_word' id='word_1_162' title='bbox 1222 843 1315 871; x_wconf 87' lang='lat' dir='ltr'><strong>locis:</strong></span> <span class='ocrx_word' id='word_1_163' title='bbox 1333 853 1392 882; x_wconf 87' lang='lat' dir='ltr'><strong>pro</strong></span> <span class='ocrx_word' id='word_1_164' title='bbox 1414 844 1498 871; x_wconf 69' lang='lat' dir='ltr'><strong>Sext.</strong></span> <span class='ocrx_word' id='word_1_165' title='bbox 1519 843 1634 871; x_wconf 87' lang='lat' dir='ltr'><strong>Roscio</strong></span> <span class='ocrx_word' id='word_1_166' title='bbox 1655 843 1724 871; x_wconf 86' lang='lat' dir='ltr'><strong>Am.</strong></span> <span class='ocrx_word' id='word_1_167' title='bbox 1747 843 1781 871; x_wconf 89' lang='lat' dir='ltr'><strong>C.</strong></span> <span class='ocrx_word' id='word_1_168' title='bbox 1801 841 1931 870; x_wconf 89' lang='lat' dir='ltr'><strong>XXXI.</strong></span> <span class='ocrx_word' id='word_1_169' title='bbox 1951 839 1979 879; x_wconf 83' lang='grc'><strong>5.</strong></span> <span class='ocrx_word' id='word_1_170' title='bbox 1997 843 2044 874; x_wconf 78' lang='lat'><strong>87.</strong></span> 
     </span>
     <span class='ocr_line' id='line_1_16' title="bbox 169 888 2045 931; baseline -0.001 -13"><span class='ocrx_word' id='word_1_171' title='bbox 169 894 342 920; x_wconf 82' lang='lat' dir='ltr'><strong>auaritiam</strong></span> <span class='ocrx_word' id='word_1_172' title='bbox 356 893 512 931; x_wconf 61' lang='lat' dir='ltr'><strong>praefers,</strong></span> <span class='ocrx_word' id='word_1_173' title='bbox 533 893 587 930; x_wconf 84' lang='lat' dir='ltr'><strong>qui</strong></span> <span class='ocrx_word' id='word_1_174' title='bbox 605 893 780 920; x_wconf 70' lang='lat' dir='ltr'><strong>societatem</strong></span> <span class='ocrx_word' id='word_1_175' title='bbox 800 890 908 917; x_wconf 72' lang='lat' dir='ltr'><strong>coieris</strong></span> <span class='ocrx_word' id='word_1_176' title='bbox 927 889 964 916; x_wconf 82' lang='lat' dir='ltr'><strong>de</strong></span> <span class='ocrx_word' id='word_1_177' title='bbox 983 891 1152 927; x_wconf 77' lang='lat' dir='ltr'><strong>municipis</strong></span> <span class='ocrx_word' id='word_1_178' title='bbox 1172 893 1358 929; x_wconf 72' lang='lat' dir='ltr'><strong>cognatique</strong></span> <span class='ocrx_word' id='word_1_179' title='bbox 1369 891 1513 929; x_wconf 77' lang='lat' dir='ltr'><strong>fortunis</strong></span> <span class='ocrx_word' id='word_1_180' title='bbox 1533 900 1603 920; x_wconf 82' lang='lat' dir='ltr'><strong>cum</strong></span> <span class='ocrx_word' id='word_1_181' title='bbox 1623 892 1830 919; x_wconf 70' lang='lat' dir='ltr'><strong>alienissuma</strong></span> <span class='ocrx_word' id='word_1_182' title='bbox 1850 889 1887 918; x_wconf 82' lang='lat' dir='ltr'><strong>ad</strong></span> <span class='ocrx_word' id='word_1_183' title='bbox 1906 889 1980 916; x_wconf 87' lang='lat' dir='ltr'><strong>Diu.</strong></span> <span class='ocrx_word' id='word_1_184' title='bbox 2001 888 2045 923; x_wconf 84' lang='lat' dir='ltr'><strong>X,</strong></span> 
     </span>
     <span class='ocr_line' id='line_1_17' title="bbox 168 936 2045 977; baseline -0.002 -10"><span class='ocrx_word' id='word_1_185' title='bbox 168 939 196 974; x_wconf 86' lang='lat'><strong>8,</strong></span> <span class='ocrx_word' id='word_1_186' title='bbox 215 940 242 967; x_wconf 94' lang='lat'><strong>8.</strong></span> <span class='ocrx_word' id='word_1_187' title='bbox 263 945 317 972; x_wconf 84' lang='lat' dir='ltr'><strong>ut,</strong></span> <span class='ocrx_word' id='word_1_188' title='bbox 337 950 406 968; x_wconf 78' lang='lat' dir='ltr'><strong>cum</strong></span> <span class='ocrx_word' id='word_1_189' title='bbox 422 939 655 977; x_wconf 61' lang='lat' dir='ltr'><strong>praesia-remus</strong></span> <span class='ocrx_word' id='word_1_190' title='bbox 674 946 781 965; x_wconf 78' lang='lat' dir='ltr'><strong>sensus</strong></span> <span class='ocrx_word' id='word_1_191' title='bbox 801 942 907 972; x_wconf 79' lang='lat' dir='ltr'><strong>aperte</strong></span> <span class='ocrx_word' id='word_1_192' title='bbox 934 940 1002 964; x_wconf 83' lang='lat' dir='ltr'><strong>etc..</strong></span> <span class='ocrx_word' id='word_1_193' title='bbox 1042 936 1107 965; x_wconf 83' lang='lat' dir='ltr'><strong>Cfr.</strong></span> <span class='ocrx_word' id='word_1_194' title='bbox 1128 938 1279 966; x_wconf 82' lang='lat' dir='ltr'><strong>Matthiae</strong></span> <span class='ocrx_word' id='word_1_195' title='bbox 1299 938 1337 967; x_wconf 83' lang='lat' dir='ltr'><strong>ad</strong></span> <span class='ocrx_word' id='word_1_196' title='bbox 1357 938 1422 967; x_wconf 85' lang='lat' dir='ltr'><strong>Cic.</strong></span> <span class='ocrx_word' id='word_1_197' title='bbox 1442 949 1499 977; x_wconf 83' lang='lat' dir='ltr'><strong>pro</strong></span> <span class='ocrx_word' id='word_1_198' title='bbox 1519 938 1635 966; x_wconf 85' lang='lat' dir='ltr'><strong>Roscio</strong></span> <span class='ocrx_word' id='word_1_199' title='bbox 1655 938 1676 966; x_wconf 94' lang='grc'><strong>1.</strong></span> <span class='ocrx_word' id='word_1_200' title='bbox 1696 938 1727 966; x_wconf 87' lang='lat' dir='ltr'><strong>l..</strong></span> <span class='ocrx_word' id='word_1_201' title='bbox 1764 937 1856 966; x_wconf 86' lang='lat' dir='ltr'><strong>Adde</strong></span> <span class='ocrx_word' id='word_1_202' title='bbox 1874 936 2045 965; x_wconf 85' lang='lat' dir='ltr'><strong>Frontonis</strong></span> 
     </span>
     <span class='ocr_line' id='line_1_18' title="bbox 167 982 2047 1025; baseline -0.001 -11"><span class='ocrx_word' id='word_1_203' title='bbox 167 985 250 1025; x_wconf 85' lang='lat' dir='ltr'><strong>Epp.</strong></span> <span class='ocrx_word' id='word_1_204' title='bbox 269 987 307 1015; x_wconf 87' lang='lat' dir='ltr'><strong>ad</strong></span> <span class='ocrx_word' id='word_1_205' title='bbox 325 988 369 1016; x_wconf 90' lang='lat' dir='ltr'><strong>M.</strong></span> <span class='ocrx_word' id='word_1_206' title='bbox 391 987 551 1016; x_wconf 87' lang='lat' dir='ltr'><strong>Caesarem</strong></span> <span class='ocrx_word' id='word_1_207' title='bbox 570 985 608 1013; x_wconf 91' lang='lat' dir='ltr'><strong>L.</strong></span> <span class='ocrx_word' id='word_1_208' title='bbox 628 984 686 1013; x_wconf 86' lang='lat' dir='ltr'><strong>IV.</strong></span> <span class='ocrx_word' id='word_1_209' title='bbox 707 993 755 1022; x_wconf 87' lang='lat' dir='ltr'><strong>ep.</strong></span> <span class='ocrx_word' id='word_1_210' title='bbox 775 982 853 1011; x_wconf 86' lang='lat' dir='ltr'><strong>XII.</strong></span> <span class='ocrx_word' id='word_1_211' title='bbox 877 993 907 1022; x_wconf 91' lang='lat' dir='ltr'><strong>p.</strong></span> <span class='ocrx_word' id='word_1_212' title='bbox 930 985 992 1013; x_wconf 88' lang='lat'>108.</span> <span class='ocrx_word' id='word_1_213' title='bbox 1012 984 1059 1013; x_wconf 86' lang='lat' dir='ltr'><strong>ed.</strong></span> <span class='ocrx_word' id='word_1_214' title='bbox 1080 985 1171 1014; x_wconf 83' lang='lat' dir='ltr'><strong>Mai.:</strong></span> <span class='ocrx_word' id='word_1_215' title='bbox 1205 986 1314 1015; x_wconf 70' lang='lat' dir='ltr'><strong>Tibine</strong></span> <span class='ocrx_word' id='word_1_216' title='bbox 1333 988 1381 1015; x_wconf 81' lang='lat' dir='ltr'><strong>ita</strong></span> <span class='ocrx_word' id='word_1_217' title='bbox 1401 989 1519 1020; x_wconf 76' lang='lat' dir='ltr'><strong>uisam,</strong></span> <span class='ocrx_word' id='word_1_218' title='bbox 1545 988 1599 1025; x_wconf 78' lang='lat' dir='ltr'><strong>qui</strong></span> <span class='ocrx_word' id='word_1_219' title='bbox 1613 985 1777 1024; x_wconf 80' lang='lat' dir='ltr'><strong>praefers,</strong></span> <span class='ocrx_word' id='word_1_220' title='bbox 1802 986 1994 1013; x_wconf 73' lang='lat' dir='ltr'><strong>Faustinam</strong></span> <span class='ocrx_word' id='word_1_221' title='bbox 2013 983 2047 1011; x_wconf 79' lang='lat' dir='ltr'><strong>id</strong></span> 
     </span>
     <span class='ocr_line' id='line_1_19' title="bbox 168 1030 2042 1072; baseline -0.002 -10"><span class='ocrx_word' id='word_1_222' title='bbox 168 1034 227 1062; x_wconf 85' lang='lat' dir='ltr'><strong>tibi</strong></span> <span class='ocrx_word' id='word_1_223' title='bbox 247 1034 410 1072; x_wconf 75' lang='lat' dir='ltr'><strong>essequod</strong></span> <span class='ocrx_word' id='word_1_224' title='bbox 426 1035 525 1062; x_wconf 79' lang='lat' dir='ltr'><strong>lucem</strong></span> <span class='ocrx_word' id='word_1_225' title='bbox 544 1042 684 1061; x_wconf 79' lang='lat' dir='ltr'><strong>serenam</strong></span> <span class='ocrx_word' id='word_1_226' title='bbox 705 1035 772 1059; x_wconf 87' lang='lat' dir='ltr'><strong>etc..</strong></span> <span class='ocrx_word' id='word_1_227' title='bbox 810 1030 915 1068; x_wconf 80' lang='lat' dir='ltr'><strong>Atque</strong></span> <span class='ocrx_word' id='word_1_228' title='bbox 935 1030 1011 1059; x_wconf 87' lang='lat' dir='ltr'><strong>haut</strong></span> <span class='ocrx_word' id='word_1_229' title='bbox 1030 1031 1112 1068; x_wconf 85' lang='lat' dir='ltr'><strong>scio,</strong></span> <span class='ocrx_word' id='word_1_230' title='bbox 1147 1043 1184 1060; x_wconf 91' lang='lat' dir='ltr'><strong>an</strong></span> <span class='ocrx_word' id='word_1_231' title='bbox 1213 1034 1320 1061; x_wconf 85' lang='lat' dir='ltr'><strong>eodem</strong></span> <span class='ocrx_word' id='word_1_232' title='bbox 1349 1033 1499 1071; x_wconf 84' lang='lat' dir='ltr'><strong>loquendi</strong></span> <span class='ocrx_word' id='word_1_233' title='bbox 1526 1043 1637 1071; x_wconf 83' lang='lat' dir='ltr'><strong>genere</strong></span> <span class='ocrx_word' id='word_1_234' title='bbox 1658 1033 1768 1061; x_wconf 88' lang='lat' dir='ltr'><strong>Cicero</strong></span> <span class='ocrx_word' id='word_1_235' title='bbox 1796 1032 1829 1060; x_wconf 89' lang='lat' dir='ltr'><strong>in</strong></span> <span class='ocrx_word' id='word_1_236' title='bbox 1856 1041 1900 1060; x_wconf 90' lang='lat' dir='ltr'><strong>or.</strong></span> <span class='ocrx_word' id='word_1_237' title='bbox 1928 1040 1985 1069; x_wconf 87' lang='lat' dir='ltr'><strong>pro</strong></span> <span class='ocrx_word' id='word_1_238' title='bbox 2005 1030 2042 1058; x_wconf 91' lang='lat' dir='ltr'><strong>L.</strong></span> 
     </span>
     <span class='ocr_line' id='line_1_20' title="bbox 168 1076 2044 1118; baseline -0.002 -10"><span class='ocrx_word' id='word_1_239' title='bbox 168 1080 262 1109; x_wconf 89' lang='lat' dir='ltr'><strong>Corn.</strong></span> <span class='ocrx_word' id='word_1_240' title='bbox 281 1081 378 1110; x_wconf 82' lang='lat' dir='ltr'><strong>Balbo</strong></span> <span class='ocrx_word' id='word_1_241' title='bbox 405 1081 439 1109; x_wconf 91' lang='lat' dir='ltr'><strong>C.</strong></span> <span class='ocrx_word' id='word_1_242' title='bbox 459 1079 587 1108; x_wconf 88' lang='lat' dir='ltr'><strong>XXIII.</strong></span> <span class='ocrx_word' id='word_1_243' title='bbox 613 1077 641 1118; x_wconf 87' lang='grc'><strong>5.</strong></span> <span class='ocrx_word' id='word_1_244' title='bbox 662 1079 706 1107; x_wconf 85' lang='lat'><strong>52.</strong></span> <span class='ocrx_word' id='word_1_245' title='bbox 732 1086 805 1106; x_wconf 89' lang='lat' dir='ltr'><strong>usus</strong></span> <span class='ocrx_word' id='word_1_246' title='bbox 826 1076 883 1112; x_wconf 89' lang='lat' dir='ltr'><strong>sit,</strong></span> <span class='ocrx_word' id='word_1_247' title='bbox 917 1077 1153 1117; x_wconf 83' lang='lat' dir='ltr'><strong>scripseritque:</strong></span> <span class='ocrx_word' id='word_1_248' title='bbox 1182 1081 1305 1108; x_wconf 76' lang='lat' dir='ltr'><strong>ludices</strong></span> <span class='ocrx_word' id='word_1_249' title='bbox 1337 1091 1407 1109; x_wconf 84' lang='lat' dir='ltr'><strong>cum</strong></span> <span class='ocrx_word' id='word_1_250' title='bbox 1428 1080 1628 1118; x_wconf 78' lang='lat' dir='ltr'><strong>praeferrent</strong></span> <span class='ocrx_word' id='word_1_251' title='bbox 1642 1081 1812 1118; x_wconf 82' lang='lat' dir='ltr'><strong>palamque</strong></span> <span class='ocrx_word' id='word_1_252' title='bbox 1836 1080 2044 1116; x_wconf 73' lang='lat' dir='ltr'><strong>loquerentur,</strong></span> 
     </span>
     <span class='ocr_line' id='line_1_21' title="bbox 166 1125 2044 1166; baseline -0.002 -10"><span class='ocrx_word' id='word_1_253' title='bbox 166 1128 246 1166; x_wconf 75' lang='lat' dir='ltr'><strong>quid</strong></span> <span class='ocrx_word' id='word_1_254' title='bbox 263 1135 362 1156; x_wconf 77' lang='lat' dir='ltr'><strong>essent</strong></span> <span class='ocrx_word' id='word_1_255' title='bbox 387 1129 452 1166; x_wconf 78' lang='lat' dir='ltr'><strong>lege</strong></span> <span class='ocrx_word' id='word_1_256' title='bbox 471 1129 579 1165; x_wconf 77' lang='lat' dir='ltr'><strong>Papia</strong></span> <span class='ocrx_word' id='word_1_257' title='bbox 605 1127 642 1154; x_wconf 77' lang='lat' dir='ltr'><strong>tle</strong></span> <span class='ocrx_word' id='word_1_258' title='bbox 661 1126 710 1154; x_wconf 85' lang='lat' dir='ltr'><strong>M.</strong></span> <span class='ocrx_word' id='word_1_259' title='bbox 738 1125 865 1160; x_wconf 74' lang='lat' dir='ltr'><strong>Crasso,</strong></span> <span class='ocrx_word' id='word_1_260' title='bbox 892 1125 1096 1154; x_wconf 74' lang='lat' dir='ltr'><strong>Mamertinis</strong></span> <span class='ocrx_word' id='word_1_261' title='bbox 1122 1128 1344 1164; x_wconf 73' lang='lat' dir='ltr'><strong>repetentibus,</strong></span> <span class='ocrx_word' id='word_1_262' title='bbox 1374 1129 1557 1156; x_wconf 76' lang='lat' dir='ltr'><strong>iudicaturi.</strong></span> <span class='ocrx_word' id='word_1_263' title='bbox 1595 1128 1675 1156; x_wconf 79' lang='lat' dir='ltr'><strong>Nam</strong></span> <span class='ocrx_word' id='word_1_264' title='bbox 1693 1137 1751 1166; x_wconf 88' lang='lat' dir='ltr'><strong>pro</strong></span> <span class='ocrx_word' id='word_1_265' title='bbox 1765 1137 1847 1164; x_wconf 82' lang='lat' dir='ltr'><strong>prae</strong></span> <span class='ocrx_word' id='word_1_266' title='bbox 1865 1137 1896 1155; x_wconf 85' lang='lat' dir='ltr'><strong>se</strong></span> <span class='ocrx_word' id='word_1_267' title='bbox 1907 1126 2044 1164; x_wconf 59' lang='lat' dir='ltr'><strong>fia-rent.</strong></span> 
     </span>
     <span class='ocr_line' id='line_1_22' title="bbox 166 1171 2043 1214; baseline -0.002 -11"><span class='ocrx_word' id='word_1_268' title='bbox 166 1185 244 1213; x_wconf 88' lang='lat' dir='ltr'><strong>quae</strong></span> <span class='ocrx_word' id='word_1_269' title='bbox 262 1175 397 1214; x_wconf 82' lang='lat' dir='ltr'><strong>uolgaris</strong></span> <span class='ocrx_word' id='word_1_270' title='bbox 417 1180 464 1204; x_wconf 89' lang='lat' dir='ltr'><strong>est</strong></span> <span class='ocrx_word' id='word_1_271' title='bbox 490 1175 575 1203; x_wconf 86' lang='lat' dir='ltr'><strong>illius</strong></span> <span class='ocrx_word' id='word_1_272' title='bbox 594 1172 658 1201; x_wconf 89' lang='lat' dir='ltr'><strong>Ioci</strong></span> <span class='ocrx_word' id='word_1_273' title='bbox 678 1171 851 1210; x_wconf 86' lang='lat' dir='ltr'><strong>scriptura,</strong></span> <span class='ocrx_word' id='word_1_274' title='bbox 886 1171 1079 1201; x_wconf 88' lang='lat' dir='ltr'><strong>Erfurtensis</strong></span> <span class='ocrx_word' id='word_1_275' title='bbox 1099 1183 1131 1204; x_wconf 76' lang='lat' dir='ltr'><strong>se</strong></span> <span class='ocrx_word' id='word_1_276' title='bbox 1150 1183 1231 1211; x_wconf 79' lang='lat' dir='ltr'><strong>prae</strong></span> <span class='ocrx_word' id='word_1_277' title='bbox 1249 1175 1379 1212; x_wconf 80' lang='lat' dir='ltr'><strong>ferrent</strong></span> <span class='ocrx_word' id='word_1_278' title='bbox 1404 1175 1526 1203; x_wconf 87' lang='lat' dir='ltr'><strong>scribit.</strong></span> <span class='ocrx_word' id='word_1_279' title='bbox 1564 1174 1778 1203; x_wconf 88' lang='lat' dir='ltr'><strong>Nihilominus</strong></span> <span class='ocrx_word' id='word_1_280' title='bbox 1798 1173 1991 1202; x_wconf 85' lang='lat' dir='ltr'><strong>retinendam</strong></span> <span class='ocrx_word' id='word_1_281' title='bbox 2011 1173 2043 1201; x_wconf 89' lang='lat' dir='ltr'><strong>in</strong></span> 
     </span>
     <span class='ocr_line' id='line_1_23' title="bbox 165 1218 2043 1258; baseline 0.001 -9"><span class='ocrx_word' id='word_1_282' title='bbox 165 1221 236 1250; x_wconf 89' lang='lat' dir='ltr'><strong>loco</strong></span> <span class='ocrx_word' id='word_1_283' title='bbox 255 1222 313 1250; x_wconf 86' lang='lat' dir='ltr'><strong>illo</strong></span> <span class='ocrx_word' id='word_1_284' title='bbox 333 1222 482 1251; x_wconf 88' lang='lat' dir='ltr'><strong>orationis</strong></span> <span class='ocrx_word' id='word_1_285' title='bbox 501 1221 684 1250; x_wconf 85' lang='lat' dir='ltr'><strong>Plancianae</strong></span> <span class='ocrx_word' id='word_1_286' title='bbox 703 1218 888 1256; x_wconf 87' lang='lat' dir='ltr'><strong>scripturam</strong></span> <span class='ocrx_word' id='word_1_287' title='bbox 907 1219 1061 1257; x_wconf 84' lang='lat' dir='ltr'><strong>uolgatam</strong></span> <span class='ocrx_word' id='word_1_288' title='bbox 1087 1221 1213 1258; x_wconf 87' lang='lat' dir='ltr'><strong>putaui,</strong></span> <span class='ocrx_word' id='word_1_289' title='bbox 1241 1221 1334 1250; x_wconf 88' lang='lat' dir='ltr'><strong>unius</strong></span> <span class='ocrx_word' id='word_1_290' title='bbox 1353 1221 1430 1250; x_wconf 86' lang='lat' dir='ltr'><strong>libri</strong></span> <span class='ocrx_word' id='word_1_291' title='bbox 1449 1222 1643 1251; x_wconf 86' lang='lat' dir='ltr'><strong>Erfurtensis</strong></span> <span class='ocrx_word' id='word_1_292' title='bbox 1662 1232 1726 1251; x_wconf 84' lang='lat' dir='ltr'><strong>non</strong></span> <span class='ocrx_word' id='word_1_293' title='bbox 1745 1231 1812 1250; x_wconf 83' lang='lat' dir='ltr'><strong>eam</strong></span> <span class='ocrx_word' id='word_1_294' title='bbox 1830 1226 1914 1250; x_wconf 86' lang='lat' dir='ltr'><strong>ratus</strong></span> <span class='ocrx_word' id='word_1_295' title='bbox 1934 1226 2043 1250; x_wconf 83' lang='lat' dir='ltr'><strong>aucto-</strong></span> 
     </span>
     <span class='ocr_line' id='line_1_24' title="bbox 165 1265 1479 1306; baseline 0.001 -10"><span class='ocrx_word' id='word_1_296' title='bbox 165 1268 291 1298; x_wconf 82' lang='lat' dir='ltr'><strong>ritatem</strong></span> <span class='ocrx_word' id='word_1_297' title='bbox 311 1279 392 1306; x_wconf 83' lang='lat' dir='ltr'><strong>csse,</strong></span> <span class='ocrx_word' id='word_1_298' title='bbox 418 1274 454 1298; x_wconf 89' lang='lat' dir='ltr'><strong>ut</strong></span> <span class='ocrx_word' id='word_1_299' title='bbox 473 1274 650 1298; x_wconf 79' lang='lat' dir='ltr'><strong>consuetam</strong></span> <span class='ocrx_word' id='word_1_300' title='bbox 668 1265 818 1306; x_wconf 87' lang='lat' dir='ltr'><strong>loquendi</strong></span> <span class='ocrx_word' id='word_1_301' title='bbox 837 1265 991 1295; x_wconf 85' lang='lat' dir='ltr'><strong>rationem</strong></span> <span class='ocrx_word' id='word_1_302' title='bbox 1010 1267 1043 1295; x_wconf 84' lang='lat' dir='ltr'><strong>in</strong></span> <span class='ocrx_word' id='word_1_303' title='bbox 1063 1267 1300 1296; x_wconf 84' lang='lat' dir='ltr'><strong>insolentiorem</strong></span> <span class='ocrx_word' id='word_1_304' title='bbox 1319 1273 1479 1298; x_wconf 81' lang='lat' dir='ltr'><strong>mutarem.</strong></span> 
     </span>
    </p>
   </div>
   <div class='ocr_carea' id='block_1_3' title="bbox 1055 1364 1149 1406">
    <p class='ocr_par' dir='ltr' id='par_1_7' title="bbox 1055 1364 1149 1406">
     <span class='ocr_line' id='line_1_25' title="bbox 1055 1364 1149 1406; baseline -0.032 -6"><span class='ocrx_word' id='word_1_305' title='bbox 1055 1364 1083 1406; x_wconf 83' lang='lat'><strong>§-</strong></span> <span class='ocrx_word' id='word_1_306' title='bbox 1104 1372 1149 1399; x_wconf 86' lang='lat'><strong>15.</strong></span> 
     </span>
    </p>
   </div>
   <div class='ocr_carea' id='block_1_4' title="bbox 155 1431 2043 2234">
    <p class='ocr_par' dir='ltr' id='par_1_8' title="bbox 158 1431 2043 1665">
     <span class='ocr_line' id='line_1_26' title="bbox 236 1431 2043 1475; baseline -0.001 -9"><span class='ocrx_word' id='word_1_307' title='bbox 236 1438 336 1466; x_wconf 84' lang='lat' dir='ltr'><strong>Porro</strong></span> <span class='ocrx_word' id='word_1_308' title='bbox 356 1447 391 1465; x_wconf 82' lang='lat' dir='ltr'><strong>ea</strong></span> <span class='ocrx_word' id='word_1_309' title='bbox 412 1446 534 1475; x_wconf 88' lang='lat' dir='ltr'><strong>quoque</strong></span> <span class='ocrx_word' id='word_1_310' title='bbox 553 1435 666 1471; x_wconf 86' lang='lat' dir='ltr'><strong>uerba,</strong></span> <span class='ocrx_word' id='word_1_311' title='bbox 700 1445 776 1474; x_wconf 84' lang='lat' dir='ltr'><strong>quae</strong></span> <span class='ocrx_word' id='word_1_312' title='bbox 798 1431 831 1461; x_wconf 75' lang='lat' dir='ltr'><strong>in</strong></span> <span class='ocrx_word' id='word_1_313' title='bbox 850 1434 876 1462; x_wconf 94' lang='lat' dir='ltr'>B</span> <span class='ocrx_word' id='word_1_314' title='bbox 898 1439 929 1464; x_wconf 87' lang='lat' dir='ltr'><strong>et</strong></span> <span class='ocrx_word' id='word_1_315' title='bbox 948 1435 975 1463; x_wconf 94' lang='lat' dir='ltr'><strong>E</strong></span> <span class='ocrx_word' id='word_1_316' title='bbox 1002 1434 1092 1464; x_wconf 70' lang='lat' dir='ltr'><strong>aliam</strong></span> <span class='ocrx_word' id='word_1_317' title='bbox 1121 1435 1224 1464; x_wconf 84' lang='lat' dir='ltr'><strong>sedem</strong></span> <span class='ocrx_word' id='word_1_318' title='bbox 1244 1440 1336 1474; x_wconf 85' lang='lat' dir='ltr'><strong>atque</strong></span> <span class='ocrx_word' id='word_1_319' title='bbox 1363 1436 1397 1464; x_wconf 89' lang='lat' dir='ltr'><strong>in</strong></span> <span class='ocrx_word' id='word_1_320' title='bbox 1416 1436 1552 1466; x_wconf 87' lang='lat' dir='ltr'><strong>familiae</strong></span> <span class='ocrx_word' id='word_1_321' title='bbox 1571 1437 1682 1468; x_wconf 82' lang='lat' dir='ltr'><strong>tertiae</strong></span> <span class='ocrx_word' id='word_1_322' title='bbox 1701 1436 1861 1465; x_wconf 87' lang='lat' dir='ltr'><strong>codicibus</strong></span> <span class='ocrx_word' id='word_1_323' title='bbox 1882 1442 2043 1475; x_wconf 82' lang='lat' dir='ltr'><strong>occupant,</strong></span> 
     </span>
     <span class='ocr_line' id='line_1_27' title="bbox 162 1482 2042 1525; baseline -0.001 -12"><span class='ocrx_word' id='word_1_324' title='bbox 162 1485 189 1514; x_wconf 89' lang='lat' dir='ltr'><strong>si</strong></span> <span class='ocrx_word' id='word_1_325' title='bbox 208 1485 246 1513; x_wconf 79' lang='lat' dir='ltr'><strong>ad</strong></span> <span class='ocrx_word' id='word_1_326' title='bbox 265 1495 386 1513; x_wconf 84' lang='lat' dir='ltr'><strong>sensum</strong></span> <span class='ocrx_word' id='word_1_327' title='bbox 406 1494 470 1512; x_wconf 85' lang='lat' dir='ltr'><strong>non</strong></span> <span class='ocrx_word' id='word_1_328' title='bbox 490 1488 562 1511; x_wconf 86' lang='lat' dir='ltr'><strong>sunt</strong></span> <span class='ocrx_word' id='word_1_329' title='bbox 581 1484 768 1520; x_wconf 80' lang='lat' dir='ltr'><strong>necessaria,</strong></span> <span class='ocrx_word' id='word_1_330' title='bbox 793 1482 900 1521; x_wconf 81' lang='lat' dir='ltr'><strong>negari</strong></span> <span class='ocrx_word' id='word_1_331' title='bbox 920 1482 1031 1520; x_wconf 83' lang='lat' dir='ltr'><strong>nequit</strong></span> <span class='ocrx_word' id='word_1_332' title='bbox 1048 1482 1302 1522; x_wconf 84' lang='lat' dir='ltr'><strong>interpolationis</strong></span> <span class='ocrx_word' id='word_1_333' title='bbox 1321 1484 1448 1513; x_wconf 89' lang='lat' dir='ltr'><strong>nomine</strong></span> <span class='ocrx_word' id='word_1_334' title='bbox 1467 1491 1609 1525; x_wconf 85' lang='lat' dir='ltr'><strong>suspecta</strong></span> <span class='ocrx_word' id='word_1_335' title='bbox 1627 1494 1716 1524; x_wconf 85' lang='lat' dir='ltr'><strong>posse</strong></span> <span class='ocrx_word' id='word_1_336' title='bbox 1736 1494 1811 1513; x_wconf 87' lang='lat' dir='ltr'><strong>esse.</strong></span> <span class='ocrx_word' id='word_1_337' title='bbox 1851 1484 2042 1522; x_wconf 83' lang='lat' dir='ltr'><strong>Quamquam</strong></span> 
     </span>
     <span class='ocr_line' id='line_1_28' title="bbox 158 1529 2042 1570; baseline -0.001 -9"><span class='ocrx_word' id='word_1_338' title='bbox 158 1532 218 1562; x_wconf 87' lang='lat' dir='ltr'><strong>hac</strong></span> <span class='ocrx_word' id='word_1_339' title='bbox 245 1533 279 1560; x_wconf 89' lang='lat' dir='ltr'><strong>in</strong></span> <span class='ocrx_word' id='word_1_340' title='bbox 304 1542 340 1560; x_wconf 89' lang='lat' dir='ltr'><strong>re</strong></span> <span class='ocrx_word' id='word_1_341' title='bbox 366 1541 472 1569; x_wconf 80' lang='lat' dir='ltr'><strong>magna</strong></span> <span class='ocrx_word' id='word_1_342' title='bbox 499 1530 673 1559; x_wconf 82' lang='lat' dir='ltr'><strong>adhibenda</strong></span> <span class='ocrx_word' id='word_1_343' title='bbox 701 1531 849 1566; x_wconf 81' lang='lat' dir='ltr'><strong>cautiost,</strong></span> <span class='ocrx_word' id='word_1_344' title='bbox 881 1540 921 1558; x_wconf 87' lang='lat' dir='ltr'><strong>ne</strong></span> <span class='ocrx_word' id='word_1_345' title='bbox 947 1529 1080 1567; x_wconf 79' lang='lat' dir='ltr'><strong>genuina</strong></span> <span class='ocrx_word' id='word_1_346' title='bbox 1101 1530 1263 1559; x_wconf 86' lang='lat' dir='ltr'><strong>Ciceronis</strong></span> <span class='ocrx_word' id='word_1_347' title='bbox 1290 1531 1386 1559; x_wconf 81' lang='lat' dir='ltr'><strong>uerba</strong></span> <span class='ocrx_word' id='word_1_348' title='bbox 1412 1542 1469 1570; x_wconf 86' lang='lat' dir='ltr'><strong>pro</strong></span> <span class='ocrx_word' id='word_1_349' title='bbox 1490 1533 1635 1562; x_wconf 82' lang='lat' dir='ltr'><strong>insiticiis</strong></span> <span class='ocrx_word' id='word_1_350' title='bbox 1654 1532 1828 1562; x_wconf 80' lang='lat' dir='ltr'><strong>habeamus.</strong></span> <span class='ocrx_word' id='word_1_351' title='bbox 1867 1532 1948 1560; x_wconf 78' lang='lat' dir='ltr'><strong>Nam</strong></span> <span class='ocrx_word' id='word_1_352' title='bbox 1967 1531 2042 1560; x_wconf 82' lang='lat' dir='ltr'><strong>haut</strong></span> 
     </span>
     <span class='ocr_line' id='line_1_29' title="bbox 160 1577 2040 1615; baseline 0.001 -8"><span class='ocrx_word' id='word_1_353' title='bbox 160 1589 231 1608; x_wconf 83' lang='lat' dir='ltr'><strong>raro</strong></span> <span class='ocrx_word' id='word_1_354' title='bbox 252 1578 297 1606; x_wconf 86' lang='lat' dir='ltr'><strong>ibi</strong></span> <span class='ocrx_word' id='word_1_355' title='bbox 317 1579 409 1607; x_wconf 87' lang='lat' dir='ltr'><strong>etiam</strong></span> <span class='ocrx_word' id='word_1_356' title='bbox 428 1579 463 1606; x_wconf 91' lang='lat' dir='ltr'><strong>in</strong></span> <span class='ocrx_word' id='word_1_357' title='bbox 482 1578 650 1606; x_wconf 75' lang='lat' dir='ltr'><strong>uerborum</strong></span> <span class='ocrx_word' id='word_1_358' title='bbox 670 1578 886 1606; x_wconf 83' lang='lat' dir='ltr'><strong>conlocatione</strong></span> <span class='ocrx_word' id='word_1_359' title='bbox 905 1577 1042 1606; x_wconf 84' lang='lat' dir='ltr'><strong>familiae</strong></span> <span class='ocrx_word' id='word_1_360' title='bbox 1069 1578 1222 1607; x_wconf 82' lang='lat' dir='ltr'><strong>secundae</strong></span> <span class='ocrx_word' id='word_1_361' title='bbox 1251 1584 1282 1607; x_wconf 87' lang='lat' dir='ltr'><strong>et</strong></span> <span class='ocrx_word' id='word_1_362' title='bbox 1306 1579 1419 1607; x_wconf 84' lang='lat' dir='ltr'><strong>tertiae</strong></span> <span class='ocrx_word' id='word_1_363' title='bbox 1445 1581 1566 1609; x_wconf 86' lang='lat' dir='ltr'><strong>codices</strong></span> <span class='ocrx_word' id='word_1_364' title='bbox 1592 1591 1608 1609; x_wconf 93' lang='lat' dir='ltr'><strong>a</strong></span> <span class='ocrx_word' id='word_1_365' title='bbox 1634 1589 1666 1608; x_wconf 87' lang='lat' dir='ltr'><strong>se</strong></span> <span class='ocrx_word' id='word_1_366' title='bbox 1686 1580 1822 1608; x_wconf 85' lang='lat' dir='ltr'><strong>inuicem</strong></span> <span class='ocrx_word' id='word_1_367' title='bbox 1842 1579 2040 1615; x_wconf 84' lang='lat' dir='ltr'><strong>dissentiunt,</strong></span> 
     </span>
     <span class='ocr_line' id='line_1_30' title="bbox 160 1625 1811 1665; baseline 0 -10"><span class='ocrx_word' id='word_1_368' title='bbox 160 1627 216 1656; x_wconf 89' lang='lat' dir='ltr'><strong>ubi</strong></span> <span class='ocrx_word' id='word_1_369' title='bbox 235 1637 293 1665; x_wconf 86' lang='lat' dir='ltr'><strong>pro</strong></span> <span class='ocrx_word' id='word_1_370' title='bbox 314 1631 398 1655; x_wconf 87' lang='lat' dir='ltr'><strong>certo</strong></span> <span class='ocrx_word' id='word_1_371' title='bbox 420 1625 574 1655; x_wconf 86' lang='lat' dir='ltr'><strong>adfirmari</strong></span> <span class='ocrx_word' id='word_1_372' title='bbox 593 1629 714 1663; x_wconf 86' lang='lat' dir='ltr'><strong>potest,</strong></span> <span class='ocrx_word' id='word_1_373' title='bbox 734 1626 837 1654; x_wconf 88' lang='lat' dir='ltr'><strong>omnia</strong></span> <span class='ocrx_word' id='word_1_374' title='bbox 855 1625 952 1654; x_wconf 79' lang='lat' dir='ltr'><strong>uerba</strong></span> <span class='ocrx_word' id='word_1_375' title='bbox 972 1634 1011 1652; x_wconf 80' lang='lat' dir='ltr'><strong>ex</strong></span> <span class='ocrx_word' id='word_1_376' title='bbox 1031 1635 1085 1652; x_wconf 85' lang='lat' dir='ltr'><strong>ore</strong></span> <span class='ocrx_word' id='word_1_377' title='bbox 1106 1625 1268 1655; x_wconf 89' lang='lat' dir='ltr'><strong>Ciceronis</strong></span> <span class='ocrx_word' id='word_1_378' title='bbox 1287 1627 1420 1656; x_wconf 87' lang='lat' dir='ltr'><strong>uenisse.</strong></span> <span class='ocrx_word' id='word_1_379' title='bbox 1459 1627 1495 1656; x_wconf 78' lang='lat' dir='ltr'><strong>Id</strong></span> <span class='ocrx_word' id='word_1_380' title='bbox 1514 1628 1628 1656; x_wconf 85' lang='lat' dir='ltr'><strong>factum</strong></span> <span class='ocrx_word' id='word_1_381' title='bbox 1648 1626 1697 1655; x_wconf 83' lang='lat' dir='ltr'><strong>his</strong></span> <span class='ocrx_word' id='word_1_382' title='bbox 1717 1626 1811 1655; x_wconf 87' lang='lat' dir='ltr'><strong>locis:</strong></span> 
     </span>
    </p>

    <p class='ocr_par' dir='ltr' id='par_1_9' title="bbox 155 1671 2041 2234">
     <span class='ocr_line' id='line_1_31' title="bbox 236 1671 2039 1714; baseline 0 -12"><span class='ocrx_word' id='word_1_383' title='bbox 236 1674 270 1703; x_wconf 85' lang='lat' dir='ltr'><strong>C.</strong></span> <span class='ocrx_word' id='word_1_384' title='bbox 291 1674 348 1702; x_wconf 90' lang='lat' dir='ltr'><strong>IV.</strong></span> <span class='ocrx_word' id='word_1_385' title='bbox 367 1671 395 1713; x_wconf 83' lang='lat'><strong>§.</strong></span> <span class='ocrx_word' id='word_1_386' title='bbox 418 1683 462 1703; x_wconf 86' lang='lat'><strong>10.</strong></span> <span class='ocrx_word' id='word_1_387' title='bbox 501 1679 601 1701; x_wconf 80' lang='lat' dir='ltr'><strong>tecum</strong></span> <span class='ocrx_word' id='word_1_388' title='bbox 620 1674 668 1700; x_wconf 80' lang='lat' dir='ltr'><strong>ita</strong></span> <span class='ocrx_word' id='word_1_389' title='bbox 687 1673 891 1707; x_wconf 48' lang='lat' dir='ltr'><strong>contendemus</strong></span> <span class='ocrx_word' id='word_1_390' title='bbox 911 1672 956 1701; x_wconf 87' lang='lat' dir='ltr'><strong>sic</strong></span> <span class='ocrx_word' id='word_1_391' title='bbox 976 1672 1001 1699; x_wconf 90' lang='lat' dir='ltr'>B</span> <span class='ocrx_word' id='word_1_392' title='bbox 1023 1676 1054 1700; x_wconf 87' lang='lat' dir='ltr'><strong>et</strong></span> <span class='ocrx_word' id='word_1_393' title='bbox 1072 1672 1118 1710; x_wconf 86' lang='lat' dir='ltr'><strong>E;</strong></span> <span class='ocrx_word' id='word_1_394' title='bbox 1136 1673 1206 1702; x_wconf 88' lang='lat' dir='ltr'><strong>rell.</strong></span> <span class='ocrx_word' id='word_1_395' title='bbox 1227 1676 1274 1702; x_wconf 82' lang='lat' dir='ltr'><strong>ita</strong></span> <span class='ocrx_word' id='word_1_396' title='bbox 1294 1680 1395 1703; x_wconf 84' lang='lat' dir='ltr'><strong>tecum</strong></span> <span class='ocrx_word' id='word_1_397' title='bbox 1415 1676 1604 1704; x_wconf 67' lang='lat' dir='ltr'><strong>contendam.</strong></span> <span class='ocrx_word' id='word_1_398' title='bbox 1626 1687 1664 1695; x_wconf 75' lang='lat'><strong>—-</strong></span> <span class='ocrx_word' id='word_1_399' title='bbox 1685 1675 1719 1704; x_wconf 93' lang='lat' dir='ltr'><strong>C.</strong></span> <span class='ocrx_word' id='word_1_400' title='bbox 1740 1675 1781 1704; x_wconf 90' lang='lat' dir='ltr'><strong>V.</strong></span> <span class='ocrx_word' id='word_1_401' title='bbox 1801 1673 1829 1714; x_wconf 88' lang='grc'><strong>5.</strong></span> <span class='ocrx_word' id='word_1_402' title='bbox 1852 1683 1894 1703; x_wconf 83' lang='lat'><strong>12.</strong></span> <span class='ocrx_word' id='word_1_403' title='bbox 1924 1674 2039 1711; x_wconf 82' lang='lat' dir='ltr'><strong>benesi-</strong></span> 
     </span>
     <span class='ocr_line' id='line_1_32' title="bbox 160 1719 2041 1761; baseline -0.001 -10"><span class='ocrx_word' id='word_1_404' title='bbox 160 1725 243 1752; x_wconf 80' lang='lat' dir='ltr'><strong>cium</strong></span> <span class='ocrx_word' id='word_1_405' title='bbox 262 1723 307 1750; x_wconf 82' lang='lat' dir='ltr'><strong>ad</strong></span> <span class='ocrx_word' id='word_1_406' title='bbox 331 1732 399 1751; x_wconf 87' lang='lat' dir='ltr'><strong>eum</strong></span> <span class='ocrx_word' id='word_1_407' title='bbox 420 1722 547 1759; x_wconf 69' lang='lat' dir='ltr'><strong>potia-95</strong></span> <span class='ocrx_word' id='word_1_408' title='bbox 578 1719 624 1748; x_wconf 87' lang='lat' dir='ltr'><strong>sic</strong></span> <span class='ocrx_word' id='word_1_409' title='bbox 643 1720 669 1747; x_wconf 92' lang='lat' dir='ltr'>B</span> <span class='ocrx_word' id='word_1_410' title='bbox 690 1725 721 1749; x_wconf 88' lang='lat' dir='ltr'><strong>et</strong></span> <span class='ocrx_word' id='word_1_411' title='bbox 740 1720 785 1757; x_wconf 80' lang='lat' dir='ltr'><strong>E3</strong></span> <span class='ocrx_word' id='word_1_412' title='bbox 810 1719 880 1748; x_wconf 88' lang='lat' dir='ltr'><strong>rell.</strong></span> <span class='ocrx_word' id='word_1_413' title='bbox 900 1719 1083 1755; x_wconf 83' lang='lat' dir='ltr'><strong>beneficium</strong></span> <span class='ocrx_word' id='word_1_414' title='bbox 1103 1722 1212 1758; x_wconf 80' lang='lat' dir='ltr'><strong>potius</strong></span> <span class='ocrx_word' id='word_1_415' title='bbox 1231 1722 1278 1750; x_wconf 75' lang='lat' dir='ltr'><strong>acl</strong></span> <span class='ocrx_word' id='word_1_416' title='bbox 1294 1733 1370 1750; x_wconf 85' lang='lat' dir='ltr'><strong>eum.</strong></span> <span class='ocrx_word' id='word_1_417' title='bbox 1389 1737 1427 1744; x_wconf 90' lang='lat'><strong>—</strong></span> <span class='ocrx_word' id='word_1_418' title='bbox 1454 1722 1488 1751; x_wconf 91' lang='lat' dir='ltr'><strong>C.</strong></span> <span class='ocrx_word' id='word_1_419' title='bbox 1510 1721 1567 1750; x_wconf 90' lang='lat' dir='ltr'><strong>IX.</strong></span> <span class='ocrx_word' id='word_1_420' title='bbox 1593 1719 1622 1761; x_wconf 88' lang='grc'><strong>5.</strong></span> <span class='ocrx_word' id='word_1_421' title='bbox 1641 1722 1687 1750; x_wconf 83' lang='lat'><strong>23.</strong></span> <span class='ocrx_word' id='word_1_422' title='bbox 1714 1721 1788 1750; x_wconf 83' lang='lat' dir='ltr'><strong>lzuic</strong></span> <span class='ocrx_word' id='word_1_423' title='bbox 1808 1722 1907 1750; x_wconf 74' lang='lat' dir='ltr'><strong>obesse</strong></span> <span class='ocrx_word' id='word_1_424' title='bbox 1926 1723 2041 1754; x_wconf 84' lang='lat' dir='ltr'><strong>etiam;</strong></span> 
     </span>
     <span class='ocr_line' id='line_1_33' title="bbox 158 1765 2040 1808; baseline -0.001 -10"><span class='ocrx_word' id='word_1_425' title='bbox 158 1770 203 1799; x_wconf 88' lang='lat' dir='ltr'><strong>sic</strong></span> <span class='ocrx_word' id='word_1_426' title='bbox 222 1769 248 1798; x_wconf 92' lang='lat' dir='ltr'>B</span> <span class='ocrx_word' id='word_1_427' title='bbox 269 1773 300 1797; x_wconf 87' lang='lat' dir='ltr'><strong>et</strong></span> <span class='ocrx_word' id='word_1_428' title='bbox 318 1769 346 1797; x_wconf 93' lang='lat' dir='ltr'><strong>E</strong></span> <span class='ocrx_word' id='word_1_429' title='bbox 367 1779 436 1798; x_wconf 89' lang='lat' dir='ltr'><strong>cum</strong></span> <span class='ocrx_word' id='word_1_430' title='bbox 455 1768 502 1803; x_wconf 80' lang='lat' dir='ltr'><strong>A3</strong></span> <span class='ocrx_word' id='word_1_431' title='bbox 529 1766 596 1796; x_wconf 90' lang='lat' dir='ltr'><strong>rell.</strong></span> <span class='ocrx_word' id='word_1_432' title='bbox 617 1768 711 1795; x_wconf 82' lang='lat' dir='ltr'><strong>etiam</strong></span> <span class='ocrx_word' id='word_1_433' title='bbox 729 1767 804 1795; x_wconf 81' lang='lat' dir='ltr'><strong>lzuic</strong></span> <span class='ocrx_word' id='word_1_434' title='bbox 824 1767 930 1796; x_wconf 77' lang='lat' dir='ltr'><strong>obesse.</strong></span> <span class='ocrx_word' id='word_1_435' title='bbox 949 1781 987 1789; x_wconf 82' lang='lat'><strong>—··</strong></span> <span class='ocrx_word' id='word_1_436' title='bbox 1014 1766 1049 1795; x_wconf 90' lang='lat' dir='ltr'><strong>C.</strong></span> <span class='ocrx_word' id='word_1_437' title='bbox 1069 1767 1145 1795; x_wconf 91' lang='lat' dir='ltr'><strong>XII.</strong></span> <span class='ocrx_word' id='word_1_438' title='bbox 1165 1765 1193 1807; x_wconf 90' lang='grc'><strong>5.</strong></span> <span class='ocrx_word' id='word_1_439' title='bbox 1213 1769 1259 1797; x_wconf 82' lang='lat'><strong>30.</strong></span> <span class='ocrx_word' id='word_1_440' title='bbox 1276 1771 1403 1808; x_wconf 79' lang='lat' dir='ltr'><strong>generis</strong></span> <span class='ocrx_word' id='word_1_441' title='bbox 1422 1770 1489 1798; x_wconf 82' lang='lat' dir='ltr'><strong>dico</strong></span> <span class='ocrx_word' id='word_1_442' title='bbox 1516 1774 1545 1796; x_wconf 89' lang='lat' dir='ltr'><strong>et</strong></span> <span class='ocrx_word' id='word_1_443' title='bbox 1570 1771 1722 1805; x_wconf 80' lang='lat' dir='ltr'><strong>nominis;</strong></span> <span class='ocrx_word' id='word_1_444' title='bbox 1748 1769 1792 1797; x_wconf 85' lang='lat' dir='ltr'><strong>sic</strong></span> <span class='ocrx_word' id='word_1_445' title='bbox 1812 1769 1837 1797; x_wconf 93' lang='lat' dir='ltr'>B</span> <span class='ocrx_word' id='word_1_446' title='bbox 1857 1773 1888 1796; x_wconf 86' lang='lat' dir='ltr'><strong>ct</strong></span> <span class='ocrx_word' id='word_1_447' title='bbox 1907 1769 1951 1805; x_wconf 88' lang='lat' dir='ltr'><strong>E;</strong></span> <span class='ocrx_word' id='word_1_448' title='bbox 1971 1769 2040 1797; x_wconf 87' lang='lat' dir='ltr'><strong>rell.</strong></span> 
     </span>
     <span class='ocr_line' id='line_1_34' title="bbox 156 1812 2039 1855; baseline 0 -10"><span class='ocrx_word' id='word_1_449' title='bbox 156 1819 280 1855; x_wconf 75' lang='lat' dir='ltr'><strong>generis</strong></span> <span class='ocrx_word' id='word_1_450' title='bbox 307 1823 337 1845; x_wconf 84' lang='lat' dir='ltr'><strong>et</strong></span> <span class='ocrx_word' id='word_1_451' title='bbox 363 1817 496 1844; x_wconf 81' lang='lat' dir='ltr'><strong>nominis</strong></span> <span class='ocrx_word' id='word_1_452' title='bbox 522 1815 598 1842; x_wconf 68' lang='lat' dir='ltr'><strong>dica</strong></span> <span class='ocrx_word' id='word_1_453' title='bbox 618 1829 655 1835; x_wconf 96' lang='lat'><strong>—</strong></span> <span class='ocrx_word' id='word_1_454' title='bbox 682 1814 716 1843; x_wconf 93' lang='lat' dir='ltr'><strong>C.</strong></span> <span class='ocrx_word' id='word_1_455' title='bbox 737 1814 846 1843; x_wconf 93' lang='lat' dir='ltr'><strong>XVII.</strong></span> <span class='ocrx_word' id='word_1_456' title='bbox 865 1812 893 1854; x_wconf 89' lang='grc'><strong>5.</strong></span> <span class='ocrx_word' id='word_1_457' title='bbox 913 1815 959 1843; x_wconf 84' lang='lat'><strong>43.</strong></span> <span class='ocrx_word' id='word_1_458' title='bbox 980 1820 1111 1852; x_wconf 81' lang='lat' dir='ltr'><strong>propter</strong></span> <span class='ocrx_word' id='word_1_459' title='bbox 1130 1817 1389 1845; x_wconf 74' lang='lat' dir='ltr'><strong>necessitudinem</strong></span> <span class='ocrx_word' id='word_1_460' title='bbox 1414 1827 1451 1845; x_wconf 84' lang='lat' dir='ltr'><strong>ac</strong></span> <span class='ocrx_word' id='word_1_461' title='bbox 1477 1817 1694 1851; x_wconf 77' lang='lat' dir='ltr'><strong>uicinitatenz;</strong></span> <span class='ocrx_word' id='word_1_462' title='bbox 1718 1816 1762 1845; x_wconf 92' lang='lat' dir='ltr'><strong>sic</strong></span> <span class='ocrx_word' id='word_1_463' title='bbox 1789 1817 1815 1845; x_wconf 84' lang='lat' dir='ltr'>B</span> <span class='ocrx_word' id='word_1_464' title='bbox 1836 1820 1868 1844; x_wconf 86' lang='lat' dir='ltr'><strong>et</strong></span> <span class='ocrx_word' id='word_1_465' title='bbox 1892 1816 1937 1852; x_wconf 78' lang='lat' dir='ltr'><strong>E3</strong></span> <span class='ocrx_word' id='word_1_466' title='bbox 1969 1816 2039 1845; x_wconf 85' lang='lat' dir='ltr'><strong>rell.</strong></span> 
     </span>
     <span class='ocr_line' id='line_1_35' title="bbox 155 1861 2037 1902; baseline -0.001 -9"><span class='ocrx_word' id='word_1_467' title='bbox 155 1870 283 1902; x_wconf 80' lang='lat' dir='ltr'><strong>propter</strong></span> <span class='ocrx_word' id='word_1_468' title='bbox 302 1866 500 1892; x_wconf 81' lang='lat' dir='ltr'><strong>uicinitatem</strong></span> <span class='ocrx_word' id='word_1_469' title='bbox 527 1872 565 1889; x_wconf 81' lang='lat' dir='ltr'><strong>ac</strong></span> <span class='ocrx_word' id='word_1_470' title='bbox 584 1862 850 1891; x_wconf 76' lang='lat' dir='ltr'><strong>necessitudinem.</strong></span> <span class='ocrx_word' id='word_1_471' title='bbox 869 1877 908 1882; x_wconf 97' lang='lat'><strong>—</strong></span> <span class='ocrx_word' id='word_1_472' title='bbox 930 1862 965 1890; x_wconf 92' lang='lat' dir='ltr'><strong>C.</strong></span> <span class='ocrx_word' id='word_1_473' title='bbox 985 1861 1113 1890; x_wconf 92' lang='lat' dir='ltr'><strong>XXIII.</strong></span> <span class='ocrx_word' id='word_1_474' title='bbox 1140 1861 1168 1902; x_wconf 84' lang='lat'><strong>§.</strong></span> <span class='ocrx_word' id='word_1_475' title='bbox 1185 1864 1230 1892; x_wconf 88' lang='grc'><strong>55.</strong></span> <span class='ocrx_word' id='word_1_476' title='bbox 1258 1869 1303 1892; x_wconf 77' lang='lat' dir='ltr'><strong>set</strong></span> <span class='ocrx_word' id='word_1_477' title='bbox 1323 1874 1419 1902; x_wconf 80' lang='lat' dir='ltr'><strong>neque</strong></span> <span class='ocrx_word' id='word_1_478' title='bbox 1448 1869 1483 1891; x_wconf 79' lang='lat' dir='ltr'><strong>tu</strong></span> <span class='ocrx_word' id='word_1_479' title='bbox 1509 1863 1586 1891; x_wconf 75' lang='lat' dir='ltr'><strong>haec</strong></span> <span class='ocrx_word' id='word_1_480' title='bbox 1605 1864 1718 1898; x_wconf 75' lang='lat' dir='ltr'><strong>habes;</strong></span> <span class='ocrx_word' id='word_1_481' title='bbox 1745 1864 1789 1892; x_wconf 85' lang='lat' dir='ltr'><strong>sic</strong></span> <span class='ocrx_word' id='word_1_482' title='bbox 1809 1864 1834 1892; x_wconf 87' lang='lat' dir='ltr'>B</span> <span class='ocrx_word' id='word_1_483' title='bbox 1847 1868 1878 1892; x_wconf 86' lang='lat' dir='ltr'><strong>et</strong></span> <span class='ocrx_word' id='word_1_484' title='bbox 1898 1863 1942 1901; x_wconf 82' lang='lat' dir='ltr'><strong>E3</strong></span> <span class='ocrx_word' id='word_1_485' title='bbox 1969 1864 2037 1893; x_wconf 87' lang='lat' dir='ltr'><strong>rell.</strong></span> 
     </span>
     <span class='ocr_line' id='line_1_36' title="bbox 159 1908 2038 1950; baseline 0.001 -11"><span class='ocrx_word' id='word_1_486' title='bbox 159 1917 205 1939; x_wconf 82' lang='lat' dir='ltr'><strong>set</strong></span> <span class='ocrx_word' id='word_1_487' title='bbox 224 1921 320 1948; x_wconf 83' lang='lat' dir='ltr'><strong>neque</strong></span> <span class='ocrx_word' id='word_1_488' title='bbox 339 1917 374 1938; x_wconf 82' lang='lat' dir='ltr'><strong>tu</strong></span> <span class='ocrx_word' id='word_1_489' title='bbox 392 1910 485 1938; x_wconf 68' lang='lat' dir='ltr'><strong>hahes</strong></span> <span class='ocrx_word' id='word_1_490' title='bbox 505 1909 591 1938; x_wconf 76' lang='lat' dir='ltr'><strong>liaec.</strong></span> <span class='ocrx_word' id='word_1_491' title='bbox 611 1926 650 1931; x_wconf 89' lang='lat'>—</span> <span class='ocrx_word' id='word_1_492' title='bbox 670 1909 704 1938; x_wconf 94' lang='lat' dir='ltr'><strong>C.</strong></span> <span class='ocrx_word' id='word_1_493' title='bbox 725 1909 854 1938; x_wconf 91' lang='lat' dir='ltr'><strong>XXIV.</strong></span> <span class='ocrx_word' id='word_1_494' title='bbox 874 1908 902 1949; x_wconf 84' lang='lat'><strong>§.</strong></span> <span class='ocrx_word' id='word_1_495' title='bbox 915 1909 960 1937; x_wconf 80' lang='lat'><strong>64.</strong></span> <span class='ocrx_word' id='word_1_496' title='bbox 980 1914 1038 1937; x_wconf 77' lang='lat' dir='ltr'><strong>aut</strong></span> <span class='ocrx_word' id='word_1_497' title='bbox 1058 1911 1223 1939; x_wconf 83' lang='lat' dir='ltr'><strong>clariorem</strong></span> <span class='ocrx_word' id='word_1_498' title='bbox 1242 1917 1299 1939; x_wconf 82' lang='lat' dir='ltr'><strong>aut</strong></span> <span class='ocrx_word' id='word_1_499' title='bbox 1316 1913 1506 1950; x_wconf 80' lang='lat' dir='ltr'><strong>gratiorem,·</strong></span> <span class='ocrx_word' id='word_1_500' title='bbox 1526 1911 1569 1939; x_wconf 89' lang='lat' dir='ltr'><strong>sic</strong></span> <span class='ocrx_word' id='word_1_501' title='bbox 1588 1911 1614 1939; x_wconf 92' lang='lat' dir='ltr'>B</span> <span class='ocrx_word' id='word_1_502' title='bbox 1635 1916 1667 1940; x_wconf 84' lang='lat' dir='ltr'><strong>et</strong></span> <span class='ocrx_word' id='word_1_503' title='bbox 1684 1912 1730 1948; x_wconf 88' lang='lat' dir='ltr'><strong>E;</strong></span> <span class='ocrx_word' id='word_1_504' title='bbox 1750 1911 1819 1939; x_wconf 89' lang='lat' dir='ltr'><strong>rell.</strong></span> <span class='ocrx_word' id='word_1_505' title='bbox 1839 1917 1896 1939; x_wconf 79' lang='lat' dir='ltr'><strong>aut</strong></span> <span class='ocrx_word' id='word_1_506' title='bbox 1912 1913 2038 1949; x_wconf 76' lang='lat' dir='ltr'><strong>gratio-</strong></span> 
     </span>
     <span class='ocr_line' id='line_1_37' title="bbox 159 1954 2037 1997; baseline 0.001 -11"><span class='ocrx_word' id='word_1_507' title='bbox 159 1968 224 1986; x_wconf 87' lang='lat' dir='ltr'><strong>rem</strong></span> <span class='ocrx_word' id='word_1_508' title='bbox 243 1964 299 1986; x_wconf 85' lang='lat' dir='ltr'><strong>aut</strong></span> <span class='ocrx_word' id='word_1_509' title='bbox 318 1959 487 1987; x_wconf 83' lang='lat' dir='ltr'><strong>clariorem.</strong></span> <span class='ocrx_word' id='word_1_510' title='bbox 505 1971 545 1978; x_wconf 90' lang='lat'><strong>—-</strong></span> <span class='ocrx_word' id='word_1_511' title='bbox 565 1956 598 1985; x_wconf 94' lang='lat' dir='ltr'><strong>C.</strong></span> <span class='ocrx_word' id='word_1_512' title='bbox 618 1955 746 1984; x_wconf 90' lang='lat' dir='ltr'><strong>XXVI.</strong></span> <span class='ocrx_word' id='word_1_513' title='bbox 765 1954 793 1995; x_wconf 88' lang='grc'><strong>5.</strong></span> <span class='ocrx_word' id='word_1_514' title='bbox 814 1956 860 1985; x_wconf 86' lang='grc'><strong>65.</strong></span> <span class='ocrx_word' id='word_1_515' title='bbox 887 1958 922 1984; x_wconf 82' lang='lat' dir='ltr'><strong>in</strong></span> <span class='ocrx_word' id='word_1_516' title='bbox 941 1957 982 1984; x_wconf 76' lang='lat' dir='ltr'><strong>iis</strong></span> <span class='ocrx_word' id='word_1_517' title='bbox 1001 1957 1074 1985; x_wconf 83' lang='lat' dir='ltr'><strong>locis</strong></span> <span class='ocrx_word' id='word_1_518' title='bbox 1093 1958 1192 1986; x_wconf 84' lang='lat' dir='ltr'><strong>solent</strong></span> <span class='ocrx_word' id='word_1_519' title='bbox 1217 1968 1300 1992; x_wconf 82' lang='lat' dir='ltr'><strong>esse;</strong></span> <span class='ocrx_word' id='word_1_520' title='bbox 1326 1959 1369 1986; x_wconf 86' lang='lat' dir='ltr'><strong>sic</strong></span> <span class='ocrx_word' id='word_1_521' title='bbox 1389 1958 1414 1986; x_wconf 90' lang='lat' dir='ltr'>B</span> <span class='ocrx_word' id='word_1_522' title='bbox 1435 1963 1466 1986; x_wconf 87' lang='lat' dir='ltr'><strong>et</strong></span> <span class='ocrx_word' id='word_1_523' title='bbox 1485 1958 1529 1995; x_wconf 72' lang='lat' dir='ltr'><strong>E,</strong></span> <span class='ocrx_word' id='word_1_524' title='bbox 1555 1958 1624 1986; x_wconf 91' lang='lat' dir='ltr'><strong>rell.</strong></span> <span class='ocrx_word' id='word_1_525' title='bbox 1644 1958 1749 1997; x_wconf 85' lang='lat' dir='ltr'><strong>paucis</strong></span> <span class='ocrx_word' id='word_1_526' title='bbox 1776 1958 1889 1987; x_wconf 82' lang='lat' dir='ltr'><strong>leuiter</strong></span> <span class='ocrx_word' id='word_1_527' title='bbox 1917 1959 2037 1988; x_wconf 87' lang='lat' dir='ltr'><strong>dissen-</strong></span> 
     </span>
     <span class='ocr_line' id='line_1_38' title="bbox 157 2001 2034 2045; baseline 0.001 -12"><span class='ocrx_word' id='word_1_528' title='bbox 157 2003 307 2033; x_wconf 80' lang='lat' dir='ltr'><strong>tientibus</strong></span> <span class='ocrx_word' id='word_1_529' title='bbox 334 2006 429 2033; x_wconf 78' lang='lat' dir='ltr'><strong>solent</strong></span> <span class='ocrx_word' id='word_1_530' title='bbox 456 2014 517 2032; x_wconf 84' lang='lat' dir='ltr'><strong>esse</strong></span> <span class='ocrx_word' id='word_1_531' title='bbox 536 2005 571 2032; x_wconf 84' lang='lat' dir='ltr'><strong>in</strong></span> <span class='ocrx_word' id='word_1_532' title='bbox 590 2006 630 2032; x_wconf 74' lang='lat' dir='ltr'><strong>iis</strong></span> <span class='ocrx_word' id='word_1_533' title='bbox 649 2005 732 2033; x_wconf 74' lang='lat' dir='ltr'><strong>locis.</strong></span> <span class='ocrx_word' id='word_1_534' title='bbox 751 2020 789 2026; x_wconf 95' lang='lat'><strong>——</strong></span> <span class='ocrx_word' id='word_1_535' title='bbox 809 2003 844 2033; x_wconf 91' lang='lat' dir='ltr'><strong>C.</strong></span> <span class='ocrx_word' id='word_1_536' title='bbox 864 2003 995 2032; x_wconf 88' lang='lat' dir='ltr'><strong>XXXI.</strong></span> <span class='ocrx_word' id='word_1_537' title='bbox 1014 2001 1041 2042; x_wconf 88' lang='grc'><strong>5.</strong></span> <span class='ocrx_word' id='word_1_538' title='bbox 1058 2004 1102 2039; x_wconf 90' lang='grc'><strong>76.</strong></span> <span class='ocrx_word' id='word_1_539' title='bbox 1131 2015 1192 2033; x_wconf 84' lang='lat' dir='ltr'><strong>non</strong></span> <span class='ocrx_word' id='word_1_540' title='bbox 1211 2006 1423 2045; x_wconf 77' lang='lat' dir='ltr'><strong>significarem</strong></span> <span class='ocrx_word' id='word_1_541' title='bbox 1443 2006 1577 2034; x_wconf 81' lang='lat' dir='ltr'><strong>dolorem</strong></span> <span class='ocrx_word' id='word_1_542' title='bbox 1596 2015 1716 2039; x_wconf 81' lang='lat' dir='ltr'><strong>meum;</strong></span> <span class='ocrx_word' id='word_1_543' title='bbox 1735 2005 1779 2034; x_wconf 87' lang='lat' dir='ltr'><strong>sic</strong></span> <span class='ocrx_word' id='word_1_544' title='bbox 1799 2006 1824 2033; x_wconf 87' lang='lat' dir='ltr'>B</span> <span class='ocrx_word' id='word_1_545' title='bbox 1845 2011 1876 2034; x_wconf 87' lang='lat' dir='ltr'><strong>et</strong></span> <span class='ocrx_word' id='word_1_546' title='bbox 1895 2006 1941 2043; x_wconf 82' lang='lat' dir='ltr'><strong>E3</strong></span> <span class='ocrx_word' id='word_1_547' title='bbox 1967 2007 2034 2035; x_wconf 85' lang='lat' dir='ltr'><strong>rell.</strong></span> 
     </span>
     <span class='ocr_line' id='line_1_39' title="bbox 157 2050 2035 2092; baseline 0.001 -13"><span class='ocrx_word' id='word_1_548' title='bbox 157 2061 220 2079; x_wconf 80' lang='lat' dir='ltr'><strong>non</strong></span> <span class='ocrx_word' id='word_1_549' title='bbox 239 2052 374 2080; x_wconf 78' lang='lat' dir='ltr'><strong>dolorem</strong></span> <span class='ocrx_word' id='word_1_550' title='bbox 392 2063 493 2080; x_wconf 84' lang='lat' dir='ltr'><strong>meum</strong></span> <span class='ocrx_word' id='word_1_551' title='bbox 510 2052 733 2090; x_wconf 77' lang='lat' dir='ltr'><strong>significarem.</strong></span> <span class='ocrx_word' id='word_1_552' title='bbox 751 2067 791 2073; x_wconf 93' lang='lat'><strong>—</strong></span> <span class='ocrx_word' id='word_1_553' title='bbox 817 2052 849 2081; x_wconf 92' lang='lat' dir='ltr'><strong>C.</strong></span> <span class='ocrx_word' id='word_1_554' title='bbox 874 2050 1021 2079; x_wconf 87' lang='lat' dir='ltr'><strong>XXXII.</strong></span> <span class='ocrx_word' id='word_1_555' title='bbox 1050 2050 1078 2091; x_wconf 92' lang='grc'><strong>5.</strong></span> <span class='ocrx_word' id='word_1_556' title='bbox 1099 2054 1144 2089; x_wconf 87' lang='lat'><strong>78.</strong></span> <span class='ocrx_word' id='word_1_557' title='bbox 1172 2053 1287 2082; x_wconf 79' lang='lat' dir='ltr'><strong>idcirco</strong></span> <span class='ocrx_word' id='word_1_558' title='bbox 1315 2054 1418 2081; x_wconf 79' lang='lat' dir='ltr'><strong>minu-s·</strong></span> <span class='ocrx_word' id='word_1_559' title='bbox 1445 2054 1582 2087; x_wconf 46' lang='lat' dir='ltr'><strong>iudicem</strong></span> <span class='ocrx_word' id='word_1_560' title='bbox 1607 2053 1651 2082; x_wconf 88' lang='lat' dir='ltr'><strong>sic</strong></span> <span class='ocrx_word' id='word_1_561' title='bbox 1671 2053 1696 2082; x_wconf 94' lang='lat' dir='ltr'>B</span> <span class='ocrx_word' id='word_1_562' title='bbox 1718 2058 1749 2081; x_wconf 86' lang='lat' dir='ltr'><strong>et</strong></span> <span class='ocrx_word' id='word_1_563' title='bbox 1768 2053 1812 2089; x_wconf 88' lang='lat' dir='ltr'><strong>E,</strong></span> <span class='ocrx_word' id='word_1_564' title='bbox 1838 2058 1909 2092; x_wconf 85' lang='lat' dir='ltr'><strong>post</strong></span> <span class='ocrx_word' id='word_1_565' title='bbox 1933 2056 2035 2082; x_wconf 73' lang='lat' dir='ltr'><strong>minus</strong></span> 
     </span>
     <span class='ocr_line' id='line_1_40' title="bbox 158 2099 2035 2139; baseline 0 -11"><span class='ocrx_word' id='word_1_566' title='bbox 158 2099 305 2128; x_wconf 75' lang='lat' dir='ltr'><strong>addentes</strong></span> <span class='ocrx_word' id='word_1_567' title='bbox 324 2099 474 2133; x_wconf 56' lang='lat' dir='ltr'><strong>libentem</strong></span> <span class='ocrx_word' id='word_1_568' title='bbox 500 2099 569 2128; x_wconf 88' lang='lat' dir='ltr'><strong>rell.</strong></span> <span class='ocrx_word' id='word_1_569' title='bbox 596 2100 716 2128; x_wconf 80' lang='lat' dir='ltr'><strong>iudices</strong></span> <span class='ocrx_word' id='word_1_570' title='bbox 734 2101 851 2135; x_wconf 63' lang='lat' dir='ltr'><strong>idcirco</strong></span> <span class='ocrx_word' id='word_1_571' title='bbox 871 2101 983 2128; x_wconf 74' lang='lat' dir='ltr'><strong>minas.</strong></span> <span class='ocrx_word' id='word_1_572' title='bbox 1002 2114 1042 2120; x_wconf 92' lang='lat'><strong>—-</strong></span> <span class='ocrx_word' id='word_1_573' title='bbox 1060 2099 1140 2129; x_wconf 82' lang='lat' dir='ltr'><strong>Ibid.</strong></span> <span class='ocrx_word' id='word_1_574' title='bbox 1161 2110 1221 2139; x_wconf 87' lang='lat' dir='ltr'><strong>quo</strong></span> <span class='ocrx_word' id='word_1_575' title='bbox 1240 2109 1287 2128; x_wconf 84' lang='lat' dir='ltr'><strong>me</strong></span> <span class='ocrx_word' id='word_1_576' title='bbox 1306 2100 1432 2128; x_wconf 75' lang='lat' dir='ltr'><strong>tandem</strong></span> <span class='ocrx_word' id='word_1_577' title='bbox 1452 2103 1486 2129; x_wconf 76' lang='lat' dir='ltr'><strong>in</strong></span> <span class='ocrx_word' id='word_1_578' title='bbox 1500 2107 1529 2128; x_wconf 82' lang='lat' dir='ltr'><strong>te</strong></span> <span class='ocrx_word' id='word_1_579' title='bbox 1551 2103 1656 2129; x_wconf 80' lang='lat' dir='ltr'><strong>animo</strong></span> <span class='ocrx_word' id='word_1_580' title='bbox 1675 2107 1774 2139; x_wconf 80' lang='lat' dir='ltr'><strong>putas</strong></span> <span class='ocrx_word' id='word_1_581' title='bbox 1793 2111 1874 2132; x_wconf 74' lang='lat' dir='ltr'><strong>es.se;</strong></span> <span class='ocrx_word' id='word_1_582' title='bbox 1893 2100 1960 2129; x_wconf 84' lang='lat' dir='ltr'><strong>rell.</strong></span> <span class='ocrx_word' id='word_1_583' title='bbox 1977 2112 2035 2139; x_wconf 81' lang='lat' dir='ltr'><strong>quo</strong></span> 
     </span>
     <span class='ocr_line' id='line_1_41' title="bbox 157 2145 2035 2187; baseline 0.001 -13"><span class='ocrx_word' id='word_1_584' title='bbox 157 2157 204 2175; x_wconf 88' lang='lat' dir='ltr'><strong>me</strong></span> <span class='ocrx_word' id='word_1_585' title='bbox 225 2147 352 2176; x_wconf 82' lang='lat' dir='ltr'><strong>tandem</strong></span> <span class='ocrx_word' id='word_1_586' title='bbox 370 2148 473 2174; x_wconf 71' lang='lat' dir='ltr'><strong>animo</strong></span> <span class='ocrx_word' id='word_1_587' title='bbox 490 2148 524 2175; x_wconf 83' lang='grc' dir='ltr'><strong>ιἠ.</strong></span> <span class='ocrx_word' id='word_1_588' title='bbox 540 2153 570 2174; x_wconf 83' lang='lat' dir='ltr'><strong>te</strong></span> <span class='ocrx_word' id='word_1_589' title='bbox 583 2153 682 2185; x_wconf 82' lang='lat' dir='ltr'><strong>putas</strong></span> <span class='ocrx_word' id='word_1_590' title='bbox 700 2158 818 2178; x_wconf 78' lang='lat' dir='ltr'><strong>esse.—</strong></span> <span class='ocrx_word' id='word_1_591' title='bbox 835 2148 869 2177; x_wconf 94' lang='lat' dir='ltr'><strong>C.</strong></span> <span class='ocrx_word' id='word_1_592' title='bbox 887 2147 1067 2176; x_wconf 88' lang='lat' dir='ltr'><strong>XXXVII.</strong></span> <span class='ocrx_word' id='word_1_593' title='bbox 1087 2145 1115 2187; x_wconf 88' lang='grc'><strong>5.</strong></span> <span class='ocrx_word' id='word_1_594' title='bbox 1135 2157 1180 2186; x_wconf 84' lang='grc' dir='ltr'><strong>9ο.</strong></span> <span class='ocrx_word' id='word_1_595' title='bbox 1208 2149 1237 2176; x_wconf 71' lang='grc' dir='ltr'><strong>εἰ</strong></span> <span class='ocrx_word' id='word_1_596' title='bbox 1262 2158 1409 2185; x_wconf 83' lang='lat' dir='ltr'><strong>umquam</strong></span> <span class='ocrx_word' id='word_1_597' title='bbox 1429 2150 1516 2178; x_wconf 85' lang='lat' dir='ltr'><strong>uitae</strong></span> <span class='ocrx_word' id='word_1_598' title='bbox 1536 2148 1694 2186; x_wconf 78' lang='lat' dir='ltr'><strong>cupiditas</strong></span> <span class='ocrx_word' id='word_1_599' title='bbox 1714 2150 1748 2176; x_wconf 82' lang='lat' dir='ltr'><strong>in</strong></span> <span class='ocrx_word' id='word_1_600' title='bbox 1767 2158 1813 2176; x_wconf 83' lang='lat' dir='ltr'><strong>me</strong></span> <span class='ocrx_word' id='word_1_601' title='bbox 1825 2147 1944 2185; x_wconf 68' lang='lat' dir='ltr'><strong>fuisset</strong></span> <span class='ocrx_word' id='word_1_602' title='bbox 1953 2158 1965 2182; x_wconf 91' lang='lat'><em>;</em></span> <span class='ocrx_word' id='word_1_603' title='bbox 1991 2148 2035 2176; x_wconf 87' lang='lat' dir='ltr'><strong>sie</strong></span> 
     </span>
     <span class='ocr_line' id='line_1_42' title="bbox 155 2194 1202 2234; baseline -0.001 -10"><span class='ocrx_word' id='word_1_604' title='bbox 155 2195 184 2224; x_wconf 90' lang='lat' dir='ltr'>B</span> <span class='ocrx_word' id='word_1_605' title='bbox 203 2200 234 2224; x_wconf 83' lang='lat' dir='ltr'><strong>et</strong></span> <span class='ocrx_word' id='word_1_606' title='bbox 254 2195 298 2232; x_wconf 88' lang='lat' dir='ltr'><strong>E;</strong></span> <span class='ocrx_word' id='word_1_607' title='bbox 316 2195 385 2224; x_wconf 82' lang='lat' dir='ltr'><strong>rell.</strong></span> <span class='ocrx_word' id='word_1_608' title='bbox 405 2196 433 2223; x_wconf 81' lang='lat' dir='ltr'><strong>si</strong></span> <span class='ocrx_word' id='word_1_609' title='bbox 451 2204 598 2232; x_wconf 82' lang='lat' dir='ltr'><strong>umquam</strong></span> <span class='ocrx_word' id='word_1_610' title='bbox 617 2196 652 2222; x_wconf 82' lang='lat' dir='ltr'><strong>in</strong></span> <span class='ocrx_word' id='word_1_611' title='bbox 671 2206 718 2224; x_wconf 86' lang='lat' dir='ltr'><strong>me</strong></span> <span class='ocrx_word' id='word_1_612' title='bbox 737 2198 823 2224; x_wconf 85' lang='lat' dir='ltr'><strong>uitae</strong></span> <span class='ocrx_word' id='word_1_613' title='bbox 847 2197 1006 2234; x_wconf 70' lang='lat' dir='ltr'><strong>cupiditas</strong></span> <span class='ocrx_word' id='word_1_614' title='bbox 1016 2194 1145 2232; x_wconf 83' lang='lat' dir='ltr'><strong>fuisset.</strong></span> <span class='ocrx_word' id='word_1_615' title='bbox 1163 2208 1202 2217; x_wconf 89' lang='lat'><strong>-—</strong></span> 
     </span>
    </p>
   </div>
   <div class='ocr_carea' id='block_1_5' title="bbox 156 2251 2032 2521">
    <p class='ocr_par' dir='ltr' id='par_1_10' title="bbox 156 2251 2032 2376">
     <span class='ocr_line' id='line_1_43' title="bbox 233 2251 2032 2293; baseline 0.001 -12"><span class='ocrx_word' id='word_1_616' title='bbox 233 2253 313 2282; x_wconf 89' lang='lat' dir='ltr'><strong>Tres</strong></span> <span class='ocrx_word' id='word_1_617' title='bbox 339 2257 410 2281; x_wconf 87' lang='lat' dir='ltr'><strong>sunt</strong></span> <span class='ocrx_word' id='word_1_618' title='bbox 431 2251 511 2287; x_wconf 86' lang='lat' dir='ltr'><strong>loci,</strong></span> <span class='ocrx_word' id='word_1_619' title='bbox 530 2251 564 2279; x_wconf 89' lang='lat' dir='ltr'><strong>in</strong></span> <span class='ocrx_word' id='word_1_620' title='bbox 585 2251 696 2289; x_wconf 88' lang='lat' dir='ltr'><strong>quibus</strong></span> <span class='ocrx_word' id='word_1_621' title='bbox 716 2254 775 2282; x_wconf 91' lang='lat' dir='ltr'><strong>etsi</strong></span> <span class='ocrx_word' id='word_1_622' title='bbox 794 2253 991 2283; x_wconf 81' lang='lat' dir='ltr'><strong>infitiandum</strong></span> <span class='ocrx_word' id='word_1_623' title='bbox 1010 2263 1074 2282; x_wconf 92' lang='lat' dir='ltr'><strong>non</strong></span> <span class='ocrx_word' id='word_1_624' title='bbox 1094 2259 1142 2282; x_wconf 87' lang='lat' dir='ltr'><strong>est</strong></span> <span class='ocrx_word' id='word_1_625' title='bbox 1161 2253 1244 2282; x_wconf 84' lang='lat' dir='ltr'><strong>salua</strong></span> <span class='ocrx_word' id='word_1_626' title='bbox 1263 2253 1417 2283; x_wconf 83' lang='lat' dir='ltr'><strong>sententia</strong></span> <span class='ocrx_word' id='word_1_627' title='bbox 1437 2253 1541 2283; x_wconf 88' lang='lat' dir='ltr'><strong>omitti</strong></span> <span class='ocrx_word' id='word_1_628' title='bbox 1560 2254 1657 2283; x_wconf 86' lang='lat' dir='ltr'><strong>uerba</strong></span> <span class='ocrx_word' id='word_1_629' title='bbox 1675 2264 1785 2293; x_wconf 81' lang='lat' dir='ltr'><strong>posse,</strong></span> <span class='ocrx_word' id='word_1_630' title='bbox 1807 2263 1938 2292; x_wconf 89' lang='lat' dir='ltr'><strong>quorum</strong></span> <span class='ocrx_word' id='word_1_631' title='bbox 1958 2263 2032 2291; x_wconf 75' lang='lat' dir='ltr'><strong>uaga</strong></span> 
     </span>
     <span class='ocr_line' id='line_1_44' title="bbox 157 2298 2031 2340; baseline 0 -11"><span class='ocrx_word' id='word_1_632' title='bbox 157 2299 244 2329; x_wconf 82' lang='lat' dir='ltr'><strong>sedes</strong></span> <span class='ocrx_word' id='word_1_633' title='bbox 275 2305 338 2336; x_wconf 86' lang='lat' dir='ltr'><strong>est,</strong></span> <span class='ocrx_word' id='word_1_634' title='bbox 370 2305 472 2328; x_wconf 85' lang='lat' dir='ltr'><strong>tamen</strong></span> <span class='ocrx_word' id='word_1_635' title='bbox 498 2308 625 2337; x_wconf 89' lang='lat' dir='ltr'><strong>prorsus</strong></span> <span class='ocrx_word' id='word_1_636' title='bbox 652 2298 867 2330; x_wconf 88' lang='lat' dir='ltr'><strong>incredibilest</strong></span> <span class='ocrx_word' id='word_1_637' title='bbox 898 2302 935 2329; x_wconf 90' lang='lat' dir='ltr'><strong>ab</strong></span> <span class='ocrx_word' id='word_1_638' title='bbox 968 2301 1142 2339; x_wconf 83' lang='lat' dir='ltr'><strong>interprete</strong></span> <span class='ocrx_word' id='word_1_639' title='bbox 1176 2299 1278 2329; x_wconf 77' lang='lat' dir='ltr'><strong>addita</strong></span> <span class='ocrx_word' id='word_1_640' title='bbox 1310 2311 1392 2338; x_wconf 87' lang='lat' dir='ltr'><strong>esse,</strong></span> <span class='ocrx_word' id='word_1_641' title='bbox 1430 2312 1500 2330; x_wconf 87' lang='lat' dir='ltr'><strong>cum</strong></span> <span class='ocrx_word' id='word_1_642' title='bbox 1525 2302 1562 2330; x_wconf 86' lang='lat' dir='ltr'><strong>ad</strong></span> <span class='ocrx_word' id='word_1_643' title='bbox 1589 2301 1833 2340; x_wconf 80' lang='lat' dir='ltr'><strong>intellegentiam</strong></span> <span class='ocrx_word' id='word_1_644' title='bbox 1861 2300 1924 2330; x_wconf 86' lang='lat' dir='ltr'><strong>loci</strong></span> <span class='ocrx_word' id='word_1_645' title='bbox 1950 2300 2031 2330; x_wconf 88' lang='lat' dir='ltr'><strong>nihil</strong></span> 
     </span>
     <span class='ocr_line' id='line_1_45' title="bbox 156 2345 749 2376; baseline -0.002 0"><span class='ocrx_word' id='word_1_646' title='bbox 156 2347 282 2376; x_wconf 87' lang='lat' dir='ltr'><strong>omnino</strong></span> <span class='ocrx_word' id='word_1_647' title='bbox 302 2347 472 2376; x_wconf 86' lang='lat' dir='ltr'><strong>conferant.</strong></span> <span class='ocrx_word' id='word_1_648' title='bbox 510 2345 590 2375; x_wconf 90' lang='lat' dir='ltr'><strong>Loci</strong></span> <span class='ocrx_word' id='word_1_649' title='bbox 610 2345 643 2373; x_wconf 87' lang='lat' dir='ltr'><strong>hi</strong></span> <span class='ocrx_word' id='word_1_650' title='bbox 662 2353 749 2376; x_wconf 90' lang='lat' dir='ltr'><strong>sunt:</strong></span> 
     </span>
    </p>

    <p class='ocr_par' dir='ltr' id='par_1_11' title="bbox 156 2394 2031 2483">
     <span class='ocr_line' id='line_1_46' title="bbox 231 2394 2031 2435; baseline 0 -10"><span class='ocrx_word' id='word_1_651' title='bbox 231 2396 266 2425; x_wconf 92' lang='lat' dir='ltr'><strong>C.</strong></span> <span class='ocrx_word' id='word_1_652' title='bbox 286 2396 310 2424; x_wconf 92' lang='grc' dir='ltr'><strong>Ι.</strong></span> <span class='ocrx_word' id='word_1_653' title='bbox 331 2395 358 2435; x_wconf 88' lang='grc'><strong>5.</strong></span> <span class='ocrx_word' id='word_1_654' title='bbox 380 2396 406 2424; x_wconf 84' lang='lat'><strong>3.</strong></span> <span class='ocrx_word' id='word_1_655' title='bbox 446 2404 635 2433; x_wconf 82' lang='lat' dir='ltr'><strong>quamquam</strong></span> <span class='ocrx_word' id='word_1_656' title='bbox 655 2394 734 2422; x_wconf 79' lang='lat' dir='ltr'><strong>mihi</strong></span> <span class='ocrx_word' id='word_1_657' title='bbox 753 2405 813 2423; x_wconf 79' lang='lat' dir='ltr'><strong>non</strong></span> <span class='ocrx_word' id='word_1_658' title='bbox 833 2406 918 2423; x_wconf 74' lang='lat' dir='ltr'><strong>sumo</strong></span> <span class='ocrx_word' id='word_1_659' title='bbox 938 2402 1062 2424; x_wconf 77' lang='lat' dir='ltr'><strong>tantum</strong></span> <span class='ocrx_word' id='word_1_660' title='bbox 1081 2407 1178 2434; x_wconf 81' lang='lat' dir='ltr'><strong>neque</strong></span> <span class='ocrx_word' id='word_1_661' title='bbox 1197 2398 1331 2435; x_wconf 75' lang='lat' dir='ltr'><strong>adrogo,</strong></span> <span class='ocrx_word' id='word_1_662' title='bbox 1352 2398 1488 2429; x_wconf 52' lang='lat' dir='ltr'><strong>iudicem</strong></span> <span class='ocrx_word' id='word_1_663' title='bbox 1508 2397 1553 2425; x_wconf 88' lang='lat' dir='ltr'><strong>sic</strong></span> <span class='ocrx_word' id='word_1_664' title='bbox 1573 2397 1598 2425; x_wconf 85' lang='lat' dir='ltr'>B</span> <span class='ocrx_word' id='word_1_665' title='bbox 1621 2401 1652 2425; x_wconf 83' lang='lat' dir='ltr'><strong>et</strong></span> <span class='ocrx_word' id='word_1_666' title='bbox 1672 2396 1715 2433; x_wconf 84' lang='lat' dir='ltr'><strong>E;</strong></span> <span class='ocrx_word' id='word_1_667' title='bbox 1735 2396 1804 2425; x_wconf 87' lang='lat' dir='ltr'><strong>rell.</strong></span> <span class='ocrx_word' id='word_1_668' title='bbox 1825 2397 1942 2426; x_wconf 77' lang='lat' dir='ltr'><strong>iudices</strong></span> <span class='ocrx_word' id='word_1_669' title='bbox 1961 2401 2031 2435; x_wconf 88' lang='lat' dir='ltr'><strong>post</strong></span> 
     </span>
     <span class='ocr_line' id='line_1_47' title="bbox 156 2440 2031 2483; baseline 0 -11"><span class='ocrx_word' id='word_1_670' title='bbox 156 2449 280 2472; x_wconf 80' lang='lat' dir='ltr'><strong>tantum</strong></span> <span class='ocrx_word' id='word_1_671' title='bbox 298 2448 428 2483; x_wconf 83' lang='lat' dir='ltr'><strong>ponunt.</strong></span> <span class='ocrx_word' id='word_1_672' title='bbox 449 2458 485 2464; x_wconf 94' lang='lat'><strong>—-</strong></span> <span class='ocrx_word' id='word_1_673' title='bbox 506 2442 540 2471; x_wconf 88' lang='lat' dir='ltr'><strong>C.</strong></span> <span class='ocrx_word' id='word_1_674' title='bbox 560 2441 639 2469; x_wconf 81' lang='lat' dir='ltr'><strong>XX.</strong></span> <span class='ocrx_word' id='word_1_675' title='bbox 661 2440 688 2481; x_wconf 95' lang='grc'><strong>5.</strong></span> <span class='ocrx_word' id='word_1_676' title='bbox 709 2443 754 2470; x_wconf 89' lang='lat'><strong>50.</strong></span> <span class='ocrx_word' id='word_1_677' title='bbox 775 2453 833 2480; x_wconf 78' lang='lat' dir='ltr'><strong>quo</strong></span> <span class='ocrx_word' id='word_1_678' title='bbox 853 2443 975 2480; x_wconf 83' lang='lat' dir='ltr'><strong>quidem</strong></span> <span class='ocrx_word' id='word_1_679' title='bbox 995 2450 1145 2481; x_wconf 75' lang='lat' dir='ltr'><strong>tempore,</strong></span> <span class='ocrx_word' id='word_1_680' title='bbox 1173 2444 1374 2480; x_wconf 72' lang='lat' dir='ltr'><strong>Laterensis,</strong></span> <span class='ocrx_word' id='word_1_681' title='bbox 1401 2446 1428 2472; x_wconf 85' lang='lat' dir='ltr'><strong>si</strong></span> <span class='ocrx_word' id='word_1_682' title='bbox 1448 2443 1606 2482; x_wconf 73' lang='lat' dir='ltr'><strong>idfacere</strong></span> <span class='ocrx_word' id='word_1_683' title='bbox 1629 2446 1798 2479; x_wconf 75' lang='lat' dir='ltr'><strong>aoluisses;</strong></span> <span class='ocrx_word' id='word_1_684' title='bbox 1825 2444 1868 2474; x_wconf 87' lang='lat' dir='ltr'><strong>sic</strong></span> <span class='ocrx_word' id='word_1_685' title='bbox 1889 2445 1914 2473; x_wconf 85' lang='lat' dir='ltr'>B</span> <span class='ocrx_word' id='word_1_686' title='bbox 1935 2449 1966 2473; x_wconf 81' lang='lat' dir='ltr'><strong>et</strong></span> <span class='ocrx_word' id='word_1_687' title='bbox 1985 2444 2031 2477; x_wconf 86' lang='lat' dir='ltr'><strong>E;</strong></span> 
     </span>
    </p>

    <p class='ocr_par' dir='ltr' id='par_1_12' title="bbox 1568 2492 1610 2521">
     <span class='ocr_line' id='line_1_48' title="bbox 1568 2492 1610 2521; baseline 0 -15"><span class='ocrx_word' id='word_1_688' title='bbox 1568 2492 1610 2521; x_wconf 68' lang='lat'><strong>27*</strong></span> 
     </span>
    </p>
   </div>
  </div>
 </body>
</html>
