2185 2720
121 164 175 192 130
773 147 1345 180 COMMENTARIUS.

119 238 274 277 acceptos
304 227 451 272 referret
481 226 523 259 ab
545 229 780 264 accussatore,
813 224 846 256 id
870 224 1009 268 probari
1030 224 1182 256 minume
1204 229 1335 266 potest,
1372 221 1539 264 siquidem
1565 221 1695 265 referre
1716 233 1879 265 uinquam
1901 232 1999 254 sensu

120 287 184 319 isto
208 289 409 326 usurpatum
433 291 503 312 esse
524 279 620 310 nullo
644 277 758 309 doceri
787 277 945 320 exemplo
967 283 1091 320 potest.
1135 278 1256 318 Neque
1278 276 1384 307 altera
1410 275 1480 307 eius
1512 275 1650 306 omnino
1673 286 1755 305 uera
1776 275 2001 318 explicatiost.

121 341 214 374 Nam
231 348 329 369 reum
352 344 461 374 neque
484 331 613 363 referre
635 341 745 372 neque
768 330 890 361 referri
913 330 1029 362 iubere
1051 329 1200 371 potuisse
1225 340 1299 368 e‹›S‚
1336 328 1395 370 qui
1418 328 1625 366 iudicarent,
1658 326 1692 357 in
1716 327 1830 357 album
1853 326 2003 358 iudicum

123 393 156 425 ei
179 400 310 423 caussae
333 386 604 428 adsignatorum,
627 394 671 414 ex
694 383 766 425 lege
789 383 935 414 Seruilia
956 382 1108 424 intellegi
1131 387 1251 424 potest,
1274 381 1309 412 in
1333 393 1398 423 qua
1422 381 1460 412 C.
1484 382 1547 412 IX.
1571 392 1604 423 p.
1627 380 1679 410 44.
1704 378 1756 409 ed.
1780 379 1900 411 Klenz.
1923 379 2007 411 scri-

123 451 242 489 ptum:
266 443 431 478 Praetor,
459 439 538 481 quei
561 450 601 469 ex
623 437 655 468 71.
679 436 702 468 l.
725 442 878 479 quaeret,
891 434 1008 479 facito
1031 442 1069 468 ut
1093 435 1121 466 C
1140 435 1247 472 uiros,
1272 447 1354 477 quos
1377 435 1408 466 is
1431 435 1510 478 quei
1526 439 1623 478 petet
1645 439 1677 464 et
1701 432 1791 464 unde
1808 437 1948 474 petetur
1968 444 2008 464 ex

125 500 158 531 73,
180 498 203 529 l,
225 493 392 537 legerint,
414 491 606 529 ediderint,
630 501 750 532 eosque
768 494 950 532 patronos,
975 501 1057 532 quos
1081 488 1130 526 is,
1156 487 1234 530 quei
1251 488 1423 530 petiuerit
1446 493 1476 518 et
1502 487 1531 518 is
1555 487 1644 518 uncle
1661 486 1814 529 petitam
1837 485 1904 516 erit
1926 483 2010 516 sibei

126 545 402 584 nominauerint,
435 543 558 586 queiue
585 543 667 581 eiei,
705 542 784 584 quei
801 547 913 585 petet,
945 554 967 572 a
984 546 1146 584 praetore
1176 552 1216 572 ex
1238 541 1271 572 li.
1295 541 1318 572 l.
1341 540 1435 571 (latei
1457 545 1581 577 erunt,
1614 539 1649 570 in
1682 537 1824 569 taboleis
1842 536 2011 580 poplzceis

126 602 273 644 scriptos
296 597 438 635 habeat,
464 596 579 638 eique,
613 595 691 638 quei
708 594 878 636 petiuerit
902 599 935 625 et
958 594 1048 625 unde
1066 593 1219 635 petitum
1241 593 1327 631 erit,
1359 593 1419 636 qni
1442 603 1560 623 eorum>
1582 590 1693 628 uolet,
1723 601 1763 621 ex
1786 589 1928 621 taboleis
1945 600 2012 632 po-

122 654 248 700 pliceis
276 662 394 684 eorum
423 649 562 681 nomina
593 647 738 690 legundi
763 657 895 689 semper
923 647 979 678 ius
999 651 1218 689 potestasque
1241 651 1323 677 esto.
1367 646 1484 686 ltaque
1508 643 1655 685 referret
1676 653 1752 673 mea
1775 641 1913 684 quidem
1935 652 2012 673 sen-

127 706 235 750 tentia
256 703 343 735 nihil
365 701 450 733 aliut
472 701 527 732 hic
549 699 736 742 significare
760 704 871 741 potest
894 710 992 740 quam
1016 699 1155 730 nomina
1180 698 1336 729 indicum
1357 702 1570 729 retentorum.
1593 696 1628 728 in
1653 695 1767 727 libello
1787 695 1944 734 scribere,
1967 694 2013 725 ita

128 766 168 793 ut
197 756 329 801 referre
354 754 460 786 uerbo
490 759 606 784 nostro
637 753 819 795 eitztragen
849 751 1062 794 respondeat.
1108 750 1289 781 Sollemnis
1313 756 1425 781 autem
1457 749 1615 780 locutiost
1638 746 1769 791 referre
1793 748 1828 779 in
1853 747 2013 785 codicem,

128 812 187 845 uel
208 811 245 843 in
268 809 396 846 album,
419 807 475 841 uel
498 807 534 838 in
559 805 711 842 tabulas,
735 806 790 835 uel
813 806 849 837 in
872 804 1165 837 commentarium.
1209 803 1379 845 Exempla
1402 802 1481 834 uide
1504 808 1586 845 aput
1610 801 1752 832 Gesner.
1778 801 1880 832 Thes.
1903 801 1944 832 L.
1968 801 2011 832 L.

129 866 173 897 T.
194 863 258 895 IV.
280 873 315 904 p.
342 860 432 892 115..
478 859 728 900 Absoluteque,
761 869 964 899 quamquam
987 856 1051 886 alia
1075 855 1116 886 de
1138 867 1195 893 re,
1224 855 1357 898 referre
1385 867 1424 886 eo
1450 867 1548 886 sensu
1578 853 1727 897 positum
1750 864 1768 884 a
1791 853 1956 884 Cicerone
1978 852 2013 883 in

131 923 216 951 orat.
241 914 326 946 Sull·
360 913 398 944 C·
421 913 521 943 XIV.
553 912 582 953 §.
605 912 675 942 ltu:
713 911 837 954 Itaque
860 908 1068 942 introductis
1100 909 1134 940 in
1160 914 1318 940 senatum
1340 908 1512 940 indicibus
1543 907 1708 939 constitui
1731 911 1920 944 senatores,
1954 904 2014 948 qui

132 970 248 1004 omnia.
271 967 425 999 indicum
448 965 561 1002 (licta,
587 965 823 1007 interrogata,
847 975 1009 1007 responsa
1026 960 1289 1005 perscriberent.
1332 962 1382 993 At
1406 974 1488 1004 quos
1512 962 1634 992 uiros?
1659 972 1726 991 non
1750 960 1858 991 solum
1883 970 2017 990 summa

133 1024 267 1056 uirtute
292 1024 324 1050 et
337 1017 435 1061 fide,
472 1018 571 1049 cuius
591 1017 730 1060 generis
755 1017 790 1048 irz
816 1022 938 1048 senatu
952 1014 1115 1058 facultas
1138 1025 1321 1051 maxuma,
1361 1020 1411 1045 set
1435 1015 1539 1045 etiam
1565 1025 1647 1056 quos
1670 1013 1814 1044 sciebam
1839 1011 2016 1049 memoria,

132 1074 297 1110 scientia,
319 1071 564 1103 consuetudine
586 1076 617 1101 et
644 1070 820 1101 celeritate
841 1068 1013 1100 scribendi
1028 1066 1217 1109 facillume
1240 1079 1327 1109 quac
1351 1067 1549 1099 dicerentur
1565 1066 1729 1109 persequi
1746 1077 1867 1108 posse,
1896 1064 1931 1096 C.
1952 1064 1982 1095 C
1998 1081 2016 1087 -

132 1127 288 1160 sconium
309 1140 349 1147 —
371 1124 464 1166 App.
487 1123 683 1154 Claudium.
729 1121 835 1152 Credo
864 1133 934 1153 esse
960 1121 1140 1157 neminem,
1164 1120 1224 1161 qui
1247 1120 1301 1151 lzis
1323 1119 1517 1151 hominibus
1539 1119 1593 1150 ad
1615 1130 1717 1150 uere
1738 1117 2016 1161 referendum

134 1186 199 1215 aut
212 1177 326 1221 fidem
343 1182 445 1220 putet
470 1181 532 1207 auc
558 1175 740 1218 ing-enimn
764 1173 927 1217 defuisse.
971 1174 1085 1216 Ipsum
1116 1177 1229 1202 autem
1253 1183 1348 1203 reum
1373 1172 1566 1214 consignata
1589 1170 1743 1202 habuisse
1766 1170 1904 1201 nomina
1925 1167 2017 1199 iudi-

136 1244 232 1271 cum,
257 1242 340 1273 quos
364 1229 521 1267 habebat,
548 1239 624 1258 cuni
647 1237 709 1268 per
735 1237 769 1257 se
791 1232 907 1257 uerost
928 1226 1169 1263 siinillninmn,
1193 1230 1265 1254 tum
1291 1236 1331 1255 ex
1355 1225 1471 1255 inultis
1495 1224 1721 1256 Uerrinarum
1743 1223 1915 1253 actionum
1936 1219 2018 1252 locis

136 1290 240 1330 patet.
287 1284 447 1314 Ceterum
470 1280 531 1312 etsi
554 1291 621 1310 non
644 1279 793 1322 pertinet
817 1279 858 1310 ad
883 1278 1146 1321 explicationem
1170 1277 1268 1308 huius
1292 1277 1374 1315 loci,
1410 1276 1619 1308 monendum
1644 1282 1773 1315 tamen,
1806 1285 1921 1306 errare
1946 1273 2020 1305 Ga-

137 1336 319 1374 rammam,
348 1334 407 1376 qui
420 1332 522 1377 ferre
535 1334 664 1365 iudices
687 1332 790 1364 solius
814 1343 885 1363 esse
907 1332 1123 1364 accussatoris
1147 1338 1219 1362 tum
1243 1329 1283 1360 ad
1310 1331 1343 1361 h.
1359 1330 1392 1368 l.‚
1416 1336 1487 1361 tum
1511 1329 1552 1360 ad
1569 1341 1618 1360 or.
1641 1340 1705 1371 pro
1730 1327 1904 1360 comoedo
1927 1338 1954 1358 c.
1970 1327 2019 1358 15.

137 1388 322 1422 contendit.
368 1387 508 1418 Dictum
525 1385 627 1429 ferre
650 1385 781 1416 iudices
807 1384 906 1415 etiam
931 1384 972 1415 de
997 1396 1055 1415 reo
1080 1395 1167 1418 esse,
1206 1382 1258 1413 hic
1281 1382 1352 1424 ipse
1375 1383 1467 1413 locus
1493 1381 1670 1413 manifesto
1696 1381 1860 1421 ostendit,
1893 1379 1929 1411 in
1952 1390 2019 1421 quo

136 1442 302 1485 scriptum
324 1439 385 1471 sit:
409 1451 470 1470 nos
493 1456 533 1462 —
555 1438 597 1469 ab
622 1443 841 1469 accussatore
863 1437 1067 1468 constitutos
1090 1436 1220 1468 iudices
1243 1435 1293 1466 ita
1308 1434 1456 1478 serem
1466 1448 1531 1474 us,
1555 1441 1595 1467 ut
1616 1435 1784 1466 neminem
1809 1433 2018 1466 reiciamus?

138 1494 296 1535 Denique
318 1490 518 1534 adponenda
543 1490 610 1521 huc
634 1489 798 1521 Garatoni
820 1489 924 1520 uerba
947 1495 1051 1531 puto,
1077 1499 1160 1529 quae
1183 1487 1223 1518 ad
1248 1498 1274 1517 c.
1299 1488 1350 1519 Si.
1374 1488 1474 1520 huius
1497 1487 1658 1519 orationis
1682 1487 1723 1517 de
1745 1487 1818 1529 lege
1841 1485 1958 1517 Tullia
1980 1484 2022 1516 de

138 1546 269 1579 ambitu
291 1543 481 1586 conparatis
504 1542 562 1582 iis,
600 1554 685 1584 quae
707 1554 727 1573 a
751 1543 914 1574 Cicerone
937 1542 972 1572 iu
995 1553 1043 1572 or.
1068 1552 1130 1583 pro
1154 1541 1245 1572 Mur.
1270 1552 1297 1571 c.
1323 1541 1373 1572 23.
1396 1541 1525 1572 monita
1547 1546 1643 1580 sunt,
1676 1539 1821 1582 scripsit.
1866 1538 1917 1570 Ibi
1940 1538 2022 1570 haec

141 1598 316 1642 exposuit:
341 1622 362 1635 „
375 1597 455 1627 lllut
477 1595 632 1637 inprimis
656 1595 741 1626 mihi
764 1594 1010 1632 adnotandum,
1038 1593 1129 1635 quod
1151 1592 1193 1623 ad
1216 1593 1301 1624 hanc
1325 1593 1512 1624 orationem
1535 1604 1696 1624 maxume
1720 1592 1880 1635 pertinet.
1924 1591 2025 1623 Idem

142 1654 220 1696 [pro
243 1651 335 1683 Mur.
359 1660 387 1679 c.
412 1648 477 1688 25.]
503 1648 658 1679 editicios
681 1648 812 1679 iudices
836 1647 999 1685 uoluisti,
1023 1651 1062 1678 ut
1086 1646 1165 1677 oclici
1191 1647 1325 1678 occulta
1349 1646 1501 1684 ciuium,
1530 1658 1617 1688 quae
1641 1646 1757 1677 tacitis
1777 1657 1870 1676 nunc
1891 1644 2024 1675 discor-

143 1706 212 1738 diis
236 1703 476 1739 continentur,
505 1701 540 1731 in
556 1699 726 1742 fortunas
750 1700 882 1743 optumi
904 1700 1069 1742 cuiusque
1092 1704 1318 1741 erumperent.
1362 1699 1438 1729 Hoc
1461 1704 1660 1729 numeratur
1682 1698 1717 1728 in
1741 1697 1799 1733 iis,
1829 1707 1915 1739 quae
1937 1704 2022 1733 mea,

142 1756 270 1799 inquit,
307 1765 441 1787 summa
463 1752 643 1784 uoluntale
664 1757 804 1784 senatus
829 1751 1042 1795 repudiauit.
1085 1750 1238 1781 Huccine
1262 1751 1364 1791 igitur
1386 1749 1465 1780 illut
1486 1750 1653 1791 pertinet,
1691 1749 1782 1792 quod
1805 1758 1908 1790 supra
1931 1745 2024 1777 uidi-

143 1822 218 1842 mus
237 1819 265 1839 ο.
292 1819 340 1848 17.
366 1817 476 1850 nuper
500 1805 698 1837 clarissumi
722 1805 814 1836 ciues
836 1816 956 1835 nomen
979 1803 1099 1834 editici
1121 1803 1248 1834 iudicis
1269 1815 1336 1834 non
1361 1803 1517 1834 tulerunt
1533 1805 1621 1835 etc.‘?
1647 1802 1687 1833 de
1710 1813 1747 1833 re
1770 1807 1860 1832 certe
1882 1799 1930 1831 ibi
1952 1798 2024 1841 agi-

144 1869 217 1901 tur,
255 1870 340 1902 quae
363 1866 441 1890 ante
462 1857 631 1890 Liciniam
656 1857 764 1898 legem
793 1856 962 1887 acciderit.
1008 1857 1066 1887 Set
1088 1856 1225 1886 turbant
1247 1855 1439 1897 sequentia,
1479 1855 1660 1899 omniaque
1675 1855 1796 1899 potius
1811 1854 2025 1898 permiscue-

145 1920 248 1953 runt,
280 1924 383 1956 quam
406 1912 437 1944 ei
459 1911 530 1953 legi
553 1909 811 1952 condicionique
830 1914 1007 1952 parerent.
1050 1909 1167 1949 Itaque
1191 1908 1316 1940 iudices
1348 1907 1499 1939 editicios
1525 1907 1574 1938 bis
1601 1908 1796 1950 repudiatos
1820 1906 2026 1937 existumare

144 1968 240 2006 licet,
263 1964 367 1997 semel
391 1964 462 1995 Ser.
487 1961 637 2004 Sulpicio
662 1973 716 1992 eos
739 1962 950 2003 postulante,
972 1961 1097 1992 iterum
1120 1961 1236 2002 ignoto
1259 1961 1325 1992 alio
1348 1967 1520 2003 tempore,
1543 1966 1594 1992 set
1614 1960 1820 2003 posteriore,
1845 1965 2024 2000 antequam

144 2028 259 2053 tamen
282 2018 420 2049 Crassus
442 2015 631 2057 inponeret.
642 2016 662 2032 ‘⁴
706 2013 944 2053 Dolendumst‚
972 2013 1062 2055 quod
1086 2013 1220 2044 Scholia
1242 2014 1376 2053 Ambr.‚
1400 2025 1484 2056 quae
1506 2013 1548 2044 ad
1571 2013 1660 2044 hunc
1682 2013 1795 2044 locum
1818 2012 1943 2055 scripta
1965 2022 2028 2042 ex-

146 2074 307 2110 titerunt,
346 2079 541 2100 maxumam
570 2072 703 2109 partem
726 2066 913 2108 perierunt.
959 2066 1106 2099 Uidetur
1130 2072 1241 2097 tamen
1267 2066 1435 2109 interpres
1459 2067 1517 2097 ille
1538 2065 1785 2098 Ambrosianus
1808 2065 1845 2097 in
1866 2075 1903 2095 ea
1924 2063 2026 2095 fuisse

146 2123 329 2161 sententia,
360 2127 399 2152 ut
424 2120 623 2152 Ciceronem
645 2119 687 2150 ad
710 2119 788 2150 illut
810 2119 977 2162 respicere
999 2125 1131 2162 tempus
1154 2124 1305 2160 putaret,
1336 2130 1402 2160 quo
1428 2119 1499 2149 Ser.
1521 2118 1689 2161 Sulpicius
1711 2118 1838 2149 iudices
1861 2128 1932 2152 esse
1953 2115 2026 2146 edi-

147 2177 243 2210 ticios
268 2173 390 2206 uoluit.
412 2171 527 2203 Coicio
551 2171 615 2202 hoc
638 2183 681 2203 ex
696 2172 870 2211 extremis,
893 2183 978 2214 quae
1000 2177 1132 2203 seruata
1147 2176 1235 2208 sunt,
1260 2170 1464 2202 Sclioliastae
1489 2171 1612 2209 uerbis,
1637 2182 1655 2201 a
1670 2182 1724 2201 me
1746 2182 1780 2213 p.
1803 2171 1871 2202 126.
1887 2168 2022 2200 adlatis:

149 2231 199 2264 Et
228 2230 292 2261 hac
321 2227 358 2258 in
382 2230 486 2269 parte
517 2226 869 2257 commemorationem
897 2225 1038 2256 uidetur
1054 2223 1179 2267 facere
1206 2223 1346 2255 Tullius
1375 2224 1448 2255 eius
1471 2224 1656 2267 temporis,
1688 2236 1753 2266 quo
1776 2234 1893 2255 ser...
1936 2222 2024 2253 Nam

147 2280 288 2313 ultumis
310 2277 432 2310 litteris
455 2288 510 2308 ser
531 2277 707 2319 probabile
728 2278 815 2309 mihi
837 2277 973 2308 uidetur
988 2287 1196 2320 praenomen
1217 2275 1309 2306 illius
1331 2275 1436 2318 ipsius
1450 2277 1579 2319 Sulpici
1600 2274 1777 2306 contineri.
1821 2273 1915 2305 Idem
1938 2284 2027 2304 nunc

148 2333 249 2366 uideo
273 2329 501 2363 Niebuhrium
523 2330 729 2372 suspicatum
752 2341 834 2362 esse.

237 2383 430 2425 Omniaque
446 2382 566 2424 potius
582 2382 873 2425 permiscuerunt)
917 2382 998 2414 Non
1020 2380 1197 2422 intellego,
1233 2379 1314 2421 quid
1336 2379 1380 2412 sit
1403 2381 1518 2413 omnia
1537 2380 1825 2424 permiscuerunt.
1870 2378 2027 2421 Suspica-

151 2445 204 2471 tus
226 2447 302 2469 sum
326 2435 580 2478 permiserunt,
614 2432 706 2465 ferre
727 2435 931 2475 uoluerunt,
967 2445 1068 2477 quam
1089 2432 1215 2464 iudices
1239 2434 1357 2465 editos.
1391 2434 1616 2465 Ensnsnus.
1658 2430 1868 2463 Rectissume
1899 2429 2025 2461 dictum
