2185 2720
928 150 967 179 L.
987 150 1028 179 11.
1067 150 1102 179 c.
1128 149 1152 178 1.
1192 149 1219 191 ς.
1251 158 1294 179 12.
1927 148 2043 178 xmx

168 226 255 255 Nam
273 226 357 264 qnod
374 230 403 255 te
428 227 464 254 in
488 236 521 254 re
544 225 672 264 publica
698 224 829 254 liberum
858 234 890 253 es
912 224 1082 262 gloriatus.
1118 224 1260 253 Minume
1279 227 1381 251 autem
1400 224 1532 252 uerbum
1552 234 1614 252 esse
1633 223 1671 252 ad
1689 222 1857 251 locutionis
1878 222 2040 260 integrita-

168 277 230 302 tem
255 273 390 311 requiri,
418 282 458 301 ex
485 272 636 302 eiusmodi
663 273 741 301 locis
767 275 870 310 patet,
897 270 995 308 qualis
1016 271 1109 299 XIII.
1129 270 1267 308 Philipp.
1287 269 1392 305 XIX,
1418 270 1463 298 40.
1485 276 1548 299 est:
1575 273 1629 310 qui
1655 280 1752 308 usque
1771 280 1804 298 eo
1815 269 1902 307 filix
1922 277 1983 306 est,
2004 277 2039 298 ut

166 320 263 348 isdem
282 322 472 349 ornamentis
491 321 644 358 deceperit
663 330 733 352 uos,
753 319 866 356 quibus
885 318 1044 355 deceptum
1064 320 1227 348 Caesarem
1243 318 1401 355 gloriatus
1422 323 1474 346 est.

239 366 332 395 Alter
357 368 461 404 locus,
487 368 522 396 in
548 377 608 405 quo
634 376 698 394 non
722 365 824 394 minus
850 374 926 403 uaga
952 365 1122 394 uerborum
1147 365 1234 393 sedes
1263 363 1517 403 interpolationis
1543 365 1751 404 suspicionem
1777 368 1897 399 mouet,
1923 363 2037 400 legitur

166 412 202 442 C.
221 413 334 443 XXV.
353 413 381 454 §.
402 415 446 444 62.
467 420 499 443 et
517 414 551 442 in
570 414 596 442 B
616 418 648 441 et
665 413 694 440 E
714 413 758 441 sic
777 413 912 451 scriptus
933 416 1034 440 extat:

241 470 358 507 Quodsi
382 477 548 509 praeterea
581 481 667 499 nemo
700 476 761 499 est
793 470 938 498 honore
970 470 1102 507 dignus,
1130 468 1283 507 quidnam
1316 473 1360 496 tot
1387 469 1520 506 optumis
1548 474 1577 496 et
1596 468 1819 497 'ornatissumis
1844 468 1966 497 ciuibus
1992 474 2036 496 est

155 517 336 556 futurum?

239 577 290 604 Sic
310 576 406 614 igitur
424 576 451 605 B
471 581 502 605 et
520 576 565 614 E3
593 576 728 605 familiae
754 574 866 604 tertiae
891 574 1012 602 codices
1040 574 1082 602 ita
1100 573 1184 601 inter
1203 582 1236 600 sc
1257 571 1462 609 dissentiunt,
1497 577 1532 601 ut
1550 582 1608 611 pro
1628 573 1733 601 uerbis
1753 583 1839 601 nemo
1861 579 1904 600 est
1923 573 2035 600 honore

163 623 279 662 dignus
295 620 366 660 Mc,
385 623 447 660 La,
467 629 498 652 et
517 629 544 661 ψ
564 623 678 652 honore
697 624 810 661 dignus
829 632 915 650 nemo
935 628 996 655 est,
1016 622 1066 650 Lb
1086 621 1200 649 honore
1220 631 1306 649 nemo
1326 621 1442 658 [lignus
1462 625 1523 652 est,
1543 620 1606 655 Pb,
1626 620 1685 655 Pe,
1705 619 1754 655 D,
1775 619 1816 655 C,
1836 628 1870 655 ς,
1890 628 1910 656 χ
1924 630 1946 654 1,
1968 624 1998 648 et
2017 620 2035 648 3

162 670 275 699 honore
301 671 430 708 dignus,
458 671 574 709 reliqui
593 664 706 700 honore
727 670 841 708 dignus
861 680 947 697 nemo
967 669 1130 697 scribant..
1154 667 1217 696 Iam
1238 668 1305 705 quis
1326 667 1387 695 sibi
1406 667 1603 705 persuadeat,
1631 666 1740 695 miram
1758 666 1837 694 hanc
1864 666 2034 694 lectionum

162 717 384 753 diuersitatcm,
405 718 431 746 si
451 718 515 746 ulla
533 717 652 755 harum,
673 729 746 757 quas
762 717 1000 753 commemoraui,
1019 717 1053 745 in
1073 716 1180 745 codice
1202 715 1346 754 principe
1367 714 1531 750 extitisset,
1552 713 1629 742 oriri
1649 713 1808 752 potuisse?
1827 713 1937 751 Neque
1957 722 2033 741 uero

160 766 261 794 sohun
280 766 410 795 uerbum
432 772 477 794 est
496 765 532 794 ab
553 766 726 805 interprete
745 765 897 793 adiectum
923 769 1018 802 puto,
1051 773 1113 802 quo
1131 773 1194 791 uno
1215 762 1424 801 superscripto
1444 771 1508 790 non
1526 766 1673 800 poterant
1690 766 1793 789 tantae
1814 760 1945 789 excitari
1964 765 2034 788 tur-

160 812 234 849 bae,
261 818 323 850 set,
348 819 384 842 ut
403 813 507 842 statim
527 812 624 842 dicam
645 812 727 851 quod
746 812 863 848 sentio,
895 821 1009 840 nomen
1037 811 1130 839 etiam
1156 809 1269 837 honore
1289 809 1470 847 interpretis
1491 809 1730 838 additamentum
1753 808 1854 837 credo.
1893 807 1987 845 Quod
2007 808 2032 835 si

159 860 338 896 statuimus,
356 860 389 888 id
409 860 491 899 quod
511 870 566 898 ego
586 870 696 888 reuera
714 859 829 888 factum
847 863 925 898 puto
947 868 1027 894 esse,
1054 867 1148 896 super
1167 867 1253 885 nemo
1274 857 1310 885 ab
1331 857 1520 895 interprete,
1546 858 1677 885 uerbum
1696 856 1809 894 (lignus
1829 855 2032 894 explicatum,

158 908 297 946 positum
315 908 411 937 fuisse
430 908 463 935 111
483 907 590 935 codice
609 906 770 945 principe,
797 906 896 935 omnis
926 906 1098 935 lectionum
1118 905 1281 933 diuersitas
1300 903 1383 932 unde
1413 909 1481 933 orta
1506 905 1562 941 sit,
1596 908 1690 943 patet⁴
1729 902 1809 931 Nam
1829 902 1855 931 is
1875 902 2031 936 librarius,

159 955 213 994 qui
233 955 371 984 codicem
389 954 531 992 scripsit,
557 963 596 982 ex
616 964 676 992 quo
696 954 722 981 B
743 958 775 982 et
793 953 820 981 E
841 958 913 981 sunt
939 954 1018 990 orti,
1044 953 1077 982 id
1097 952 1179 991 quod
1204 952 1321 990 ubique
1340 951 1433 988 fecit,
1459 951 1513 980 hic
1541 961 1662 990 quoque
1689 956 1720 978 et
1742 950 1903 988 genuinam
1923 958 2031 978 uocem

158 1007 191 1030 ct
209 1002 337 1040 glossam
355 1001 492 1040 recepit,
527 1005 635 1029 contra
664 1001 735 1037 ille,
768 1011 786 1029 a
805 1011 865 1039 quo
886 1001 1020 1039 scriptus
1041 1000 1140 1028 codex
1159 1004 1222 1035 est,
1256 998 1309 1037 qui
1329 999 1398 1027 sam.
1418 999 1529 1027 tertiae
1549 999 1702 1027 librorum
1720 998 1789 1026 fons
1810 997 1928 1033 extitit,
1948 997 2031 1034 glos-

156 1059 220 1078 sam
239 1054 357 1078 tantum
376 1049 490 1077 honore
510 1048 599 1076 Tulli
619 1048 723 1077 uerbis
742 1047 868 1084 intulit,
905 1048 1069 1086 genuinam
1088 1057 1197 1077 nocem
1217 1057 1303 1075 nemo
1323 1045 1478 1074 omittens.
1516 1047 1603 1075 Hinc
1623 1051 1691 1075 orta
1713 1045 1913 1083 scriptumst,
1941 1053 2030 1082 quam

155 1096 190 1124 in
210 1097 329 1135 aliquot
346 1096 416 1125 fam.
436 1095 547 1124 tertiae
567 1095 727 1123 codicibus
746 1095 887 1124 uidemus
909 1106 974 1124 esse
994 1096 1107 1124 honore
1129 1096 1263 1132 dignus,
1288 1092 1362 1121 hinc
1382 1098 1485 1131 patet,
1512 1094 1566 1133 qui
1584 1094 1698 1123 factum
1717 1092 1774 1128 sit,
1793 1097 1828 1120 ut
1848 1092 1881 1120 in
1900 1092 2029 1130 reliquis

155 1143 249 1172 etiam
269 1143 430 1172 codicibus
448 1142 535 1171 uocis
554 1153 641 1171 nemo
661 1143 746 1172 sedes
766 1153 840 1181 uaga
860 1143 916 1180 sit3
934 1143 1010 1173 hinc
1031 1142 1164 1181 denique
1184 1140 1388 1178 intellegitur,
1408 1150 1463 1168 cur
1482 1151 1544 1169 uno
1566 1141 1734 1179 eodemque
1749 1139 1858 1168 ordine
1873 1139 1906 1167 in
1927 1139 2030 1167 omni-

154 1191 214 1219 bus
233 1190 393 1219 codicibus
412 1191 508 1219 uerba
526 1190 642 1218 honore
661 1191 775 1229 dignus
793 1201 826 1219 se
846 1191 1022 1229 excipiant,
1046 1190 1122 1218 licet
1140 1189 1175 1217 in
1195 1188 1376 1227 qusbusdam
1395 1187 1581 1226 interposito
1602 1188 1663 1216 alio
1684 1187 1780 1216 uerbo
1801 1196 1818 1215 a
1839 1197 1870 1214 se
1890 1187 2029 1215 seiuncta

154 1237 227 1266 sint.
265 1238 377 1276 Neque
397 1237 480 1266 enim
500 1237 673 1274 dubiumst,
693 1238 767 1276 quin
787 1248 851 1266 uox
870 1239 1002 1276 genuina
1022 1249 1109 1267 nemo
1127 1237 1161 1266 in
1181 1247 1232 1265 eos
1253 1237 1323 1265 fam.
1343 1235 1454 1263 tertiae
1475 1235 1606 1270 codices,
1626 1234 1679 1273 qui
1698 1234 1824 1269 habent,
1844 1244 1907 1262 non
1926 1239 2029 1262 trans-

153 1284 216 1313 lata
234 1294 274 1313 ex
294 1284 400 1313 codice
419 1284 581 1323 principe,
606 1290 652 1313 set
678 1285 781 1313 addita
805 1285 843 1313 ab
869 1285 1042 1324 interprete
1061 1285 1118 1321 sit,
1145 1284 1218 1322 qui,
1248 1282 1331 1322 quod
1357 1292 1447 1311 nemo
1467 1293 1532 1311 uon
1553 1282 1683 1311 debebat
1703 1281 1964 1317 animaduertere,
1990 1281 2028 1309 ad

152 1341 277 1361 sensum
304 1342 369 1360 eam
388 1331 591 1360 necessariam
620 1341 685 1360 esse
711 1332 803 1360 uidit.
840 1332 920 1361 Nam
948 1333 974 1361 si
1003 1333 1040 1360 ab
1061 1342 1098 1360 eo
1126 1330 1272 1366 librario,
1301 1330 1354 1368 qui
1382 1329 1498 1359 librum
1517 1330 1659 1369 scripsit,
1687 1339 1727 1357 ex
1747 1339 1807 1367 quo
1826 1329 1896 1357 fam.
1917 1327 2028 1356 tertiae

152 1379 275 1407 codices
296 1378 446 1416 originem
467 1378 641 1414 duxenmt,
661 1379 819 1417 adsumpta
839 1389 878 1408 ex
897 1380 1004 1408 codice
1024 1380 1168 1419 principe
1189 1383 1279 1414 esset,
1298 1387 1426 1416 prorsus
1446 1377 1610 1406 obscurtun
1631 1380 1719 1411 esset,
1739 1376 1793 1414 qui
1811 1376 1845 1404 in
1864 1386 1929 1404 non
1947 1386 2027 1415 pau-

151 1426 196 1455 cis
215 1427 286 1455 fam.
305 1426 416 1455 tertiae
437 1425 596 1454 codicibus
615 1426 718 1454 omitti
737 1426 900 1464 potuisset.
940 1427 1011 1456 Pari
1030 1427 1122 1456 modo
1143 1432 1188 1455 est
1208 1425 1321 1464 copula
1338 1425 1476 1454 minume
1495 1435 1552 1464 per
1571 1425 1662 1453 illum
1677 1423 1840 1452 librarium
1859 1434 1899 1452 ex
1919 1423 2026 1452 codice

150 1473 296 1512 principe
312 1473 346 1501 in
366 1473 512 1511 quosdam
531 1473 602 1500 fam.
621 1472 733 1500 tertiae
753 1474 876 1502 codices
891 1475 1037 1503 transisse
1056 1474 1230 1514 putandast.
1255 1472 1355 1508 -Quod
1376 1472 1541 1510 quominus
1560 1477 1742 1506 statuamus,
1762 1481 1825 1499 11011
1845 1470 1945 1499 solum
1964 1470 2024 1499 hoc

149 1520 403 1559 inpedimentost,
425 1519 509 1559 quod
521 1519 707 1558 paucissumi
722 1520 859 1549 familiae
872 1521 958 1550 illius
975 1523 1097 1551 codices
1112 1521 1254 1561 copulam
1269 1520 1468 1558 adgnoscunt,
1488 1531 1597 1549 uerum
1616 1520 1688 1548 illut
1703 1518 1804 1553 etiam,
1825 1517 1905 1556 quod
1921 1517 1945 1545 ii
1963 1517 2024 1556 ipsi

149 1568 238 1597 uarie
256 1568 430 1596 conlocant.
468 1567 571 1604 Quid,
591 1566 675 1604 quod
692 1567 762 1602 Mc,
789 1568 841 1606 qui
862 1579 931 1597 cum
950 1569 999 1598 La
1018 1574 1050 1598 et
1067 1574 1096 1605 ’ψ
1117 1569 1231 1598 honore
1251 1569 1367 1606 dignus
1391 1578 1478 1596 nemo
1498 1574 1542 1596 est
1561 1567 1684 1603 scribit,
1705 1575 1891 1605 proxumum
1910 1574 2024 1593 nomen

149 1615 302 1654 quidnam
321 1614 461 1643 omittit?
479 1614 573 1642 Unde
593 1613 669 1651 quid
687 1613 801 1642 certius
823 1615 937 1653 conligi
956 1621 1076 1655 potest,
1106 1625 1197 1655 quam
1215 1625 1310 1654 super
1330 1615 1482 1653 quidnam
1502 1625 1571 1644 cum
1590 1619 1671 1643 esset
1689 1613 1723 1642 in
1743 1613 1847 1651 aliquo
1867 1613 1937 1641 fam.
1957 1617 2023 1640 ter-

147 1662 210 1691 tiae
229 1662 336 1690 codice
354 1662 472 1700 posita,
492 1671 582 1700 quem
601 1662 655 1690 Mc
675 1661 858 1701 descripsit,
887 1663 1004 1692 factum
1025 1673 1108 1700 esse,
1127 1669 1179 1700 ut,
1207 1663 1241 1691 id
1259 1662 1343 1701 quod
1362 1663 1537 1691 sexcenties
1555 1661 1687 1697 factum,
1714 1670 1772 1699 pro
1793 1660 1926 1697 genuina
1944 1669 2022 1688 uoce

147 1709 247 1748 glossa
264 1709 484 1747 reciperetur?
502 1709 611 1747 Itaque
629 1719 685 1747 ego
704 1719 769 1738 non
789 1709 945 1746 dubitaui,
965 1711 1061 1740 uerba
1081 1717 1126 1741 est
1145 1711 1260 1740 lzonore
1281 1711 1392 1739 eicere.
1431 1710 1540 1749 Neque
1559 1719 1634 1738 uero
1655 1707 1870 1743 uerendumst,
1898 1712 1934 1736 ut
1954 1707 2022 1735 cui-

146 1767 236 1795 quam
256 1757 372 1795 dignus
390 1756 478 1785 nullo
498 1756 603 1785 addito
623 1757 759 1785 ablatiuo
778 1766 842 1785 non
867 1762 953 1786 recte
981 1758 1099 1787 dictum
1124 1759 1276 1787 uideatur.
1295 1758 1505 1787 ‘Praecedunt
1531 1756 1615 1785 enim
1634 1764 1788 1795 proxume
1808 1754 1881 1782 haec
1908 1755 2021 1783 uerba:

145 1806 192 1833 sic
206 1805 343 1842 populns
360 1804 520 1833 Romanus
539 1805 652 1843 deligit
671 1805 895 1842 magistratus,
927 1808 1020 1844 quasi
1038 1808 1085 1835 rei
1098 1806 1247 1844 publicae
1266 1808 1392 1841 uilicos,
1422 1807 1454 1833 in
1474 1803 1586 1841 quibus
1604 1805 1633 1832 si
1651 1813 1730 1842 quae
1744 1807 1939 1839 praelereast
1958 1811 2021 1836 ars,

137 1851 241 1890 facile
256 1853 396 1889 patitur,
414 1853 465 1880 sin
484 1854 602 1888 minus,
622 1854 742 1881 uirtute
759 1861 864 1880 eorum
883 1857 914 1880 et
931 1853 1112 1882 innocentia
1131 1859 1293 1882 contentus
1312 1859 1376 1881 est:
1395 1856 1503 1889 quotus·
1522 1854 1605 1880 enim
1625 1853 1753 1889 quisque
1772 1849 1923 1885 disertus,
1943 1858 2020 1886 quo-

145 1904 197 1926 tus
216 1901 344 1938 quisque
362 1900 442 1927 iaris
456 1901 580 1936 peritus
601 1905 662 1935 est,
693 1905 728 1928 ut
748 1891 797 1928 eos
817 1910 973 1933 numereS,
993 1901 1049 1938 qui
1067 1902 1176 1929 uolunt
1196 1900 1283 1929 esse?
1310 1901 1396 1937 Quae
1417 1908 1487 1926 cum
1505 1897 1708 1937 praecedant,
1728 1900 1913 1934 apertumst‚
1932 1900 2018 1923 recte

145 1945 246 1974 solum
263 1955 377 1974 nomen
397 1946 513 1985 dignus
532 1956 598 1975 esse
616 1946 771 1985 positum,
791 1947 834 1976 ita
853 1951 890 1975 ut
909 1946 1116 1985 supplendum
1135 1946 1193 1985 sit,
1221 1949 1277 1987 qui
1295 1958 1315 1976 a
1326 1947 1443 1984 populo
1462 1947 1502 1974 R.
1522 1947 1727 1984 magistratus
1747 1943 1912 1981 deligatur.
1953 1942 2017 1970 Csr.

144 1992 238 2021 etiam
258 1992 382 2021 Sallust.
400 1994 436 2022 Β.
457 1993 523 2022 Cat.
544 1995 578 2023 C.
595 1994 653 2026 LI,
688 1995 742 2023 Set
761 1993 816 2022 ubi
834 1996 990 2032 inperium
1009 1995 1053 2024 ad
1071 1998 1201 2034 ignaros·
1220 1998 1307 2032 ciuis,
1327 2001 1385 2023 aut
1404 1995 1507 2022 minas
1525 1993 1618 2022 bonos
1632 1993 1795 2031 peruenit,
1814 1999 1926 2018 nouom
1945 1990 2017 2017 illut

143 2039 316 2076 exemplum
335 2039 375 2067 ab
394 2040 500 2078 dignis
525 2047 555 2070 et
574 2042 691 2071 idoneis
710 2041 755 2069 ad
771 2041 918 2079 indignos
937 2047 968 2070 et
986 2044 1091 2070 minus
1109 2043 1234 2071 idoneos
1253 2041 1454 2079 transfertur.

217 2087 407 2125 Ambigmm
425 2093 536 2126 autem,
556 2099 633 2128 quae
653 2089 743 2118 Tulli
761 2098 868 2117 manus
887 2088 994 2126 fuerit,
1012 2098 1080 2119 mea
1099 2090 1253 2119 sententia
1271 2093 1303 2118 ct
1322 2093 1368 2117 est
1387 2092 1419 2117 et
1438 2088 1499 2117 erit
1519 2088 1554 2117 C.
1574 2087 1703 2117 XXIII.
1724 2085 1752 2126 §.
1773 2085 1828 2122 56„
1848 2085 1902 2113 ubi
1922 2083 2013 2122 uolgo

139 2133 188 2163 sio
207 2134 370 2163 scribitur:

217 2192 407 2230 Quibuscum
425 2203 490 2229 me,
509 2195 644 2232 iudices,
660 2200 855 2234 pugnantem
873 2205 954 2224 meo
972 2206 1075 2226 more
1088 2196 1278 2234 pristino
1298 2203 1361 2222 non
1380 2194 1534 2224 uidebitis.

214 2249 338 2279 Nititur
364 2250 441 2280 haec
467 2252 620 2291 scriptura
645 2253 861 2291 plui-umorum
885 2254 957 2283 fam.
991 2255 1105 2284 tertiae
1130 2254 1271 2284 codicum
1306 2252 1508 2289 auctoritate5
1540 2261 1610 2281 nam
1638 2251 1699 2280 duo
1726 2254 1846 2280 tantum
1873 2247 2011 2277 eiusdem

139 2297 284 2335 familiae,
302 2299 357 2327 Ma
376 2303 408 2327 et
426 2299 483 2335 Le,
502 2309 561 2338 pro
581 2310 644 2328 meo
663 2311 746 2329 more
759 2303 898 2338 pristino
917 2302 1060 2332 scribunt
1079 2313 1144 2331 meo
1156 2302 1296 2340 pristino
1320 2310 1402 2329 more
1409 2311 1420 2335 ,⁴
1440 2305 1546 2329 contra
1566 2300 1593 2328 B
1612 2304 1643 2329 et
1662 2299 1689 2328 E
1710 2298 1826 2326 habent
1845 2307 1926 2325 more
1946 2305 2010 2324 meo

134 2346 291 2382 pristino,
317 2355 408 2384 quem
429 2346 570 2375 ordinem
590 2356 646 2385 ego
666 2347 790 2384 admisi,
818 2354 1017 2388 optumorum
1042 2351 1196 2380 librorum
1221 2347 1437 2377 auctoritatem
1462 2347 1649 2386 sequendam
1676 2345 1851 2374 arbita-atus.
1890 2343 2010 2372 [erum

138 2392 246 2430 quaeri
272 2398 391 2432 potest,
416 2404 491 2423 num
518 2405 582 2423 meo
607 2404 780 2433 pronomen
805 2406 822 2424 a
843 2396 951 2427 Tullio
978 2399 1019 2428 sit
1044 2399 1238 2438 profectum,
1268 2395 1353 2435 quod
1379 2400 1411 2424 et
1436 2395 1541 2424 abesse
1567 2394 1649 2423 salua
1675 2392 1828 2422 sententia
1853 2391 1953 2430 possit
1979 2395 2010 2419 et

136 2449 242 2479 uagam
260 2441 295 2470 111
314 2441 472 2471 codicibus
492 2441 595 2471 sedem
613 2440 734 2470 habeat.

1572 2494 1592 2519 7
