2185 2720
147 185 202 212 254

149 254 244 283 Sirim
256 251 355 282 forma
379 250 507 280 breuior
528 260 546 279 a
561 249 765 288 scriptoribus
785 248 934 287 prosaicis
955 256 1047 277 usur-

226 306 298 340 pata
319 300 380 330 168.
400 301 464 329 218.

150 349 277 378 sodales
297 347 348 386 qui
369 347 511 375 dicantur
530 345 687 374 LXXIV.

153 396 308 426 Sodalicia
328 396 416 434 quale
437 395 553 423 crimen
569 391 727 422 LXXIV.
757 391 795 419 de
810 390 928 420 iudicio
948 389 982 419 in
996 400 1048 419 so-

228 444 409 472 daliciorum
427 452 497 471 reos
519 441 688 470 constituto
703 438 861 468 LXXVI.
884 440 936 467 128
953 448 995 476 sq.
1015 437 1049 465 in

229 502 289 530 quo
310 491 428 519 iudices
449 490 569 519 editicii
588 488 766 518 iudicabant
785 485 958 516 LXXVII.
986 485 1052 513 ele—

229 539 272 567 cti
294 548 310 565 e
330 538 388 566 IV.
413 538 574 573 tribubus,
608 545 735 574 quarum
754 544 846 562 uuam
864 533 978 561 licebat
996 542 1050 562 reo

228 586 346 615 reicere
374 584 547 614 LXXVII.
577 584 637 612 124.
674 592 735 619 127.
767 582 804 610 de
823 590 924 620 poena
948 580 982 609 in
1001 590 1053 608 so—

230 633 340 662 dalicia
369 632 536 661 constituta
557 631 717 660 LXXIX.
743 629 897 669 quomodo
917 628 954 656 ab
985 638 1052 656 am-

230 682 297 710 bita
313 679 516 718 discreparint
523 679 681 708 LXXIV.
696 683 727 707 et
743 688 759 706 a
775 679 904 706 coitione
913 676 1052 705 LXXV.

157 730 296 758 Solidum
316 729 391 768 quid
409 727 562 766 significet
581 735 642 756 101.

157 778 282 806 Solaere
297 777 466 815 pecuniam
485 780 516 803 et
536 774 702 803 dissoluere
727 771 874 801 differunt
895 781 956 811 179.
992 772 1053 800 sol-

234 835 305 853 uere
325 824 363 852 ab
383 824 488 861 aliquo
509 822 583 860 quid
602 820 756 859 significet
775 820 841 849 245.

159 871 312 901 Sordidus
332 875 362 898 et
382 872 483 908 turpis
506 879 566 908 109.

159 921 232 948 Sors
251 918 288 946 de
308 918 574 946 administratione
593 916 773 956 prouinciae
795 915 857 953 175.
889 915 961 943 Sors
986 923 1056 943 mu-

235 971 333 994 tatum
351 965 385 993 in
398 965 472 1002 fors
491 964 552 992 244.

160 1014 289 1042 Sortilio
310 1013 459 1041 aedilicia
480 1012 542 1050 149.

163 1060 363 1090 Substantiua
381 1059 538 1095 uerbalia,
559 1058 671 1088 omisso
690 1057 874 1098 participio,
893 1056 927 1085 ui
947 1054 1059 1084 ablati-

237 1118 348 1137 uorum
368 1107 606 1146 consequent-iae
621 1117 655 1145 79
671 1117 713 1145 sq.
733 1104 886 1145 quomodo
907 1102 1059 1132 eiusmodi

237 1155 369 1185 ablatiui
389 1155 533 1183 soluendi
552 1155 615 1184 siut
633 1157 677 1184 80.

161 1204 326 1244 Suffragia
346 1204 508 1231 enucleata
527 1207 559 1231 et
577 1201 736 1231 eblandita
755 1200 855 1240 qualia
875 1199 937 1229 sint
956 1198 1001 1228 68.

162 1253 288 1280 Sumere
308 1255 339 1278 et
358 1259 466 1287 capere
486 1261 576 1279 arma
602 1249 754 1288 quomodo
781 1248 922 1277 differant
940 1247 996 1276 223
1014 1255 1057 1285 sq.

163 1300 324 1328 Summum
343 1298 378 1326 in
397 1297 486 1327 codd.
507 1298 705 1336 deprauamm
724 1298 757 1326 in
776 1307 866 1325 suum
885 1295 929 1324 61.

162 1347 243 1375 Sunt
262 1345 466 1385 praecedente
484 1353 529 1374 set
549 1346 696 1374 omissum
716 1344 802 1373 LIII.
822 1343 887 1373 214.

164 1395 359 1433 Supplicatio
378 1395 638 1431 magistratuum,
669 1393 788 1422 locutio
809 1390 920 1420 dubiae
940 1387 1060 1426 signifi-

239 1441 370 1470 cationis
390 1446 421 1470 et
439 1441 476 1470 ab
496 1441 720 1480 interpretibus
740 1439 879 1479 profecta
898 1439 933 1475 78
951 1446 996 1475 sq·

596 1498 635 1526 T.

169 1550 316 1584 Tantum,
343 1553 447 1576 tamen
467 1552 497 1576 et
517 1553 583 1575 tum
600 1544 770 1585 particulae
791 1555 807 1573 a
826 1542 963 1573 librariis
985 1551 1061 1571 con-

239 1595 326 1625 fusae
346 1595 408 1624 241.

167 1643 358 1681 Tarquinius
379 1643 503 1671 Priscus
523 1651 561 1670 an
582 1639 738 1680 Superbus
761 1638 802 1668 sit
821 1638 970 1668 feriarum
989 1637 1065 1667 lati-

242 1700 350 1720 narum
364 1695 470 1719 auctor
481 1699 516 1728 92
531 1699 573 1727 sq.

172 1740 311 1768 Tectores
337 1738 390 1777 qui
418 1737 480 1766 sint
509 1736 562 1765 166
588 1744 653 1775 sqq.
682 1745 790 1764 eorum
810 1743 881 1763 usus
901 1733 936 1762 in
957 1733 1064 1763 castris

245 1786 307 1816 168.
342 1785 463 1814 confusi
492 1792 561 1812 cum
588 1783 755 1813 textoribus
785 1782 847 1818 167.
875 1781 1020 1811 differunt
1048 1791 1066 1810 a

242 1833 445 1863 structoribus
468 1832 527 1861 168.

171 1884 317 1922 Tempus.
356 1881 411 1910 Ad
427 1885 546 1917 tempus
566 1878 640 1918 quid
659 1877 813 1917 significet
833 1877 894 1915 189.

174 1931 288 1959 Tenere
307 1928 352 1958 66.

171 1978 343 2006 Terentum
365 1984 424 2005 122.
457 1973 627 2003 Terentina
645 1972 745 2002 tribus
765 1972 837 2002 ibid.

175 2026 394 2054 Testimonium
413 2032 458 2061 91.

175 2073 313 2102 Thensae
331 2071 386 2099 203
406 2081 450 2109 sq.

173 2120 365 2158 Torquatus,
384 2117 422 2145 A.
442 2126 486 2156 99.

176 2167 376 2195 Tribuarium
395 2166 511 2193 crimen
532 2165 593 2202 139.
616 2164 773 2192 tribuaria
792 2173 841 2191 res
858 2171 918 2192 120.

176 2213 349 2245 Trebulam,
369 2210 502 2249 genitiui
521 2210 620 2240 forma
634 2212 765 2240 fortasse
779 2221 796 2239 a
812 2210 963 2239 Cicerone
974 2217 1068 2237 usur-

246 2265 318 2300 pata
341 2258 401 2289 136.

553 173 772 203 INDEX
809 171 1041 201 RERUM
1077 171 1154 201 ET
1195 170 1590 201 UERBORUM.

1110 246 1265 275 Tributim
1284 250 1465 284 corruptum
1484 245 1518 274 in
1537 246 1675 275 tribuum
1693 247 1738 286 94.

1106 293 1215 321 Tullia
1233 292 1286 321 lex
1305 293 1368 321 204.

1110 342 1187 369 Tam
1207 344 1238 368 ct
1258 345 1331 368 tune
1351 340 1476 369 confusa
1495 341 1624 372 XXVI.

1110 389 1224 425 Turpis
1244 392 1275 415 et
1293 388 1436 416 sordidus
1455 398 1516 427 109.

1109 435 1354 469 Tusculidarzcm,
1375 445 1440 463 uox
1458 436 1492 464 in
1511 436 1617 475 fragm.
1637 439 1739 469 Lucil.
1759 442 1935 480 reponenda
1955 445 1999 473 85.

1111 482 1280 512 Tusculani
1300 482 1519 513 maleuolentes
1536 486 1580 515 85.
1599 488 1644 524 89.

1110 628 1262 665 Uaccaei,
1283 627 1452 667 Hispaniae
1471 637 1543 666 gens
1563 630 1616 658 208
1636 638 1679 667 sq.

1110 677 1239 706 Uatinia
1258 676 1311 705 lex
1332 684 1393 705 120.

1111 725 1256 754 Uatinius
1276 728 1447 753 accussatus
1459 723 1597 752 LXVII.
1616 723 1759 753 defensus
1773 725 1950 756 aCicerone
1970 728 2003 757 in

1186 783 1291 801 caussa
1321 771 1538 801 sodaliciorum
1567 773 1626 800 125.
1661 772 1781 811 quando
1810 785 1827 803 a
1853 774 2004 806 Cicerone

1187 821 1329 850 defensus
1348 820 1389 849 sit
1407 819 1553 848 LXVIII
1572 830 1614 859 sq.
1640 820 1692 850 lex
1711 821 1747 850 ab
1768 832 1804 850 eo
1824 822 1885 852 lata
1906 834 1968 856 120.

1119 869 1177 899 Ubi
1196 869 1229 897 in
1249 867 1543 906 interrogationibus
1563 868 1675 897 omisso
1695 870 1790 898 uerbo
1813 879 1874 909 109.

1112 917 1282 946 Ucientina
1300 915 1399 944 tribus
1419 925 1582 953 numquam
1602 926 1618 943 a
1637 922 1712 945 uett.
1731 924 1896 948 memorata
1919 922 1979 950 123.

1119 966 1176 994 Uel
1193 969 1224 993 et
1243 970 1273 991 et
1290 972 1354 991 non
1374 962 1501 990 confusa
1520 973 1536 990 a
1555 963 1690 993 librariis
1715 965 1773 995 125.

1119 1012 1269 1041 Uenditor
1288 1010 1388 1039 tribas
1410 1018 1471 1039 122.
1492 1010 1553 1046 137.

1113 1060 1291 1089 Uerborum
1309 1058 1425 1087 formae
1445 1058 1605 1086 breuiores
1631 1069 1648 1088 a
1667 1060 1818 1089 Cicerone
1845 1069 2007 1103 usurpatae

1191 1106 1254 1136 168.
1273 1108 1339 1136 218.

1113 1154 1289 1193 Uergilius,
1315 1153 1366 1190 C.,
1391 1157 1516 1192 praetor
1540 1153 1595 1183 235
1622 1163 1665 1193 sq.
1705 1154 1742 1183 de
1768 1156 1922 1197 scriptura
1949 1170 2008 1190 no-

1189 1201 1283 1231 minis
1307 1202 1428 1240 Uergili
1446 1200 1521 1229 ibid.

1121 1251 1201 1280 Uero
1218 1254 1253 1278 et
1271 1259 1333 1278 non
1349 1249 1385 1277 in
1406 1248 1492 1278 codd.
1514 1249 1640 1278 confusa
1659 1250 1854 1281 XXXVIII.

1122 1299 1202 1328 Uero
1227 1301 1260 1326 et
1283 1307 1390 1326 uerum
1416 1296 1585 1336 particulae
1605 1297 1830 1337 distinguendis
1849 1306 2010 1335 sententiis

1192 1345 1369 1375 inseruiunt
1390 1353 1452 1384 191.

1123 1396 1236 1425 Uestru
1255 1397 1286 1423 et
1305 1399 1411 1422 nost-ra
1428 1393 1463 1421 in
1483 1392 1570 1422 codd.
1589 1398 1761 1432 permutata
1781 1397 1855 1432 1142

1123 1445 1270 1473 Uetustas
1289 1440 1437 1478 singulari
1456 1440 1680 1478 significatione
1697 1442 1763 1479 237.

1117 1490 1271 1521 Ufentina
1289 1489 1389 1519 tribus
1411 1488 1473 1517 123.

1119 1538 1234 1567 Uibius
1255 1536 1342 1565 Sicca
1361 1537 1424 1575 239.

1126 1587 1278 1616 Uidelicet
1295 1585 1355 1615 185.
1373 1587 1581 1622 permutatum
1601 1592 1670 1612 cum
1689 1585 1806 1613 iudice-s
1827 1587 1902 1618 ibid.

1126 1635 1238 1664 Uidere
1257 1634 1390 1671 aliquem
1409 1633 1528 1661 saluom
1547 1632 1624 1660 uelle
1642 1636 1727 1660 recte
1747 1632 1863 1663 dicitur
1882 1635 1926 1665 61.

1127 1682 1249 1720 Uigilia
1268 1682 1331 1709 230.
1361 1680 1395 1708 in
1416 1680 1504 1709 codd.
1523 1684 1704 1718 corruptum
1724 1680 1757 1709 in
1778 1682 1921 1720 iugulum
1938 1685 2014 1714 ibid.

1128 1730 1223 1758 Uilici
1241 1730 1287 1757 rei
1302 1728 1447 1766 publicae
1468 1727 1528 1756 168.
1571 1728 1689 1755 Uilicus
1714 1737 1752 1756 an
1781 1729 1913 1758 Uillicus
1937 1733 2014 1762 scri-

1196 1776 1330 1805 bendum
1351 1775 1391 1803 sit
1413 1774 1466 1804 168
1485 1784 1527 1812 sq.

1125 1824 1199 1853 Uiri
1219 1823 1302 1853 docti
1322 1834 1339 1852 a
1357 1822 1535 1861 municipiis
1555 1821 1662 1850 Italiae
1682 1821 1808 1852 ciuitate
1828 1823 1931 1855 donati
1952 1830 1996 1858 88.

1131 1873 1240 1901 Uitam
1259 1872 1346 1900 edere
1364 1873 1426 1901 228.

1131 1921 1216 1949 Unus
1235 1918 1412 1948 adiunctum
1432 1917 1621 1957 superlatiuo
1641 1916 1705 1946 236.
1725 1918 1779 1956 239
1798 1929 1840 1958 sq.

1132 1969 1219 1996 Unus
1239 1978 1291 2005 ego
1311 1973 1342 1996 et
1362 1977 1415 2006 ego
1434 1976 1516 1994 unus
1536 1965 1681 1994 differunt
1703 1966 1763 2002 157.

1125 2015 1269 2044 Uoltinia
1287 2015 1387 2044 tribus
1409 2022 1459 2043 122
1478 2023 1520 2052 sq.

1127 2063 1282 2092 Uoluntas
1299 2062 1345 2101 (in
1364 2072 1430 2091 rem
1448 2061 1493 2101 p.)
1515 2061 1574 2090 114.

1130 2111 1210 2139 Uota
1230 2116 1261 2139 et
1278 2112 1380 2139 omina
1400 2109 1562 2138 coniuncta
1581 2119 1641 2148 quo
1663 2120 1753 2140 sensu
1773 2111 1912 2145 XLVII.

1128 2160 1244 2197 Urget-e
1262 2158 1382 2187 rariore
1401 2163 1554 2186 structura
1575 2157 1619 2186 64.

1130 2207 1173 2235 Us
1193 2206 1312 2245 syllaba
1331 2205 1431 2234 finalis
1451 2215 1541 2244 saepe
1559 2205 1593 2234 in
1615 2206 1700 2234 codd.
1721 2207 1838 2237 excidit
1864 2210 1927 2240 240.

1130 2254 1173 2282 Ut
1192 2253 1364 2292 significans
1379 2255 1482 2292 posito
1501 2253 1545 2283 68.
1565 2253 1709 2283 iteratum
1729 2255 1792 2284 231.
