2185 2720
141 127 273 156 LXXX
804 126 1332 155 PROLEGOMENA.

139 209 248 239 patres
267 207 407 229 auctores
427 211 487 229 non
507 207 597 229 erant
614 199 723 238 facti;
755 210 839 228 nune
854 202 1034 238 postulatur
1053 211 1073 228 a
1095 201 1180 229 nohis
1200 199 1397 239 (iudicibus),
1432 208 1466 229 21!
1487 205 1551 230 eius
1579 206 1718 241 exilio,
1745 207 1800 239 qui
1819 211 1941 234 ercam-s·
1960 208 2011 240 sil,

144 250 293 276 iudicium
311 250 423 285 populi
442 250 577 276 Romani
595 248 834 285 reprehendatis.
874 248 949 276 Illut
968 248 1136 284 incertum,
1164 253 1238 286 quot
1257 258 1406 276 annorum
1427 249 1558 277 exilium
1578 250 1681 278 suerit.
1720 240 1824 290 Atque
1845 263 1912 281 011111
1934 263 2010 281 con-

143 300 265 333 pertum
286 295 466 329 habeamus,
495 295 561 332 lege
582 295 705 329 Tullia,
733 295 785 333 qui
806 295 937 322 ambitus
959 295 1092 323 damnati
1122 300 1237 331 essent,
1265 295 1360 322 exilio
1381 295 1541 324 decennali
1561 296 1707 324 multatos
1727 307 1807 335 csse,
1843 300 1880 327 de
1900 310 1958 338 qua
1979 309 2014 328 re

144 342 216 370 uide
237 352 313 379 (111110
340 342 371 369 111
393 342 509 369 comm.
530 341 566 369 ad
595 342 628 370 C.
649 342 812 370 XXXIV.
839 340 865 380 §.
887 342 931 370 83.
959 342 1102 371 adnotata
1120 348 1207 378 sunt,
1237 347 1328 370 erunt
1354 343 1500 379 sortasse,
1527 344 1580 381 (1111
1601 344 1786 373 atrociorem
1805 345 1917 374 debere
1936 356 2014 385 poe-

145 399 215 418 nam
234 390 379 417 aduersus
400 399 468 424 005,
496 389 549 427 (1111
568 389 786 417 sodaliciorum
815 388 951 417 conuicti
979 396 1098 426 essent,
1126 391 1278 418 decretam
1307 400 1372 417 esse
1392 391 1494 418 statui.
1534 390 1652 418 Uerum
1680 401 1860 429 quamquam
1878 393 2013 421 ‘maioris

145 437 292 465 facinoris
308 446 379 464 reus
400 436 576 474 putabatur,
597 437 650 474 qui
671 437 707 464 de
727 435 883 463 sodaliciis
903 446 992 473 quam
1013 438 1065 474 qui
1087 437 1123 464 (10
1143 437 1260 465 ambitu
1281 437 1503 473 accussabatnr,
1522 442 1623 466 tamen
1644 447 1699 474 ego
1720 448 1784 466 11011
1804 438 1922 474 dubito,
1941 440 2016 477 quin

145 484 280 511 atrocior
301 494 416 521 poena,
443 494 531 521 quain
552 484 693 521 profecto
714 482 933 510 sodaliciorum
953 483 999 511 rei
1019 484 1193 519 merebant,
1222 484 1254 512 in
1275 484 1433 512 acerbiore
1454 485 1589 521 iudicio,
1619 485 1700 523 quod
1721 485 1754 513 in
1775 495 1827 513 eos
1848 486 2016 513 exorceba-

146 536 213 565 tur,
233 531 335 568 posita
354 530 458 559 fucrit.
497 531 650 558 Acerbius
671 535 771 558 autem
792 529 850 557 hoc
871 529 1020 558 iudicium
1041 536 1105 558 erat
1125 535 1305 569 propterea,
1333 531 1414 569 quod
1434 541 1450 558 a
1470 531 1642 567 iudicibus,
1675 542 1750 570 quos
1771 533 1854 561 solus
1875 543 2014 562 accussa—

146 584 196 606 tor
217 589 256 606 ex
276 578 374 606 tribus
395 578 537 606 tribubus
558 578 727 614 delegerat,
756 576 974 611 exercebatur,
1001 588 1069 606 cum
1091 578 1127 605 de
1148 578 1264 606 ambitu
1284 578 1413 606 reiectio
1434 578 1503 606 fieri
1523 578 1659 606 iudicum
1682 579 1869 609 alternorum
1891 581 2015 616 soleret,

146 626 277 663 ideoque
298 625 429 653 ambitus
449 625 495 653 rei
515 625 611 652 multo
640 624 761 652 facilius
789 634 878 661 quam
905 624 958 661 qui
985 624 1022 651 de
1049 624 1204 652 sodaliciis
1231 625 1381 663 postulati
1409 630 1497 655 erant
1527 626 1652 654 defendi
1679 631 1709 656 et
1735 627 1855 658 absolui
1879 632 2014 668 possent.

148 672 212 701 Cfr.
234 683 277 702 or.
298 673 401 702 Plane.
423 671 457 701 C.
477 671 553 700 XV.
574 671 602 712 §.
622 671 667 701 36.
688 671 794 710 ibique
814 670 968 709 interpres
987 671 1220 701 Ambrosianus.

964 901 992 935 C
1011 899 1042 935 A
1057 902 1097 936 P.
1138 902 1202 937 IV.

403 1000 469 1028 DE
504 997 851 1029 ROMANORUM
886 998 1130 1029 COMITIIS
1170 998 1442 1029 AEDILIUM
1476 999 1768 1031 CURULIUM.

227 1124 305 1153 Cum
324 1123 443 1163 aliquot
463 1123 612 1154 orationis
632 1124 815 1154 Plancianae
842 1122 928 1152 locos
949 1133 1014 1152 esse
1041 1123 1203 1160 uidissem,
1236 1134 1366 1162 quorum
1385 1124 1438 1163 (1111
1458 1134 1564 1153 sensus
1585 1129 1681 1161 esset,
1706 1124 1768 1153 nisi
1789 1124 1856 1164 quis
1876 1123 2020 1153 comitio-

151 1182 220 1200 rum
240 1171 407 1207 rationem,
428 1182 504 1210 quae
526 1173 686 1201 Ciceronis
706 1170 898 1209 temporibus
925 1171 1077 1200 aedilibus
1106 1172 1265 1200 curulibus
1286 1172 1424 1200 creandis
1444 1171 1549 1200 habita
1568 1177 1686 1208 essent,
1714 1177 1907 1211 perspectam
1924 1171 2022 1200 habe-

150 1225 218 1255 ret,
239 1219 294 1248 uix
313 1224 417 1258 posset
437 1219 593 1257 intellegit:
615 1229 651 1247 eo
672 1218 772 1247 minus
794 1218 934 1247 dubitaui
955 1219 1103 1256 singulari
1125 1218 1349 1254 dissertatione,
1369 1230 1458 1257 quam
1478 1219 1707 1258 Prolegomenis
1727 1220 1905 1255 insererem,
1924 1223 2022 1247 totam

150 1267 238 1295 illam
257 1277 321 1295 rein
342 1271 491 1302 tractare,
517 1277 577 1305 quo
598 1267 709 1304 magis,
735 1265 789 1305 qui
808 1270 913 1294 nostra
932 1271 1030 1294 aetate
1051 1267 1088 1295 de
1108 1267 1162 1295 illa
1182 1266 1398 1304 antiquitatum
1418 1267 1627 1296 Romanarum
1644 1273 1732 1306 parte
1752 1267 1958 1306 scripserunt,
1986 1264 2024 1294 ad

151 1316 242 1344 falsas
263 1314 340 1343 mihi
361 1314 507 1343 uidentur
528 1314 691 1353 opiniones
711 1313 790 1351 lapsi
819 1323 893 1342 esse.
932 1314 1044 1352 Neque
1071 1314 1152 1342 enim
1173 1313 1224 1352 qui
1250 1314 1428 1342 nouissume
1455 1315 1492 1343 de
1512 1315 1723 1343 Romanorum
1749 1314 1883 1343 comitiis
1909 1323 2023 1342 uerna-

154 1363 223 1390 cula
242 1362 344 1398 lingua
364 1361 524 1398 exposuit,
552 1361 666 1390 Christ.
687 1361 778 1389 Ferd.
800 1360 982 1396 Schulzius,
1009 1370 1109 1399 neque
1130 1360 1182 1399 qui
1202 1371 1282 1389 anno
1303 1361 1466 1399 superiore
1485 1361 1606 1390 demum
1626 1362 1663 1389 de
1683 1362 1894 1390 Romanorum
1912 1361 2025 1390 aedili-

153 1410 209 1437 bus
232 1413 377 1446 quattuor
396 1408 581 1446 conscripsit
600 1409 713 1445 libros,
742 1407 828 1436 Frid.
852 1408 1040 1436 Guilielmus
1061 1408 1266 1444 Schubertus,
1298 1407 1332 1436 in
1351 1407 1406 1436 hac
1432 1419 1466 1437 re
1493 1409 1675 1448 exponenda
1698 1409 1839 1448 priorum
1863 1409 2026 1438 hominum

153 1457 315 1484 doctorum
336 1465 455 1484 errores
477 1460 699 1491 correxerunt,
727 1461 790 1491 set,
817 1465 925 1483 uerum
945 1456 971 1483 si
991 1455 1082 1484 fateri
1102 1456 1261 1491 uolumus,
1288 1465 1305 1483 a
1324 1465 1412 1491 uera,
1439 1466 1515 1494 quae
1535 1467 1552 1484 a
1571 1456 1702 1484 Nicolao
1725 1456 1864 1490 Gruchio
1885 1457 2027 1495 aliisque,

154 1503 208 1541 qui
229 1513 298 1530 011111
318 1502 417 1530 secuti
437 1508 539 1539 erant,
572 1502 632 1530 iam
654 1507 821 1531 monstrata
840 1507 922 1538 erat,
951 1503 1002 1531 uia
1021 1503 1126 1531 nescio
1153 1503 1306 1542 quomodo
1334 1503 1534 1532 uehementer
1559 1504 1748 1532 aberrarunt.
1787 1503 1898 1542 Neque
1922 1509 2027 1533 tamen

154 1549 452 1585 (1155111111]1111(11111151ἓ1
480 1550 624 1588 quosdam
644 1551 853 1579 recentiorum
872 1550 1033 1579 hominum
1054 1551 1215 1579 doctorum
1235 1561 1354 1580 errores
1382 1552 1532 1580 refutatos
1558 1555 1642 1580 recte
1662 1551 1698 1578 ab
1720 1550 1842 1579 Orellio
1863 1561 1945 1588 esse,
1972 1551 2028 1590 qui

155 1597 303 1635 singulari
324 1607 472 1632 excursu,
499 1607 588 1635 quem
609 1597 741 1626 editioni
761 1609 832 1627 suae
852 1598 999 1627 orationis
1019 1598 1200 1626 Plancianac
1220 1599 1352 1634 addidit,
1384 1599 1457 1627 illut
1475 1598 1637 1637 probauit,
1664 1598 1747 1636 quod
1766 1608 1839 1627 uere
1858 1598 1919 1627 iam
1940 1598 2026 1628 Gru-

157 1645 244 1673 ehius
264 1644 378 1682 aliique
398 1648 586 1680 statuerant,
613 1645 739 1673 tributis
761 1646 894 1674 comitiis
914 1646 1022 1674 aedilis
1049 1646 1166 1675 curulis
1192 1651 1308 1675 creatos
1336 1656 1410 1674 esse.
1448 1645 1567 1674 Uerum
1593 1655 1661 1673 011111
1680 1654 1744 1671 11011
1763 1644 1839 1672 haec
1858 1645 1957 1673 solum
1976 1655 2027 1674 res

157 1698 355 1722 controuersa
376 1696 406 1719 et
425 1690 516 1728 plena
537 1691 735 1719 dissensionis
755 1691 838 1721 inter
865 1692 1005 1722 homines
1033 1693 1139 1722 doctos
1168 1699 1262 1730 esset,
1297 1704 1372 1732 quae
1393 1693 1518 1722 comitia
1537 1692 1689 1721 aedilibus
1709 1692 1867 1720 curulibus
1887 1693 2027 1722 creandis

156 1740 263 1768 habita
284 1743 393 1773 essent,
414 1742 461 1765 set
478 1737 549 1766 illut
573 1748 693 1777 quoque
713 1739 875 1775 incertum,
896 1750 912 1767 a
929 1751 989 1778 quo
1011 1741 1199 1778 magistratu,
1219 1751 1279 1778 quo
1301 1746 1448 1780 tempore,
1468 1747 1500 1770 et
1519 1752 1579 1780 quo
1599 1740 1668 1768 loco
1690 1744 1791 1767 essent
1802 1739 1916 1777 habita,
1936 1741 2026 1769 deni-

159 1798 217 1826 que
232 1798 305 1815 1111111
325 1785 421 1814 15(10111
441 1785 575 1813 comitiis
595 1785 709 1813 aediles
730 1786 851 1814 curules
873 1792 904 1815 et
923 1788 1037 1816 aediles
1057 1788 1173 1826 plebeii
1194 1788 1289 1816 creati
1311 1794 1418 1825 essent,
1439 1798 1603 1826 earumque
1623 1797 1727 1815 rerum
1742 1787 1878 1816 omnium
1895 1789 2027 1817 scientia

159 1846 227 1864 cum
247 1845 303 1873 per
325 1843 356 1865 se
376 1833 464 1862 utilis
485 1838 550 1861 tum
571 1833 608 1861 ad
627 1833 867 1870 intellegendam
888 1835 1059 1864 orationem
1079 1836 1274 1864 Plancianam
1293 1846 1390 1875 paene
1410 1836 1580 1864 necessaria
1600 1835 1777 1863 uideretur:
1799 1834 1836 1862 de
1855 1835 1894 1863 iis
1914 1835 1956 1864 ita
1975 1835 2027 1865 hic

159 1884 331 1921 disceptare
358 1881 499 1916 decreui,
531 1886 566 1909 ut
589 1890 665 1918 quae
692 1886 778 1909 recte
798 1886 899 1909 essent
918 1882 954 1909 ab
976 1882 1097 1911 Orellio
1127 1883 1223 1919 dicta,
1255 1888 1428 1922 repeterem
1457 1881 1830 1922 dissertationique'meae
1849 1882 2027 1920 insererem,

160 1940 237 1970 quae
265 1938 367 1963 secus,
402 1928 557 1965 corrigere
584 1929 738 1956 studerem
767 1928 866 1966 iisque
893 1929 1052 1966 adderem,
1090 1940 1166 1968 quae
1194 1940 1320 1968 prorsus
1347 1941 1364 1958 11
1390 1931 1458 1959 uiro
1487 1931 1672 1959 doctissumo
1699 1929 1825 1957 silentio
1853 1931 2028 1961 transmissa

161 1982 270 2006 essent.
310 1976 455 2004 Attamen
475 1985 514 2002 ne
534 1976 601 2012 quis
623 1976 731 2004 omissa
752 1986 768 2003 a
787 1986 835 2003 me
856 1981 1017 2014 queratur,
1051 1987 1126 2015 quae
1147 1977 1183 2005 ad
1203 1977 1298 2013 hanc,
1330 1988 1418 2016 quam
1438 1977 1577 2013 institui,
1612 1977 1821 2015 quaestionem
1839 1977 2028 2015 pertineant,

160 2023 345 2055 monendum
366 2022 511 2057 denuost,
531 2023 564 2050 id
583 2028 701 2051 tantum
721 2022 800 2050 mihi
821 2024 1016 2062 propositum
1035 2024 1140 2060 fuisse,
1159 2029 1194 2052 ut
1215 2035 1290 2063 quae
1311 2025 1517 2061 comitiorum,
1537 2024 1687 2052 aedilibus
1709 2023 1869 2052 curulibus
1889 2025 2027 2054 creandis

160 2073 352 2105 habitorum,
384 2070 464 2099 ratio
491 2070 612 2098 saeculo
639 2075 779 2109 septumo
807 2075 879 2110 post
906 2082 936 2100 11.
965 2082 990 2100 0.
1018 2076 1049 2101 et
1076 2071 1204 2100 ineunte
1231 2077 1340 2101 octauo
1371 2072 1484 2109 fucrit,
1519 2082 1607 2111 quam
1632 2082 1756 2111 possem
1785 2071 2026 2110 diligentissume

161 2128 358 2160 exponerem.

1054 2191 1081 2234 §.
1107 2200 1134 2226 1.

411 2255 531 2297 Quae
553 2254 736 2289 comitia
765 2257 990 2290 aedilibus
1012 2256 1244 2290 curulibus
1276 2256 1478 2289 creandis
1501 2257 1653 2289 habita
1674 2257 1776 2289 sint.

235 2335 426 2371 Quamquam
445 2330 548 2361 nullus
568 2337 708 2362 ueterum
728 2333 930 2371 scriptorum,
951 2333 1032 2372 quod
1053 2333 1162 2369 sciam,
1183 2333 1297 2362 diserte
1317 2332 1462 2369 tradidit,
1492 2334 1602 2372 quibus
1623 2333 1772 2368 comitiis,
1791 2331 1970 2360 centuriatis
1989 2342 2027 2360 an

160 2383 302 2417 rssbutis,
329 2381 442 2409 aediles
469 2380 591 2408 curules
619 2379 715 2408 creari
743 2381 806 2408 sint
834 2381 935 2416 soliti,
973 2386 1074 2409 tamen
1103 2386 1188 2410 certo
1216 2390 1255 2408 ex
1283 2380 1449 2410 eorundem
1476 2381 1602 2420 scriptis
1630 2379 1733 2409 doceri
1758 2384 1878 2418 potest,
1911 2379 2028 2408 tributa

161 2430 286 2458 comitia
305 2428 443 2457 creandis
464 2426 614 2455 aedilibus
634 2424 794 2457 curulibus
814 2426 918 2455 habita
937 2436 1011 2455 esse.
