2185 2720
136 148 199 176 LX
807 139 1338 170 PROLEGOMENA.

138 224 236 252 nn'nus
259 220 432 256 ferendum,
454 228 566 247 nouam
579 217 759 246 sententiam
774 215 919 245 inchoare
941 227 1038 255 posse,
1059 218 1244 246 εὶς-,1011111111
1267 220 1352 254 patet
1372 215 1422 244 hic
1442 222 1471 245 te
1491 217 1570 246 ferri
1585 227 1681 256 posse,
1699 219 1724 248 si
1746 215 2010 260 ὄρθοτονοῦμενον

135 274 187 301 sit.
226 271 324 309 Atqui
343 268 517 298 istiusmodi
538 277 709 306 pronomen
729 277 746 294 a
765 267 918 295 sententia
937 266 1030 295 huius
1049 266 1111 295 loci
1132 265 1384 303 alicnissumum,
1412 266 1446 294 in
1465 276 1526 304 quo
1547 276 1617 294 cum
1635 273 1723 305 pater
1741 269 1814 298 filiis
1834 270 1897 298 suis
1918 280 2010 308 prae-

137 325 227 358 cepta
246 319 298 346 det
318 326 430 354 cosque
450 315 487 342 ad
506 315 644 343 laborem
665 319 696 341 et
715 313 752 341 ad
772 313 893 341 laudem
913 314 1045 349 excitet,
1079 323 1180 352 neque
1205 312 1243 340 ad
1261 322 1357 340 unum
1377 312 1582 351 potissumum
1602 314 1773 343 orationem
1800 321 1902 354 potest
1931 327 2009 346 con-

137 372 278 399 uertere,
298 373 414 400 neque,
439 361 523 400 quod
542 366 761 395 maxumumst‚
790 370 886 388 unum
913 360 1002 390 illum
1029 362 1073 390 sic
1103 359 1299 398 conpellare,
1328 369 1362 387 ac
1388 359 1414 390 si
1441 360 1474 389 id
1500 360 1601 399 ipsum
1621 360 1730 396 faciat,
1763 362 1845 400 quod
1862 373 1925 391 non
1945 373 2012 392 esse

137 413 314 443 faciundum
348 410 381 437 iu
417 409 596 437 uniuersum
630 413 750 436 tantum
783 406 903 435 moneri
935 414 1068 445 poterat,
1120 408 1192 438 Huc
1225 406 1486 444 accedit2‘quod
1521 414 1550 436 te
1582 417 1756 447 pronomen
1789 407 1823 436 in
1855 409 2012 438 Sestianae

137 459 287 489 orationis
312 457 382 485 1000
409 456 505 484 editio
531 455 742 493 Hernagiana‚
790 465 879 492 quam
913 464 954 482 ex
988 455 1111 493 egregio
1146 453 1253 482 codice
1280 457 1378 481 ortam
1405 453 1533 491 scimus,
1560 456 1613 494 qui
1632 464 1723 494 saepe
1749 455 1886 493 reliquos
1913 456 2012 484 omnis

137 504 325 545 praestantia
344 504 515 532 lectionum
544 507 685 540 superat,
710 501 843 536 omittit,
878 500 912 529 111
940 500 1001 530 1100
1027 508 1128 530 autem
1154 499 1337 529 Plancianae
1356 499 1426 529 loco
1447 510 1537 530 nemo
1557 512 1665 532 eorum
1685 501 1827 530 codicum
1847 501 2023 539 adgnoscit,-

137 554 191 592 qui
221 552 386 590 diligenter
413 549 547 578 consulti
573 554 645 576 sunt
672 553 705 576 et
729 548 769 576 ad
789 547 1007 576 emendandam
1029 547 1118 576 Tulli
1145 557 1267 576 manum
1294 546 1412 585 aliquid
1438 549 1587 577 momenti
1606 548 1730 577 habent.
1768 548 1875 587 Itaque
1895 549 2016 578 nullum

136 600 282 629 relictum
302 597 464 626 dubitandi
484 596 586 624 10011111
605 594 757 630 arbitror,
776 594 852 633 quin
872 593 949 623 haee
969 594 1066 624 suerit
1084 594 1154 624 Atti
1173 593 1336 634 scriptura,
1356 604 1447 633 quam
1465 599 1497 624 et
1516 595 1684 626 uerborum
1701 595 1858 624 sententia
1877 600 1909 624 et
1926 596 2016 625 codi—

138 657 208 676 cum
228 645 394 676 auctoritas
416 649 536 673 tuetur:

303 723 360 776 sd,
381 741 463 779 quod
480 741 571 768 multi
591 739 755 768 inuicleant
774 739 926 775 multique
945 739 1109 777 e'xpetant,
1128 740 1286 770 inscitiasc

303 790 487 821 postulare,
507 788 536 816 si
553 787 691 815 laborem
709 787 829 815 samma
848 798 920 815 cum
937 797 1015 816 cura
1035 787 1156 826 deferas

306 836 450 864 LVzillum.

218 907 376 938 Continuo
397 907 470 935 sslut
488 911 574 944 patet
594 915 668 934 uere
687 916 704 934 a
723 905 850 934 Nobbio
871 906 1023 935 monitum
1043 916 1118 943 esse,
1137 913 1184 936 set
1202 907 1396 946 particulam,
1415 908 1449 937 in
1469 909 1610 938 oratione
1634 906 1772 937 Sestiana
1790 912 1860 936 ante
1880 907 1917 936 id
1932 906 2020 946 posi-

142 963 220 992 tam,
247 955 404 990 Tullium,
431 963 493 981 non
513 952 635 981 Attium
655 953 813 981 adiecisse.
851 952 963 991 Neque
982 964 1059 982 uero
1087 954 1121 983 id
1139 964 1178 982 ex
1198 964 1235 983 eo
1254 956 1354 984 solum
1373 956 1583 994 intellegitur,
1610 954 1693 994 quod
1712 959 1845 984 menum
1863 964 1900 983 ea
1917 954 2022 983 addita

142 1002 374 1042 pessumdatur,
400 1005 447 1029 set
466 1000 558 1028 etiam
579 1000 669 1036 inde,
696 1000 779 1038 quod
799 1000 833 1028 in
853 1000 994 1029 oratione
1012 1001 1194 1038 Planciana,
1224 1002 1281 1030 ubi
1300 1003 1386 1031 nulla
1405 1008 1471 1032 erat
1490 1014 1610 1039 caussa,
1643 1011 1698 1030 cur
1716 1002 1787 1030 Atti
1806 1002 1902 1031 uerba
1920 1006 2024 1030 muta·

143 1055 267 1084 rentur,
301 1058 364 1076 11011
384 1054 427 1076 set
447 1051 517 1075 aute
543 1047 578 1074 id
601 1047 703 1085 posita
730 1051 823 1074 extat.
863 1046 970 1085 Itaque
990 1053 1075 1076 certo
1096 1049 1212 1077 certius
1232 1054 1296 1085 cst,
1324 1050 1432 1078 eodem
1452 1050 1562 1086 modo,
1588 1060 1648 1088 quo
1668 1049 1703 1077 in
1723 1049 1864 1078 oratione
1884 1049 2023 1078 Sestiana

141 1103 188 1125 set
213 1095 397 1134 particulam
417 1094 486 1122 Atti
513 1094 618 1122 uerbis
648 1094 773 1122 Tullius
800 1093 999 1132 praefixerit,
1026 1096 1059 1124 in
1087 1097 1228 1125 oratione
1255 1096 1420 1124 Planciana
1445 1107 1545 1125 nonne
1571 1096 1784 1136 praepositum
1809 1105 1883 1125 esse.
1920 1095 2024 1131 Addo,

143 1143 265 1172 etiamsi
286 1146 385 1170 metro
406 1141 538 1169 adiectio
560 1152 660 1169 nonne
679 1140 850 1179 particulae
870 1150 934 1169 non
955 1142 1188 1180 aduersaretur,
1216 1148 1318 1172 tamen
1337 1154 1353 1171 a
1373 1154 1464 1172 5011511
1482 1143 1651 1172 uerborum
1670 1143 1741 1172 Atti
1761 1153 1826 1171 eam
1846 1143 2030 1179 abhorrere,

142 1201 212 1219 011111
236 1190 377 1228 ineptum
405 1189 462 1224 sit,
489 1193 626 1227 patrem,
653 1188 706 1225 qui
731 1187 806 1215 filiis
825 1194 990 1227 praecepta
1016 1189 1084 1226 det,
1112 1190 1288 1218 istiusmodi
1308 1190 1510 1227 sententiam,
1531 1191 1629 1229 qualis
1649 1195 1696 1218 est
1715 1200 1792 1229 quae
1811 1191 1916 1219 uerbis
1935 1191 1972 1219 id
1986 1204 2025 1212 ··-

143 1239 266 1266 mzllum
285 1235 482 1271 continetur,
503 1235 745 1272 interrogantem
766 1234 881 1272 eloqui.
921 1236 1008 1272 Quae
1029 1247 1099 1265 cum
1118 1237 1162 1265 ita
1181 1237 1260 1273 sint,
1280 1242 1312 1266 et
1331 1238 1502 1266 uerissume
1522 1237 1678 1266 Orellium
1697 1237 1866 1266 coniecisse
1885 1236 2026 1266 Nonne?

143 1285 180 1312 id
198 1284 280 1322 quod
298 1288 355 1311 etc.
375 1291 475 1320 neque
496 1283 664 1310 uerborum
683 1281 974 1320 transpositionem,
1009 1295 1099 1322 quam
1126 1284 1300 1312 faciundam
1319 1285 1384 1313 uiri
1404 1284 1488 1313 docti
1507 1289 1674 1323 putarunt,
1706 1284 1829 1313 admitti
1848 1284 1914 1313 ullo
1933 1288 2025 1323 pacto

145 1340 252 1369 posse,
280 1330 351 1358 luce
376 1328 547 1357 meridiana
574 1329 686 1357 clarius
707 1333 762 1356 est.
801 1328 882 1357 Nam
909 1340 1010 1369 neque
1029 1331 1169 1360 Nonne?
1203 1336 1275 1370 post
1294 1332 1381 1360 bonis
1401 1332 1527 1360 interiet
1547 1342 1563 1360 a
1584 1331 1691 1360 Tullio
1710 1331 1831 1370 potuit,
1866 1340 1968 1368 neque
1987 1340 2028 1359 ex

145 1378 288 1406 codicum
310 1376 481 1415 scriptura,
508 1386 608 1404 nonne
628 1377 664 1404 icl
682 1376 766 1414 quod
783 1380 841 1404 etc.
861 1377 921 1405 alia
940 1378 1004 1406 ulla
1023 1379 1147 1407 facilior
1170 1378 1406 1417 probabiliorue
1433 1379 1605 1407 emendatio
1633 1378 1701 1407 crui
1727 1382 1840 1416 potest.
1877 1377 2027 1416 Aptissu-

146 1435 229 1453 11111111
249 1424 342 1452 etiam
369 1433 492 1452 sensum
517 1423 667 1461 praebere
686 1423 914 1453 correctionem
933 1425 1036 1461 illam,
1069 1426 1103 1454 111
1129 1425 1348 1455 commentario
1377 1425 1628 1455 demonstratum.
1668 1425 1746 1453 Tam
1766 1424 1906 1463 ineptum
1925 1429 2029 1453 autem

147 1472 303 1500 neminem
322 1471 390 1500 sore
410 1476 505 1509 puto,
525 1470 578 1508 qui
596 1470 722 1498 nonne?
742 1470 778 1498 ab
799 1469 972 1510 interprete
992 1473 1146 1501 adiectum
1166 1473 1257 1502 dicat.
1296 1473 1346 1501 Ex
1375 1482 1434 1510 qua
1452 1483 1488 1501 re
1514 1473 1588 1501 illut
1615 1472 1707 1501 simul
1727 1471 1873 1508 efficitur,
1900 1480 2030 1509 magno—

147 1529 222 1558 pere
243 1528 349 1546 errare
370 1518 542 1553 Cronium,
569 1517 622 1555 qui
642 1517 826 1553 lectionem,
854 1528 943 1556 quani
961 1520 1093 1558 praebet
1111 1520 1226 1558 Angeli
1246 1519 1343 1548 editio
1364 1519 1503 1556 Iuntina,
1523 1520 1556 1548 in
1576 1530 1634 1558 qua
1653 1519 1748 1548 uerba
1767 1529 1868 1547 nonne
1886 1533 1924 1539 ··-
1942 1519 2030 1546 ιἠιιί-

149 1568 244 1596 deant
264 1566 375 1594 omissa
394 1570 481 1600 sunt,
501 1575 541 1592 ex
560 1565 687 1602 antiquo
709 1565 815 1593 codice
835 1565 974 1595 haustam
995 1577 1061 1595 esse
1082 1567 1237 1606 opinatur.
1277 1566 1413 1595 Omnino
1435 1566 1517 1595 enim
1537 1572 1673 1603 certum,
1692 1565 1859 1604 Angelium
1877 1575 1942 1594 non
1960 1564 2030 1593 aljis

150 1613 211 1641 11151
233 1613 368 1641 familiae
389 1611 500 1639 tertiae
521 1610 679 1639 codicibus
699 1622 787 1640 usum
807 1622 888 1647 esse,
916 1623 980 1642 11011
1000 1625 1069 1643 raro
1090 1619 1192 1643 autem
1219 1625 1259 1643 ex
1284 1614 1445 1642 hominum
1473 1613 1634 1642 doctorum
1660 1612 1848 1642 coniecturis
1869 1611 2030 1641 Ciceronis

150 1660 245 1688 uerba
266 1659 447 1688 correxisse.
468 1658 504 1686 Id
523 1657 575 1685 hie
596 1669 717 1697 quoque
737 1660 851 1688 factum
872 1669 946 1696 esse,
965 1661 1017 1689 1101
1038 1671 1077 1689 ex
1092 1672 1128 1690 eo
1148 1667 1242 1700 patet,
1262 1662 1344 1700 quod
1367 1660 1471 1696 uerba,
1492 1670 1569 1698 quae
1587 1660 1749 1689 manifesto
1765 1659 1927 1688 Ciceronis
1947 1662 2030 1693 sunt,

152 1706 278 1735 nonne?
303 1706 406 1734 eiecit.
445 1705 552 1742 Itaque
573 1705 722 1734 editionis
741 1706 827 1735 illius
847 1717 888 1734 ne
907 1717 943 1735 ea
962 1708 1086 1746 quidem
1106 1706 1272 1737 auctoritas
1294 1713 1357 1744 est,
1384 1718 1460 1746 quae
1479 1708 1571 1736 11111115
1592 1718 1631 1736 ex
1650 1708 1721 1736 fam.
1740 1706 1851 1734 tertiae
1871 1705 2031 1734 codicibus

152 1753 226 1781 libri
248 1758 309 1789 est,
330 1763 419 1791 quam
439 1752 556 1780 nullam
577 1762 641 1780 esse
661 1763 753 1792 supra
773 1759 862 1782 extra
881 1765 1004 1783 omnem
1024 1756 1267 1784 controuersiam
1285 1755 1455 1793 posuimus.
1493 1754 1709 1783 Nihilominus
1728 1758 1858 1792 propter
1877 1762 1937 1788 eas,
1956 1763 2030 1791 quas

153 1800 245 1838 paulo
267 1805 337 1828 ante
358 1798 507 1837 exposui,
528 1808 645 1827 caussas
667 1800 788 1828 Orellio
810 1800 984 1838 adsentior,
1010 1803 1107 1831 uerba
1132 1804 1168 1831 id
1184 1802 1268 1841 qnod
1290 1803 1383 1830 mulli
1401 1802 1566 1830 inuideant
1585 1802 1621 1830 ab
1642 1801 1813 1839 interprete
1832 1800 1952 1828 adiecta
1969 1805 2033 1828 sta-

154 1846 266 1874 tuenti.
305 1847 408 1874 Probo
429 1846 521 1874 etiam
539 1846 649 1882 unice,
677 1847 759 1885 quod
779 1849 861 1875 nosti
887 1854 989 1877 cetera
1016 1850 1159 1888 scripsit,
1186 1859 1365 1888 quamquam
1394 1849 1496 1877 denuo
1516 1850 1652 1884 fallitur,
1679 1848 1761 1886 quod
1780 1847 1946 1885 Angelium
1966 1857 2034 1875 eam

155 1893 340 1931 scripturam
360 1903 399 1920 cx
420 1893 526 1920 codice
546 1894 675 1931 quodam
697 1894 923 1933 deprompsisse
942 1900 1039 1934 putat.
1078 1897 1136 1925 Est
1156 1906 1190 1924 ea
1210 1895 1271 1924 uiri
1292 1896 1376 1924 docti
1405 1897 1598 1932 coniectura,
1626 1905 1643 1924 a
1662 1896 1755 1925 Petro
1775 1895 1919 1923 Uictorio
1941 1894 2035 1932 etiam

156 1940 286 1978 margini
308 1939 454 1968 editionis
474 1939 607 1968 Aldinae
627 1941 797 1979 adscripta,
825 1951 915 1978 quam
939 1947 1043 1970 tamen
1068 1944 1272 1972 nerissumam
1299 1943 1422 1980 iudico,
1451 1954 1520 1972 cum
1541 1943 1723 1972 Ciceronem
1751 1952 1820 1971 cum
1839 1942 1906 1970 solo
1927 1941 2033 1970 Cassio

157 1987 209 2015 hic
233 1986 379 2024 conloqui
404 1990 543 2024 apertum
564 1986 612 2015 sit.
650 1987 796 2025 Denique
816 1988 898 2017 idem
925 1999 995 2017 cum
1021 1990 1091 2018 aliis
1117 1991 1223 2019 multis
1242 1995 1328 2019 recte
1354 1990 1470 2027 uidit„
1486 2001 1548 2019 11011
1568 1990 1708 2029 potuisse
1727 2000 1745 2018 a
1764 1989 1872 2017 Tullio
1892 1988 1940 2017 bis
1960 1997 2036 2017 uer-

157 2035 231 2062 bum
250 2036 375 2071 scripsit
396 2034 487 2071 poni,
515 2033 549 2060 id
569 2034 651 2071 quod
670 2035 764 2072 magis
785 2035 877 2063 etiam
897 2035 930 2063 in
951 2036 1058 2065 0011105
1078 2038 1233 2074 incurrit,
1259 2037 1315 2066 ubi
1335 2048 1413 2076 quae
1432 2037 1465 2065 111
1486 2043 1514 2066 et
1533 2037 1626 2072 llaec,
1655 2037 1708 2076 qui
1727 2046 1833 2065 sensus
1853 2041 1900 2064 est
1917 2045 2036 2075 prono-

158 2081 250 2110 minis
271 2080 413 2115 rclatiui,
433 2080 574 2108 solum-is.
615 2082 762 2110 Ceterum
780 2092 844 2110 non
865 2087 911 2110 est
931 2083 1073 2120 dubium,
1095 2085 1186 2123 quin,
1207 2095 1282 2123 quae
1301 2094 1351 2113 res
1369 2084 1526 2123 plurium,
1555 2094 1631 2123 quae
1651 2084 1683 2112 in
1704 2084 1783 2112 hanc
1802 2084 1899 2122 ipsam
1918 2082 2035 2111 oratio-

158 2138 230 2156 nem
249 2139 266 2156 a
284 2128 422 2156 librariis
444 2127 585 2155 omnibus
605 2133 750 2166 receptae
777 2134 866 2166 sunt,
901 2130 1068 2168 glossarum
1093 2132 1163 2160 fons
1189 2131 1313 2167 extitit,
1345 2132 1421 2160 falsa
1445 2131 1658 2170 interpunctio
1685 2131 1813 2167 feccrit,
1844 2135 1881 2160 ut
1905 2130 2036 2159 alterum

160 2176 286 2212 scripsit
306 2175 342 2203 ab
363 2175 536 2213 interprete
555 2174 727 2204 adderetur.
768 2176 952 2206 Coniunctis
973 2179 1056 2207 enim
1083 2184 1166 2207 arcte
1191 2178 1297 2207 uerbis
1324 2189 1403 2216 qaae
1428 2180 1553 2216 scripsit
1571 2194 1613 2220 ''‘.
1632 2185 1727 2217 poeta
1754 2188 1823 2206 cum
1850 2175 2036 2206 anteceden-

161 2222 262 2258 tibus,
290 2226 321 2249 et
339 2221 454 2249 maiore
474 2221 653 2250 interductu
671 2227 744 2261 post
762 2233 874 2252 nomen
890 2231 1002 2262 poetae
1021 2226 1144 2265 posito,
1173 2225 1334 2265 sequentia
1352 2235 1414 2254 non
1440 2231 1475 2253 ut
1495 2225 1565 2255 illos
1585 2230 1643 2255 etc.
1670 2224 1842 2254 necessario
1868 2222 2036 2261 interpreti

161 2278 267 2296 manea
286 2268 439 2296 debebant
458 2267 568 2296 uideri.

236 2329 423 2368 Progredior
444 2330 481 2358 ad
501 2330 632 2359 alterum
650 2331 771 2368 locum,
802 2343 894 2372 quem
913 2334 972 2363 etsi
992 2334 1146 2363 difficilest
1166 2335 1360 2374 conprobare
1378 2336 1416 2364 ab
1436 2334 1609 2375 interprete
1627 2334 1802 2374 profectum
1821 2341 1905 2368 esse,
1932 2337 2036 2369 tamen

163 2386 218 2414 ego
239 2376 385 2404 iniuriam
407 2377 513 2405 Tullio
533 2378 635 2406 facere
655 2379 828 2416 contendo,
862 2381 914 2419 qui
945 2391 1014 2410 eum
1040 2391 1080 2409 ex
1105 2382 1184 2410 tanti
1212 2382 1344 2411 oratoris
1372 2392 1426 2411 ore
1456 2383 1578 2412 uenisse
1597 2383 1687 2411 dicat.
1726 2381 1796 2417 Quo
1817 2380 1909 2419 magis
1928 2379 2036 2416 miror,

165 2423 321 2452 neminem
340 2423 495 2453 editorum
513 2431 585 2455 aute
604 2436 652 2455 me
673 2436 709 2455 eo
730 2427 801 2456 loco
822 2427 970 2457 offensum
990 2438 1064 2458 esse.
1103 2429 1260 2469 Scriptum
1280 2429 1375 2469 igitur
1393 2429 1508 2469 legitur
1528 2430 1561 2459 C.
1579 2428 1672 2458 XVI.
1691 2425 1720 2468 ς.
1738 2428 1801 2456 4ο.;
