2185 2720
151 165 205 192 210
793 146 1365 179 COMMENTARIUS.

153 230 375 277 prehensione
397 225 545 259 defensio
568 224 693 256 Planci.
737 225 787 258 At
810 224 1009 256 Ciceronem
1030 222 1073 254 ob
1096 221 1132 253 id
1156 221 1268 264 ipsum
1290 221 1535 264 reprehensum
1557 212 1762 264 omninoque
1784 220 2016 265 uituperatum

153 296 242 324 esse,
266 281 358 325 quod
380 292 419 311 eo
442 285 611 321 tempore,
635 289 702 320 quo
723 275 917 310 Laterensis
939 275 1115 307 Plancium
1137 273 1335 314 accussauit,
1358 273 1503 306 nimium
1522 273 1648 306 multos
1671 273 1872 315 defenderet,
1895 274 2018 306 docent

154 337 276 376 uerba,
303 345 387 377 quae
408 338 584 370 secuntur,
618 330 810 364 Ciceronis:
842 329 978 362 utinam
998 333 1031 362 et
1054 333 1112 366 tu,
1143 327 1204 371 qui
1223 332 1338 371 potes,
1367 332 1401 360 et
1423 332 1502 359 etc..
1546 327 1587 358 In
1610 326 1731 369 quibus
1753 327 1939 358 necessario
1957 326 2018 359 Ci-

156 402 234 422 cero
257 395 289 422 et
312 394 367 425 tu,
391 386 451 430 qui
470 384 619 429 potuisti
641 390 700 416 etc.
724 383 881 422 dixisset,
907 381 952 422 si,
975 380 1068 424 quod
1089 379 1200 412 adhuc
1216 379 1362 411 nimium
1383 379 1509 411 multos
1530 377 1749 419 defendisset,
1772 379 1813 410 ab
1835 380 2018 412 Laterense

156 448 243 475 esset
264 439 500 482 reprehensus.
543 436 734 468 Laterensis
758 435 861 478 igitur
883 434 989 467 oratio
1015 434 1088 476 ipsa
1109 431 1182 464 sine
1203 431 1305 464 dubio
1335 432 1418 464 haec
1441 431 1514 464 fere
1533 431 1616 465 fuit:
1651 431 1950 476 reprehendendus
1971 443 2018 472 es,

155 496 206 528 M.
230 492 343 532 Tulli,
381 490 474 533 quod
495 489 640 521 nimium
661 489 785 520 multos
809 486 969 520 defendis.
1013 487 1099 518 Eam
1120 483 1265 517 reddens
1292 484 1410 517 Cicero
1433 496 1504 517 non
1527 490 1662 527 poterat
1681 485 1780 516 aliter
1799 483 1895 526 loqui
1918 494 2017 526 quam

155 548 220 580 sic:
256 557 338 578 nam
359 544 450 589 quod
470 560 513 567 —-
534 554 587 576 me
608 540 857 586 reprehendisti
864 564 875 580 ‚
907 541 998 585 quod
1018 539 1165 572 nimium
1186 538 1312 571 multos
1334 537 1564 582 defenderem.
1610 539 1767 571 Ceterum
1789 548 1908 570 reuera
1928 536 2021 568 mul-

157 607 208 632 tos
240 604 314 630 tum
349 595 535 628 defendisse
561 606 636 627 reos
667 594 885 633 Ciceronem,
922 604 966 624 ex
992 592 1098 636 ipsius
1126 591 1216 635 Epp.
1243 590 1284 623 ad
1313 591 1358 634 Q.
1380 590 1424 623 fr.
1449 591 1500 632 ΙΙ,
1532 591 1581 624 16.
1613 589 1684 630 III,
1713 589 1744 622 5.
1781 595 1843 621 etc.
1874 600 2020 633 conper-

157 658 233 684 tum
255 650 429 683 habemus.

242 704 302 736 Set
316 701 368 746 fit
391 707 512 735 uostra
537 699 736 744 diligentia)
780 698 897 732 Nimia
921 698 1093 730 anxietate
1114 697 1171 728 uel
1198 701 1308 736 metu,
1346 705 1390 727 ne
1421 706 1523 738 quem
1551 694 1796 727 defendendum
1824 693 2023 737 suscipiatis,

159 757 255 789 cuius
283 754 476 787 innocentia
500 765 570 785 non
594 763 755 784 maxume
776 752 953 795 perspicua
974 751 1017 783 sit
1045 749 1288 791 facillumoque
1317 749 1453 790 negotio
1478 747 1700 781 demonstrari
1720 746 1836 791 possit.
1880 746 2025 790 Egregia

159 815 231 842 arte
253 809 317 840 hoc
341 807 415 839 loco
442 806 561 838 Cicero
584 805 635 845 id,
662 804 751 847 quod
772 803 1088 849 reprehendendum
1110 801 1220 842 ducit,
1245 812 1322 833 cum
1343 801 1442 833 laude
1464 800 1605 844 quadam
1628 799 1750 840 ecfert,
1775 811 1915 843 eosque,
1939 810 2023 842 quos

160 862 362 894 difficiliores
387 870 515 891 caussas
537 870 615 890 cum
636 864 776 902 propter
797 857 880 890 iuris
902 855 1127 900 ignorantiam
1148 860 1221 886 tum
1243 860 1382 898 propter
1403 853 1527 886 laboris
1549 851 1741 886 molestiam
1765 863 1835 884 non
1855 852 2026 895 suscipere

161 921 278 953 norat,
302 911 496 955 diligentiae
517 910 654 943 nomine
677 909 802 942 laudat.

248 966 320 1007 Qui
342 966 379 998 in
402 965 533 997 caussis
548 964 785 1007 ponderandis
808 961 918 995 omnis
931 959 1014 1005 fere
1036 957 1245 1005 repudiatis)
1286 958 1369 991 Bau.
1401 959 1449 1001 [et
1469 958 1560 1001 Erf.]
1591 960 1628 991 in
1648 968 1719 989 non
1740 955 1928 1000 adgnoscit,
1957 966 2025 999 quo

164 1030 279 1052 carere
305 1016 456 1061 profecto
486 1027 676 1059 possumus.
709 1015 968 1047 GARATONIUS.
1012 1014 1058 1046 Et
1084 1024 1163 1045 sane
1190 1011 1227 1043 in
1245 1011 1327 1043 Bau.
1349 1011 1494 1044 lectione
1524 1012 1601 1055 plus
1622 1010 1711 1042 inest
1732 1009 1952 1042 acrimoniae:
1985 1020 2026 1041 eo

164 1073 257 1116 ipso,
291 1070 381 1113 quod
403 1075 539 1110 jcaussas
562 1080 623 1100 uos
647 1066 834 1111 ponderare
857 1066 969 1098 dicere
990 1065 1121 1105 soletis,
1159 1070 1337 1108 praetextu
1358 1064 1496 1096 utimini
1518 1063 1627 1095 omnis
1648 1061 1858 1106 repudiandi.
1901 1062 2026 1094 Idcirco

165 1126 204 1158 in
225 1123 357 1156 uncinis
382 1122 514 1154 inclusi.
539 1122 741 1155 ORELLlus.
786 1121 867 1152 Non
891 1119 1065 1151 adsecutus
1097 1117 1197 1151 huius
1220 1118 1287 1150 loci
1308 1128 1444 1149 sensum
1467 1116 1617 1149 Orellius
1639 1121 1699 1147 est.
1743 1116 1834 1147 Nam
1855 1113 1884 1145 si
1906 1113 2028 1145 omissa

164 1175 414 1222 praepositione
437 1175 568 1208 caussis
585 1172 821 1218 ponderandis
843 1183 905 1215 pro
927 1171 1092 1211 ablatiuo,
1127 1177 1166 1203 ut
1186 1169 1267 1202 fecit
1291 1170 1458 1209 Orellius,
1497 1167 1711 1201 instrumenti
1734 1166 1914 1206 habemus,
1949 1177 2028 1197 sen-

165 1230 273 1263 tentia
293 1228 475 1260 uerborum
497 1239 566 1259 non
588 1231 699 1269 potest
720 1225 786 1257 alia
808 1235 879 1256 esse
901 1235 1002 1265 quam
1023 1224 1122 1256 haec:
1156 1235 1211 1263 eo,
1244 1223 1335 1267 quod
1356 1235 1494 1255 caussas
1513 1221 1717 1266 ponderatis
1738 1219 1811 1252 siue
1826 1224 2026 1263 propterea,

168 1283 260 1328 quod
281 1293 421 1315 caussas
437 1279 653 1325 ponderatis.
697 1278 748 1310 Ita
769 1284 883 1310 autem
907 1278 1025 1310 Cicero
1048 1275 1310 1321 reprehenderet
1330 1274 1425 1315 illos,
1456 1274 1544 1318 quod
1567 1286 1694 1306 caussas
1716 1272 1961 1317 ponderarent,
1990 1270 2028 1302 in

168 1346 273 1378 eaque
303 1345 337 1366 se
365 1344 435 1365 esse
462 1332 627 1365 sententia
654 1331 857 1370 ostenderet,
891 1330 928 1362 in
959 1341 1024 1373 qua
1046 1341 1117 1362 esse
1142 1340 1211 1361 non
1232 1327 1361 1371 potuit,
1397 1333 1436 1359 ut
1457 1338 1526 1359 non
1549 1338 1620 1359 esse
1641 1324 1872 1370 ponderandas
1898 1335 2028 1356 caussas

167 1393 312 1433 putaret.
356 1387 465 1417 Immo
495 1391 672 1426 certumst,
709 1385 775 1417 hoc
804 1395 883 1415 eum
904 1389 938 1415 et
959 1383 1105 1415 uoluisse
1127 1388 1161 1414 et
1182 1380 1334 1412 debuisse
1356 1380 1482 1412 dicere:
1511 1379 1565 1424 fit
1587 1384 1707 1413 uostra
1729 1377 1935 1421 diligentia,
1957 1378 2029 1422 qui,

170 1453 249 1475 cum
271 1451 410 1473 caussas
426 1439 630 1483 ponderatis
656 1443 689 1470 et
717 1437 958 1482 difficultatem
979 1448 1100 1469 earum
1120 1434 1337 1480 agendarum
1353 1433 1574 1478 perspicitis,
1607 1432 1716 1465 omnis
1739 1430 1953 1475 repudiatis,
1989 1435 2028 1462 ut

171 1500 253 1525 etc..
298 1492 372 1523 Hac
400 1497 512 1522 autem
541 1490 704 1523 sententia
726 1490 812 1522 mihi
840 1489 923 1521 olim
943 1488 1126 1520 necessaria
1154 1489 1191 1520 in
1215 1486 1421 1530 praepositio
1445 1486 1640 1524 uidebatur3
1678 1483 1739 1515 cfr.
1762 1483 1896 1526 Proleg.
1924 1484 1966 1515 L.
1986 1483 2031 1515 II.

171 1546 211 1579 C.
234 1545 260 1577 Ι.
293 1545 322 1586 ἕ.
347 1544 395 1576 5..
439 1545 540 1576 Nunc
570 1549 683 1575 tamen
710 1554 780 1574 non
810 1554 912 1585 nego,
951 1541 1096 1574 eundem
1125 1551 1260 1572 sensum
1291 1539 1391 1571 etiam
1419 1539 1541 1571 omissa
1565 1536 1814 1582 praepositione
1842 1535 1943 1568 huius
1964 1535 2031 1568 loci

172 1609 243 1630 esse
264 1607 380 1640 posse3
418 1595 495 1627 uide
519 1608 602 1639 quae
631 1596 674 1628 ad
696 1596 734 1629 C.
757 1596 820 1629 VI.
844 1596 874 1637 ξ.
901 1596 949 1627 15.
972 1606 1006 1639 p.
1032 1594 1083 1627 80.
1113 1592 1288 1632 adnotaui3
1324 1598 1363 1624 ut
1383 1591 1451 1623 iam
1479 1603 1549 1623 non
1569 1591 1678 1623 ausim
1702 1601 1776 1622 eam
1802 1600 1823 1621 a
1841 1589 1891 1622 M.
1913 1588 2030 1622 Tullio

175 1652 338 1684 adiectam
361 1659 430 1680 esse
453 1650 661 1682 contendere.

259 1704 289 1745 ς.
313 1703 365 1735 85.
410 1702 646 1745 Admonuisti)
691 1700 774 1733 Cod.
797 1699 900 1733 Amb.
929 1697 1212 1742 Admonefecisti.
1276 1695 1555 1739 „Admonefacio
1584 1695 1672 1727 inter
1693 1695 1832 1727 barbara
1859 1694 2034 1726 dumtaxat

175 1756 277 1789 habet
302 1754 532 1794 Forcellinus;
574 1760 625 1786 set
647 1754 731 1786 oriri
761 1759 894 1798 poterat
918 1764 962 1785 ex
985 1751 1278 1796 conmonefecisti,
1311 1749 1399 1792 quod
1420 1760 1489 1780 non
1519 1744 1668 1780 deterius
1687 1745 1808 1778 forem
1832 1747 2034 1779 ORELLan.

178 1807 401 1852 Inprobabilis
424 1807 505 1838 haec
527 1807 758 1838 coniecturast.
802 1807 878 1839 Nisi
906 1804 1142 1850 admonefacio
1167 1803 1338 1838 Ciceronis
1364 1808 1518 1845 tempore
1539 1805 1738 1843 usurpatum
1760 1810 1830 1831 esse
1852 1798 1918 1830 alio
1940 1798 2036 1831 testi-

177 1861 293 1893 monio
321 1859 539 1891 confirmatur
547 1884 558 1900 ,
579 1859 769 1899 retinenda,
793 1859 931 1902 opinor,
954 1858 1121 1901 scriptura
1141 1857 1275 1899 uolgata
1297 1855 1370 1888 erit.

263 1913 489 1947 Admonuisti
514 1914 630 1952 etiam,
653 1913 744 1957 quod
765 1913 800 1944 in
816 1911 917 1945 Creta
929 1911 1076 1956 fuisses,
1098 1910 1230 1943 dictum
1252 1909 1395 1955 aliquod
1416 1907 1452 1940 in
1460 1906 1664 1952 petitionem
1679 1910 1776 1938 tuam
1789 1905 1860 1937 dici
1868 1904 2036 1949 potuisse)

178 1966 245 2001 Ad
288 1964 566 1998 scolasticam
606 1966 834 1997 leuitatem
875 1971 913 1996 et
952 1962 1073 2006 quasi
1106 1962 1317 1995 mimicam
1347 1966 1514 2005 spectat
1547 1959 1581 2003 ¹)
1625 1957 1876 1991 huiusmodi
1909 1958 2036 1990 locus.

180 2019 231 2051 Μ.
255 2018 450 2050 Tullium
483 2017 711 2049 uidebatur
747 2017 968 2048 denotasse
998 2015 1260 2055 Laterensis,
1299 2013 1412 2057 quod
1441 2013 1578 2046 multa
1609 2022 1713 2055 quae
1744 2009 1925 2042 facetius
1953 2009 2038 2041 dici

181 2075 362 2114 possent
397 2081 484 2101 cum
512 2070 658 2113 aliqua
687 2069 917 2113 figurandi
947 2069 1205 2112 suptilitate
1233 2079 1318 2099 non
1349 2066 1736 2110 praetermitteret.
1780 2065 1933 2105 Itaque
1962 2062 2039 2094 hoc

184 2134 277 2154 eum
315 2121 428 2153 dicto
467 2123 808 2165 perstrinxerat,
852 2121 1051 2153 habuisse
1091 2120 1309 2153 materiam
1344 2120 1391 2151 de
1429 2118 1644 2151 uocabulo
1685 2118 1835 2150 Cretae
1873 2114 2039 2147 insulae

183 2174 347 2217 aliquid
377 2174 420 2206 in
449 2186 488 2206 se
516 2175 769 2207 ioculariter
792 2173 983 2213 dicendi,
1017 2184 1092 2205 nec
1113 2179 1253 2204 tamen
1274 2172 1318 2204 id
1341 2171 1624 2214 excogitasse.
1667 2168 1901 2203 Constabat
1929 2165 2038 2198 enim

184 2228 473 2259 Laterensem
510 2226 645 2259 fuisse
674 2227 719 2258 in
750 2227 882 2259 Creta
917 2225 1150 2270 prouincia.
1193 2225 1246 2257 Et
1281 2225 1478 2257 solebant
1514 2234 1658 2255 omnes
1696 2219 1913 2254 candidati
1947 2217 2040 2249 alba

186 2286 305 2311 creta
330 2279 518 2312 obliniri
550 2280 779 2320 ceruicem,
813 2286 858 2312 ut
881 2279 1041 2323 populo
1066 2278 1364 2310 notabiliores
1387 2282 1541 2308 essent.
1585 2276 1696 2319 Ergo
1720 2274 1828 2307 dicit
1856 2282 1947 2303 eum
1976 2270 2040 2302 io-

187 2332 275 2363 cari
300 2333 516 2375 potuisse,
552 2333 587 2365 si
617 2333 664 2365 ad
692 2333 771 2365 hoc
800 2332 1033 2365 adiecisset
1060 2330 1306 2374 ingenium,
1339 2335 1386 2361 ut
1412 2328 1454 2360 id
1482 2329 1710 2362 inueniret
1739 2325 1844 2371 quod
1871 2329 2041 2368 poterat

266 2442 291 2479 1)
330 2442 380 2469 Sic
400 2442 437 2470 A.
457 2443 558 2472 Maius
576 2443 709 2483 scripsit.
750 2443 873 2478 Codex,
895 2443 1058 2471 scolastica
1077 2441 1204 2469 leuitate
1225 2442 1315 2479 quasi
1335 2440 1451 2468 nimica
1470 2444 1638 2477 spectante.
