2185 2720
171 150 225 175 172
822 141 1393 171 COMMENTARIUS.

174 231 251 254 cum
273 217 372 250 laude
393 223 503 261 gesta,
531 222 582 248 set
606 227 649 247 ex
670 221 828 258 praetura
851 221 884 247 et
905 215 1081 248 consulatu
1103 227 1137 247 se
1158 215 1346 259 peperisse,
1377 215 1413 247 in
1434 222 1597 260 promptu
1620 224 1669 250 est
1690 219 1824 259 uidere,
1851 221 2037 254 necessario

173 274 317 307 uerbum
337 272 474 315 gloriae
495 275 573 312 post
596 269 744 301 multum
765 268 844 299 addi
867 268 1028 301 debuisse.
1071 269 1134 301 Est
1155 275 1284 308 autem,
1306 274 1346 300 ut
1365 268 1433 300 iam
1454 269 1620 311 indicaui,
1647 282 1688 303 ex
1710 279 1914 315 quaesturae
1935 275 2039 307 laude

174 328 303 359 dictum
324 336 387 367 pro
411 335 451 354 ex
473 327 661 366 quaestura
683 333 760 353 cum
782 321 885 354 laude
905 326 1017 365 gesta.
1063 321 1133 354 Cfr.
1158 321 1260 353 etiam
1281 321 1414 363 Proleg.
1442 321 1484 354 L.
1506 322 1549 353 ΙΙ.
1575 322 1612 354 C.
1639 323 1666 354 L
1693 324 1723 365 §.
1746 324 1777 356 8.
1799 336 1833 367 p.
1855 326 1923 358 XL
1945 337 2038 369 sqq..

258 375 495 420 Municipibus
518 374 686 415 liberalis)
727 374 782 404 Sic
806 373 842 405 in
864 374 1018 406 omnibus
1042 374 1246 406 editionibus
1269 374 1438 406 scribitur.
1478 373 1703 407 Permirumst
1723 382 1846 416 autem,
1868 378 2040 411 nemiuem

175 435 256 465 dum
286 430 472 466 editorum,
510 426 594 458 uitio
623 425 791 457 adfectum
816 426 907 458 hunc
934 427 1047 459 locum
1075 439 1164 467 esse,
1201 427 1488 459 animaduertisse.
1543 428 1632 459 Nam
1661 428 1720 470 qui
1746 428 1882 460 tandem
1911 429 2041 471 Cicero,

174 490 330 529 quaestor
363 492 440 512 cum
469 484 555 511 esset
584 479 620 509 in
652 479 775 517 Sicilia,
805 480 1036 523 municipibus
1065 480 1240 513 liberalem
1267 492 1303 512 se
1331 479 1434 512 fuisse
1465 478 1576 511 dicere
1604 482 1739 523 potest?
1782 481 1880 514 Nihil
1907 482 2041 522 certius,

175 549 275 581 quam
297 534 462 576 scriptum
483 543 501 562 a
525 531 687 563 Cicerone
712 543 792 570 esse,
815 533 1028 576 mancipibus
1051 534 1216 566 liberalis.
1259 533 1332 565 Iam
1354 532 1473 564 eodem
1495 532 1609 572 modo,
1633 544 1699 575 quo
1720 533 1912 566 Laterensis
1935 535 1967 576 ἓ.
1991 534 2042 567 65.

177 590 331 624 liberalis
354 588 391 619 in
408 585 625 630 publicanos,
647 584 760 616 iustus
782 585 818 616 in
840 585 948 617 socios
969 585 1072 619 fuisse
1094 587 1201 618 dictus
1223 592 1290 624 est,
1316 586 1434 619 Cicero
1457 586 1512 618 hic
1533 586 1748 630 mancipibus
1769 586 1960 626 liberalem,
1988 599 2043 619 so—

174 644 237 676 ciis
266 640 490 673 abstinentem
520 649 554 669 se
576 636 678 668 fuisse
707 636 798 667 dicit.
844 637 915 668 Cfr.
947 639 1047 670 etiam
1077 651 1140 682 pro
1164 640 1289 670 Scauro
1318 651 1353 682 p.
1381 651 1429 672 11.
1457 638 1510 669 ed.
1532 637 1615 671 Mai.
1637 649 1721 671 sem:
1755 640 1786 671 si
1807 640 1867 671 ille
1889 645 2042 672 retentus

173 709 197 728 a
223 699 346 727 cuncta
366 692 456 725 Asia
477 690 649 734 supplice,
671 690 702 721 si
722 703 744 722 a
764 691 1037 733 negotiatoribus
1044 717 1054 731 ,
1076 694 1107 725 si
1128 705 1151 725 a
1167 691 1384 736 publicanis,
1414 692 1446 724 si
1466 691 1508 725 ab
1531 691 1685 723 omnibus
1707 693 1809 724 sociis
1831 697 1911 723 etc..
1955 692 2042 723 Sunt

174 753 287 779 autem
320 744 505 787 mancipes,
538 748 622 775 teste
652 742 918 774 Pseudoasconio
948 743 989 775 ad
1014 744 1084 776 Cic.
1113 743 1218 775 diuin.
1248 744 1287 776 C.
1314 745 1362 777 X.
1393 745 1423 787 ς.
1453 744 1523 784 55.,
1557 743 1829 776 Publicanorum
1852 744 2043 787 principes,

177 799 328 832 Romani
358 797 520 829 homines.
564 796 681 827 Cicero
713 795 782 826 diu.
812 796 850 828 C.
872 797 919 828 X.
950 798 979 839 ς,
1003 797 1054 828 55.
1087 797 1266 840 ,Mancipes
1289 809 1314 829 a
1338 797 1540 830 ciuitatibus
1564 807 1629 840 pro
1652 794 1834 839 frumento
1857 797 2044 840 pecuniam

176 856 373 895 exegerunt.
397 855 430 880 et
451 849 494 880 ΙΙ.
516 848 551 879 iu
574 849 672 881 Uerr.
695 848 760 886 ΠΙ,
785 848 835 889 74,
862 860 932 891 172.
952 851 1161 894 praesertim
1183 861 1284 894 quom
1305 861 1345 881 ex
1371 851 1479 883 isdem
1500 850 1599 893 agris
1622 849 1837 892 eiusdemque
1857 849 1942 880 anni
1953 847 2044 892 fru-

175 910 327 937 mentum
349 915 390 934 ex
412 902 562 934 decumis
584 901 731 932 Romam
752 903 925 945 mancipes
954 904 1184 935 culuexissent.
1228 902 1388 934 Ceterum
1416 903 1523 945 ipsam
1553 902 1667 941 illam,
1705 912 1789 943 quae
1821 901 1893 933 sola
1919 907 2043 939 uerast,

175 956 377 998 scripturam
398 954 503 985 codex
524 954 839 996 praestantissumus
861 954 1071 986 Erfurtensis
1092 955 1204 986 habet.

258 1008 416 1040 Honores
439 1007 475 1039 in
497 1019 550 1039 me
571 1007 739 1048 inauditi)
783 1007 898 1039 Uerba
918 1008 955 1040 in
970 1020 1034 1046 me,
1057 1019 1141 1050 quae
1162 1007 1310 1039 familiae
1334 1008 1453 1040 tertiae
1477 1005 1605 1038 codices
1627 1005 1798 1045 omittunt,
1820 1018 1930 1049 neque
1951 1006 2045 1039 salua

173 1061 338 1093 sententia
360 1060 473 1092 abesse
497 1060 658 1091 uidentur
681 1070 781 1102 posse
803 1063 837 1091 et
857 1059 1030 1092 facillumo
1065 1059 1276 1092 amanuensis
1299 1071 1414 1092 errore
1437 1059 1593 1092 excidere
1614 1063 1809 1101 potuerunt.
1853 1057 1924 1090 Cfr.
1944 1059 2046 1091 etiam

176 1114 309 1155 Proleg.
333 1114 374 1145 L.
396 1113 440 1144 II.
466 1113 503 1144 C.
526 1113 552 1143 Ι.
578 1113 607 1154 §.
632 1112 681 1144 8..

261 1167 291 1208 ξ.
317 1167 367 1198 65.
410 1165 461 1199 At
493 1178 555 1209 ego
586 1178 663 1198 cum
689 1178 772 1198 casu
793 1166 912 1199 diebus
933 1167 979 1199 iis
1006 1167 1142 1200 itineris
1156 1165 1319 1211 faciendi
1340 1178 1483 1204 caussa,
1515 1165 1676 1197 decedens
1697 1176 1716 1197 e
1731 1164 1935 1208 prouincia,
1966 1164 2044 1196 Pu-

177 1220 281 1252 teolos
295 1217 394 1259 forte
417 1220 603 1257 uenissem,
637 1219 726 1262 cum)
770 1219 967 1250 Notandum
991 1226 1057 1260 est,
1091 1233 1173 1252 casu
1196 1219 1251 1251 hic
1277 1219 1361 1259 dici,
1395 1225 1428 1250 et
1458 1229 1541 1249 mox
1569 1223 1699 1256 tamen,
1734 1217 1828 1260 quasi
1857 1216 1986 1247 dictum
2009 1216 2045 1247 id

177 1283 249 1303 11011
275 1270 397 1312 fuerit,
440 1283 671 1315 synonymum
691 1271 791 1315 forte
819 1271 1020 1314 superaddi,
1060 1274 1223 1306 Puteolos
1242 1272 1344 1317 forte
1371 1272 1549 1304 uenissem.
1593 1269 1719 1301 Similis
1750 1276 1800 1301 est
1826 1270 1919 1301 locus
1946 1269 1974 1301 Ι.
2003 1268 2045 1300 de

175 1326 204 1357 F
206 1325 252 1356 in.
277 1325 306 1356 6.
329 1325 529 1369 Principio,
559 1326 717 1369 inquam,
742 1325 778 1356 in
794 1326 971 1369 physicis,
1001 1326 1122 1370 quibus
1145 1327 1293 1358 maxime
1311 1325 1509 1369 gloriatur,
1536 1323 1690 1367 primum
1711 1327 1802 1355 totus
1824 1327 1876 1355 est
1896 1322 2043 1357 alienus.

177 1378 247 1421 [hic
270 1378 361 1409 locus
384 1379 479 1410 nullo
499 1377 601 1409 modo
624 1378 691 1409 huc
712 1377 920 1409 reuocandus
943 1384 1010 1411 est:
1033 1391 1111 1411 nam
1128 1379 1306 1423 principio
1329 1383 1378 1409 est
1399 1377 1434 1408 in
1449 1376 1561 1418 prima
1580 1380 1678 1418 parte
1691 1375 1946 1418 philosophiae3
1965 1375 2044 1419 pri-

176 1445 271 1464 mum
292 1431 474 1474 respondet
498 1430 729 1473 sequentibus,
755 1430 791 1461 in
813 1429 934 1472 quibus
958 1430 1099 1472 dicitur,
1123 1443 1207 1474 quae
1228 1436 1376 1463 mutaret
1396 1429 1582 1471 EpicurUS,
1614 1426 1799 1470 deprauare
1819 1427 1941 1459 uideri.
1971 1428 2046 1460 BA-

177 1486 290 1527 K1us.]
347 1486 432 1517 Item
455 1485 539 1517 alter
562 1484 624 1516 IV.
649 1482 684 1513 in
707 1483 807 1515 Uerr.
834 1483 885 1525 59.
908 1484 980 1524 Qui
1005 1490 1044 1516 ut
1060 1485 1216 1528 primum
1238 1485 1274 1516 in
1294 1483 1379 1515 illut
1400 1481 1564 1526 oppidum
1585 1481 1693 1518 uenit,
1715 1481 1846 1519 statim,
1869 1485 2045 1523 tamquam

179 1544 257 1577 etc.,
282 1539 333 1570 ita
357 1539 516 1571 continuo
539 1543 620 1568 eie..
664 1536 780 1578 Atque
801 1536 900 1567 unico
923 1537 959 1568 in
981 1548 1083 1568 uersu
1107 1537 1288 1568 Terentius
1310 1536 1398 1567 Eun.
1422 1534 1470 1573 II,
1494 1543 1531 1572 2,
1557 1533 1604 1564 15.
1631 1532 1726 1564 Olim
1747 1533 1809 1564 isti
1823 1531 1904 1576 fuit
1922 1532 2045 1575 generi

180 1592 357 1634 quondam
380 1597 541 1635 quaestus
564 1595 650 1633 aput
672 1589 822 1622 saeclum
836 1590 950 1632 prius.
992 1589 1084 1621 Hinc
1104 1595 1208 1632 patet,
1252 1589 1291 1620 ab
1314 1587 1441 1621 Ursino
1465 1592 1498 1617 et
1517 1585 1702 1618 Gronouiis
1723 1583 1850 1616 frustra
1870 1583 2045 1616 sollicitari

179 1643 556 1686 SemproniAsellionis
580 1643 691 1673 locum
715 1647 796 1685 aput
809 1642 960 1674 Gellium
974 1643 1016 1681 II,
1044 1643 1103 1682 15„
1126 1654 1193 1684 quo
1205 1641 1456 1683 coniunguntur
1469 1637 1660 1680 ἰσοὸύναμα
1682 1643 1756 1670 tum
1777 1638 1863 1669 ineo
1885 1643 2045 1680 tempore.

178 1697 232 1729 De
254 1697 314 1728 hac
336 1697 539 1729 Latinorum
562 1694 802 1726 consuetudine
824 1695 961 1726 consule
986 1706 1069 1737 quos
1095 1694 1231 1726 laudaui
1253 1693 1294 1724 ad
1316 1694 1376 1725 III.
1399 1692 1434 1723 in
1459 1692 1557 1723 Catil.
1582 1701 1632 1732 9.,
1668 1690 1727 1721 ubi
1748 1696 1862 1721 tamen
1885 1687 1977 1730 quod
1997 1688 2045 1720 ait

179 1749 334 1783 Tullius,
367 1752 417 1782 sic
439 1763 460 1781 a
478 1749 629 1783 Lentulo
652 1748 837 1791 ceterisque
860 1748 1053 1780 domesticis
1076 1748 1230 1780 hostibus
1252 1752 1323 1778 tam
1345 1746 1516 1777 dementer
1538 1749 1638 1776 tanta
1660 1755 1714 1774 res
1738 1743 1871 1774 credita
1892 1746 1971 1780 etc„
2001 1739 2044 1771 ad

178 1802 277 1832 illum
314 1808 363 1843 est
391 1801 531 1833 fortasse
562 1799 778 1832 referendum
814 1800 999 1843 particulae
1026 1801 1075 1833 sic
1108 1811 1207 1832 usum
1235 1798 1456 1841 singularem,
1493 1807 1594 1838 quem
1622 1795 1780 1827 inlustrat
1809 1792 2045 1836 VVopkensius

179 1855 274 1886 Lect.
299 1854 390 1885 Tull.
416 1856 485 1893 III,
508 1856 559 1892 5.;
593 1853 682 1895 quod
705 1853 817 1896 primo
840 1864 909 1884 11011
930 1853 1107 1895 putabam,
1130 1859 1180 1884 set
1200 1850 1362 1894 suspicari
1382 1856 1500 1893 postea
1522 1847 1634 1891 coepi,
1661 1859 1765 1889 quom
1786 1845 2046 1878 animaduertis-

179 1919 267 1946 sem,
300 1907 500 1950 particulam
522 1909 572 1939 sic
593 1907 630 1938 in
653 1907 710 1946 iis,
745 1917 830 1948 quae
852 1911 979 1937 temere
1001 1917 1144 1948 casuque
1165 1904 1269 1947 magis
1292 1903 1395 1941 fiunt,
1428 1913 1528 1944 quam
1550 1906 1641 1932 certa
1662 1900 1792 1931 ratione
1812 1904 1914 1940 atque
1934 1897 2046 1930 consi-

178 1961 243 1999 lio,
281 1960 395 1991 locum
423 1960 486 1992 sibi
517 1966 696 2002 optumum
726 1958 915 1990 nendicare.
960 1958 1088 1990 Confer
1116 1958 1254 1989 omnino
1277 1968 1354 1988 cum
1375 1953 1593 1997 Wopkensio
1616 1952 1719 1983 celeb.
1741 1952 1975 1983 Bai-mannum
2002 1950 2046 1982 ad

179 2014 283 2055 Uerg.
310 2013 334 2043 I.
357 2013 446 2045 Aen.
471 2014 561 2044 225..
597 2014 855 2044 GARATons.
899 2011 1059 2043 Ceterum
1079 2011 1312 2049 tenendumst‚
1345 2015 1529 2049 utrumque
1550 2016 1691 2045 nomen,
1725 2011 1758 2036 et
1785 2016 1867 2037 casu
1889 2009 1922 2034 et
1933 2002 2046 2047 forte,

180 2064 303 2096 referri
325 2065 367 2096 ad
388 2065 492 2097 uerba
513 2065 630 2097 (liebus
653 2067 697 2097 iis
722 2065 901 2102 uenissem,
924 2076 1000 2095 cum
1023 2064 1155 2095 debere.
1199 2063 1290 2095 Nam
1311 2067 1350 2093 ut
1370 2061 1528 2092 Puteolos
1550 2059 1692 2097 ueniret,
1713 2057 1867 2088 minume
1887 2067 1966 2089 casu
1986 2066 2044 2087 ac—

182 2117 316 2155 cidisse,
355 2124 406 2149 set
428 2118 580 2150 consulto
605 2130 674 2150 esse
696 2117 839 2156 factum,
872 2122 965 2159 patet
987 2127 1030 2147 ex
1051 2114 1164 2146 uerbis
1187 2115 1323 2146 itineris
1335 2113 1497 2157 faciendi
1518 2124 1660 2151 caussa,
1692 2110 1812 2152 quibus
1833 2108 1914 2152 ipsis
1938 2106 2045 2140 conti-

181 2176 282 2202 netur
304 2182 435 2210 caussa,
459 2183 535 2210 cur,
560 2182 636 2202 cum
659 2170 835 2201 decederet
856 2179 874 2199 e
899 2167 1090 2210 prouincia,
1112 2168 1224 2198 locum
1246 2166 1361 2206 illum,
1383 2177 1402 2197 a
1422 2165 1479 2196 uia
1503 2171 1690 2204 remotum,
1713 2162 1842 2194 uiserit.

265 2224 314 2255 Et
338 2236 420 2256 num
443 2217 608 2269 quidnam
629 2229 715 2256 esset
736 2222 831 2264 noui)
876 2222 930 2253 Sic
951 2222 978 2253 B
1002 2226 1035 2252 et
1055 2220 1084 2252 E
1109 2219 1261 2251 scribunt
1288 2230 1351 2261 pro
1374 2218 1508 2260 uolgata
1529 2218 1712 2260 scriptura,
1745 2222 1778 2249 et
1800 2227 1882 2247 num
1902 2213 1988 2257 quid
2007 2213 2044 2246 in

184 2287 226 2307 ea
247 2282 333 2308 esset
355 2278 447 2310 noui.
470 2278 610 2318 „Longe
632 2275 786 2319 praefero
801 2274 964 2316 uolgatae,
992 2284 1056 2315 qua
1073 2272 1239 2311 offendor,
1264 2270 1417 2302 codicum
1432 2276 1653 2314 optumorum
1668 2275 1838 2312 optumam
1853 2266 2044 2297 lectionem.

184 2327 235 2359 Ita
258 2328 300 2358 ΙΙ.
325 2328 365 2359 de
389 2329 484 2360 Orat.
508 2329 537 2361 5.
563 2343 644 2362 num
667 2329 850 2374 quidnam,
879 2327 1010 2370 inquit,
1035 2325 1141 2357 noui?
1184 2325 1234 2356 Ita
1255 2324 1319 2355 XI.
1340 2323 1382 2354 ad
1405 2324 1485 2355 Diu.
1510 2335 1560 2365 27.
1584 2329 1618 2354 et
1637 2322 1758 2354 alibi.“
1788 2320 2043 2351 GARATONIUS.

272 2381 394 2413 Etiam
416 2383 622 2421 mehercule,
658 2382 790 2425 inquit,
827 2386 868 2413 ut
892 2380 1028 2424 opinor,
1067 2390 1109 2410 ex
1129 2376 1271 2421 Africa)
1313 2376 1481 2407 Particula
1503 2376 1607 2408 etiam
1627 2386 1697 2407 non
1718 2369 1924 2413 corrigendi,
1959 2380 2044 2412 quae

185 2432 320 2464 Ernesti
344 2439 392 2464 est
415 2435 448 2465 in
472 2435 574 2467 Claue
589 2437 658 2468 Cic.
682 2434 857 2473 sententia,
880 2438 929 2464 set
952 2429 1152 2463 adfirmandi
1173 2429 1229 2461 hie
1249 2428 1470 2473 significatum
1491 2429 1602 2461 habet.
1643 2429 1724 2460 Non
1745 2424 1835 2456 enim
1858 2423 1961 2455 horno
1982 2423 2045 2455 iste
