2185 2720
670 130 773 160 PRO
802 130 876 161 CN.
896 129 1141 161 PLANCIO.
1167 130 1274 160 CAP.
1295 131 1406 162 XXII.
1427 132 1557 163 XXIII.
2015 141 2052 170 31

168 211 202 237 te
221 205 428 248 producere,
464 205 524 248 qui
547 204 626 248 quia
647 216 806 238 nummos
835 204 1027 249 acceperint
1057 210 1091 237 te
1112 205 1354 248 praeterierint
1362 218 1372 247 3
1401 214 1460 240 aut
1481 215 1515 240 te
1536 219 1580 240 ne
1602 208 1749 252 gratuita
1771 208 1910 253 quidem
1932 221 2054 243 eorum

164 257 324 300 suffragia
349 259 475 290 tulisse.

248 311 384 343 XXIII.
408 312 491 344 Illut
512 323 596 344 uero
619 311 749 343 crimen
772 310 815 343 de
838 310 998 351 nummis,
1023 321 1106 352 quos
1129 309 1166 341 in
1187 309 1276 342 circo
1299 311 1469 343 Flaminio
1494 313 1723 356 deprehensos
1749 325 1821 346 esse
1842 314 1972 356 dixisti,
1995 327 2052 349 ca-
2061 325 2100 355 55

159 362 226 394 luit
246 374 283 394 re
305 364 452 404 recenti,
485 376 576 396 nunc
598 364 636 395 in
657 375 773 396 caussa
793 364 943 396 refrixit.
988 364 1111 405 Neque
1134 363 1225 394 enim
1249 364 1308 406 qui
1330 364 1383 395 illi
1408 365 1543 396 nummi
1564 365 1709 407 fuerint,
1739 378 1801 399 nec
1824 378 1909 410 quae
1931 367 2053 409 tribus,

157 425 220 446 nec
242 415 301 457 qui
324 415 464 456 diuisor,
490 415 650 448 ostendis.
694 417 812 458 Atque
834 417 862 448 is
888 416 1025 459 quidem
1049 416 1188 448 eductus
1212 416 1255 447 ad
1278 417 1442 458 consules,
1468 417 1527 458 qui
1550 424 1623 449 tum
1645 419 1681 450 in
1703 419 1833 451 crimen
1855 419 2053 460 uocabatur,

157 479 195 499 se
216 458 334 510 inique
356 480 375 500 a
396 468 463 500 tuis
487 468 647 501 iactatum
670 469 821 512 grauiter
846 469 1061 511 querebatur.
1107 469 1178 511 Qui
1203 469 1231 500 si
1255 475 1328 500 erat
1351 469 1498 509 diuisor,
1532 471 1733 512 praesertim
1757 472 1848 511 eius,
1889 483 1991 513 quem
2013 477 2053 504 tu

157 519 302 552 habebas
326 532 442 559 reum,
475 532 535 552 cur
557 521 615 553 abs
638 527 672 553 te
694 532 772 553 reus
794 533 865 553 non
890 527 940 553 est
961 520 1094 554 factus?
1119 533 1179 553 cur
1201 533 1271 554 non
1288 522 1359 554 eius
1384 522 1625 565 dampnatione
1647 523 1777 565 aliquid
1799 523 1842 554 ad
1866 524 1931 555 hoc
1957 524 2053 557 iudi-

161 572 252 603 cium
276 572 465 615 praeiudici
488 573 703 616 conparasti?

245 625 304 655 Set
326 636 437 666 neque
468 631 507 657 tu
529 626 612 657 haec
636 626 758 666 habes,
794 636 906 668 neque
930 625 976 657 eis
999 625 1150 658 confidis.
1196 626 1278 659 Alia
1300 633 1334 658 te
1356 627 1460 668 ratio,
1497 627 1563 659 alia
1585 627 1742 671 cogitatio
1765 628 1807 659 ad
1829 639 1926 671 spem
1947 628 2050 662 huius

160 676 378 720 opprimendi
402 677 575 709 excitauit.
618 678 762 720 Magnae
785 684 864 710 sunt
886 677 923 708 in
936 684 969 709 te
993 689 1093 720 opes3
1116 679 1183 710 late
1204 686 1298 722 patet
1320 680 1442 722 gratia3
1466 680 1567 711 multi
1590 680 1700 721 amici,
1724 680 1826 712 multi
1849 680 1965 723 cupidi
1987 681 2051 722 tui,

156 729 258 761 multi
280 728 443 762 fauitores
466 730 575 762 laudis
597 736 691 769 tuae3
713 730 814 761 multi
836 729 916 761 huic
938 729 1113 769 inuident3
1139 732 1255 763 multis
1280 732 1380 764 etiam
1403 738 1516 775 pater,
1540 739 1700 776 optumus
1722 733 1795 773 uir,
1825 733 1972 764 nimium
1993 744 2052 765 re-

157 781 270 814 tinens
297 782 460 824 equestris
484 782 568 813 iuris
593 788 627 813 et
649 781 811 814 libertatis
834 781 990 820 uidetur3
1015 783 1116 814 multi
1140 784 1240 815 etiam
1264 795 1449 816 conmunes
1472 784 1603 817 inimici
1624 797 1764 817 reorum
1788 785 1959 825 omnium,
1990 785 2051 828 qui

157 833 206 865 ita
228 846 363 877 semper
385 834 619 866 testimonium
646 833 687 865 de
701 834 831 865 ambitu
857 833 984 872 dicunt,
1010 835 1104 875 quasi
1121 842 1179 867 aut
1200 842 1361 867 moueant
1382 837 1512 868 animos
1536 837 1687 869 iudicum
1713 838 1795 880 [suis
1819 838 2050 880 testimoniis}

158 892 218 918 aut
247 893 381 929 gratum
412 887 542 929 populo
571 887 729 918 Romano
759 886 820 924 sit,
858 891 917 916 aut
947 885 987 916 ab
1018 898 1057 917 eo
1081 886 1212 920 facilius
1236 888 1278 919 ob
1302 900 1375 919 eam
1401 900 1550 920 caussam
1573 890 1772 932 dignitatem
1803 902 1904 933 quam
1926 891 2050 922 uolunt

161 945 423 980 consequantur.
471 937 683 978 Quibuscum
705 950 776 979 me,
799 938 945 978 iudices,
969 946 1176 981 pugnantem
1198 952 1295 972 more
1316 953 1393 973 meo
1416 941 1562 984 pristino
1586 954 1656 974 non
1676 942 1856 983 uidebitis3
1885 955 1955 975 non
1979 953 2093 986 (111056

158 991 246 1023 mihi
268 990 316 1022 fas
339 991 383 1022 sit
406 990 586 1032 quicquam
610 989 788 1033 defugere,
825 990 915 1033 quod
943 991 1029 1022 salus
1053 991 1166 1023 Planci
1188 995 1355 1035 postulet:
1393 1000 1444 1026 set
1467 994 1545 1036 quia
1567 1006 1677 1037 neque
1705 1002 1891 1035 necessest,
1932 1007 1989 1028 me
2011 996 2048 1027 id

158 1043 317 1086 persequi
339 1054 439 1082 uoce,
465 1042 556 1085 quod
578 1055 639 1075 uos
662 1049 777 1075 mente
794 1043 957 1082 uideatis3
988 1049 1021 1074 et
1045 1044 1135 1086 quod
1157 1044 1204 1076 ita
1227 1045 1269 1077 de
1294 1058 1349 1078 me
1370 1047 1486 1078 meriti
1507 1053 1588 1079 sunt
1609 1047 1662 1079 illi
1684 1047 1769 1091 ipsi,
1804 1060 1887 1091 quos
1911 1059 1972 1091 ego
1994 1055 2050 1080 te·-

232 1158 264 1182 te
284 1151 471 1193 producere)
493 1152 543 1181 Sic
564 1153 589 1182 B
611 1158 642 1182 et
661 1153 707 1192 E3
727 1154 770 1183 Pa
790 1164 851 1183 esse
872 1153 1069 1183 adducendos
1076 1152 1095 1188 ;'
1115 1155 1211 1184 ceteri
1231 1161 1261 1184 te
1280 1157 1442 1185 adduc-ere.
1460 1171 1499 1178 —
1536 1155 1689 1193 nummos)
1715 1157 1760 1185 Pb
1782 1162 1812 1186 et
1830 1157 1873 1186 Pc
1893 1167 2050 1188 numeros.

158 1216 196 1223 -—
217 1200 409 1240 acceperint)
431 1202 455 1230 C
476 1207 672 1239 acceperunt.
692 1215 732 1224 ·—·
768 1199 811 1241 te)
830 1203 870 1240 χδ
890 1213 955 1238 om,
976 1206 1081 1229 utrum
1102 1208 1172 1231 ante
1187 1209 1304 1240 prael„
1338 1213 1375 1231 an
1404 1209 1473 1232 ante
1493 1215 1547 1240 ne,
1580 1215 1643 1232 non
1664 1204 1824 1233 adnotauit
1844 1205 1891 1233 ed.
1913 1205 1988 1235 Ox..
2008 1221 2048 1227 —

158 1249 391 1288 praeterierint)
418 1249 463 1277 Pb
486 1250 731 1287 praeterierunt.
751 1262 790 1270 —
827 1254 858 1277 te
877 1248 929 1288 ne)
948 1249 995 1277 Lc
1015 1259 1053 1277 ne
1075 1254 1104 1277 te
1125 1260 1171 1279 ne.
1190 1266 1230 1272 —-
1267 1249 1320 1289 ne)
1340 1251 1387 1280 La
1407 1256 1439 1280 et
1458 1259 1484 1290 ψ
1503 1262 1583 1287 ηοη,
1617 1257 1664 1281 set
1683 1251 1716 1280 in
1736 1252 1784 1280 La
1804 1263 1921 1292 supers.
1942 1264 1989 1283 ne.
2007 1268 2048 1276 —-·

156 1297 290 1335 gratuita
310 1298 434 1335 quidem
454 1296 573 1335 eorum)
591 1297 635 1325 Pa
653 1297 776 1335 quidem
791 1297 948 1333 gratuita.
966 1309 1005 1318 --

231 1345 266 1374 C.
286 1344 414 1373 XXIII.
446 1343 475 1383 §.
503 1345 549 1372 55.
586 1342 733 1380 nummis)
757 1344 801 1371 Pa
820 1345 972 1380 minimis,
991 1354 1010 1375 ς
1030 1355 1161 1375 nummo.
1180 1360 1220 1368 -—·
1256 1346 1424 1386 Flaminio)
1443 1346 1612 1384 Dflamio.
1630 1361 1669 1368 ·-
1705 1346 1753 1386 re)
1772 1347 1817 1376 Pb
1839 1358 1854 1375 e
1874 1358 1923 1383 re,
1959 1353 1987 1385 ψ
2006 1353 2047 1383 te,

159 1393 221 1428 Ma,
241 1394 304 1429 Mc,
325 1397 356 1421 et
377 1392 410 1420 H
430 1401 489 1419 om.
509 1404 548 1414 ·—-
584 1389 717 1428 recenti)
736 1391 780 1418 Pa
795 1395 925 1418 recente.
947 1405 985 1411 —
1023 1390 1117 1429 nunc)
1137 1393 1190 1421 Ma
1210 1405 1289 1429 non,
1314 1395 1364 1423 Lb
1385 1405 1483 1432 neque
1503 1396 1586 1422 enim
1604 1404 1697 1423 nunc.
1716 1409 1755 1416 —
1790 1404 1873 1423 nunc
1894 1395 1927 1422 in
1948 1405 1973 1423 c.
1992 1405 2047 1424 re-

158 1440 262 1479 frixit)
282 1441 325 1468 Pa
344 1450 403 1468 om.
423 1453 463 1460 --·
500 1437 534 1465 in
553 1435 654 1473 causa)
673 1437 712 1474 χὸ
734 1438 847 1465 uicum.
866 1450 905 1460 ·-·
943 1436 1066 1476 Neque)
1086 1438 1117 1465 D
1139 1444 1169 1467 et
1190 1440 1214 1467 C
1236 1452 1298 1470 nec.
1316 1457 1356 1463 -
1393 1440 1461 1480 qui)
1489 1441 1513 1469 C
1534 1451 1592 1469 om.
1612 1456 1650 1463 —
1687 1440 1818 1480 nummi)
1845 1443 1887 1469 Pa
1912 1444 2046 1471 minimi-

157 1501 198 1510 -
215 1486 345 1525 fuerint)
362 1487 386 1515 C
398 1487 547 1524 fuerunt.
565 1498 605 1506 -
624 1481 713 1522 quae)
732 1484 779 1512 La
798 1495 867 1513 cum
886 1484 925 1522 gl.
945 1486 1007 1523 qui.
1026 1499 1065 1507 ·—-
1083 1495 1140 1514 nee
1161 1485 1228 1526 qni)
1248 1488 1293 1516 Pb
1313 1493 1346 1517 et
1365 1489 1407 1517 Pc
1428 1499 1466 1517 ne
1486 1490 1549 1527 qui.
1568 1503 1607 1510 —
1645 1488 1799 1525 ostendis)
1826 1488 1877 1517 Sic
1896 1489 1932 1525 Β,
1954 1489 1992 1526 Ε,
2013 1494 2047 1519 et

159 1533 227 1570 Lb;
247 1533 289 1561 1³1
312 1534 491 1561 ostenderas
499 1543 511 1568 ‚·
531 1532 628 1561 ceteri
648 1533 822 1561 ostenderis.
841 1546 881 1555 —-

232 1579 348 1618 Atque)
369 1581 407 1618 χ3
427 1581 481 1609 At.
495 1594 534 1601 —
570 1578 609 1619 is)
629 1580 659 1607 D
677 1579 736 1608 his.
751 1593 790 1602 --
825 1578 967 1618 eductus)
985 1581 1038 1609 Ma
1058 1581 1213 1612 deductus.
1228 1597 1266 1605 —
1302 1582 1381 1623 tum)
1400 1583 1442 1611 Po
1462 1588 1559 1611 tuum.
1574 1597 1613 1605 —
1651 1583 1781 1617 crimen)
1801 1583 1832 1611 D
1853 1584 1990 1613 crimine.
2006 1598 2046 1605 ·-

159 1627 339 1666 uocabatur)
358 1629 411 1656 Ma
432 1632 464 1656 et
487 1629 540 1656 Mc
560 1627 763 1656 uocabantur.
784 1642 824 1649 —
860 1627 1019 1665 iactatum)
1046 1628 1093 1656 La
1113 1638 1182 1656 cum
1202 1630 1241 1668 gl.
1263 1632 1441 1664 iacturam;
1473 1631 1536 1666 Ma,
1556 1630 1612 1666 Lc,
1632 1631 1688 1667 Pb,
1708 1631 1760 1667 Pc,
1782 1631 1816 1666 C,
1836 1641 1863 1665 ς,
1884 1635 1915 1658 et
1934 1631 1974 1669 χ5
1992 1633 2046 1659 ia-

158 1680 302 1708 cturam;
320 1675 375 1703 Mb
396 1676 524 1711 iat-tan}
543 1676 586 1704 Pa
604 1676 751 1703 iactatus.
769 1687 809 1695 ·—-
847 1673 980 1714 diuisor)
1002 1676 1026 1704 C
1047 1677 1194 1705 diuersor.
1213 1691 1251 1698 —-
1287 1677 1340 1706 abs
1360 1677 1408 1714 te)
1427 1677 1460 1706 H
1479 1677 1517 1705 ab
1538 1679 1605 1706 isto.
1622 1692 1661 1698 —
1699 1677 1774 1716 non)
1795 1678 1818 1706 C
1838 1679 1880 1706 in.
1900 1693 1939 1699 —
1976 1678 2046 1708 eius

157 1721 364 1761 damnatione)
383 1722 431 1750 La
451 1732 519 1751 cum
539 1723 579 1761 gl.
601 1721 735 1750 eiusdem
754 1723 889 1750 natione.
908 1736 949 1745 --·

231 1778 332 1806 neque
353 1767 400 1808 tu)
418 1770 457 1808 χὸ
477 1771 593 1808 utique.
611 1783 650 1791 -ι
687 1767 762 1796 haec
781 1767 888 1808 habes)
908 1770 959 1798 Sic
980 1770 1005 1798 B
1034 1775 1065 1799 et
1083 1770 1129 1808 Ἐς
1145 1771 1200 1800 Ma
1218 1770 1313 1799 habet
1330 1771 1409 1807 ᾖσι-,ε
1436 1771 1533 1800 ceteri
1558 1772 1652 1801 habes
1679 1773 1765 1801 haee.
1784 1785 1822 1794 -·
1859 1781 1961 1810 neque
1987 1772 2047 1812 eis)

158 1816 215 1851 La,
234 1815 276 1851 H,
297 1821 326 1844 et
346 1823 372 1855 ψ
392 1827 489 1855 neque
509 1823 544 1845 ίιι
564 1819 626 1852 eis;
645 1817 690 1846 Pb
711 1821 742 1844 et
761 1817 804 1845 Pc
829 1827 884 1845 nee
904 1819 939 1846 in
958 1820 1009 1847 eis.
1033 1834 1073 1842 -—
1110 1817 1251 1854 confidis)
1277 1820 1318 1847 Pa
1337 1819 1494 1848 considiis.
1513 1834 1553 1841 —
1589 1820 1663 1847 Alia
1681 1818 1724 1858 te)
1743 1819 1800 1847 Ed.
1823 1818 1883 1847 Ox.
1904 1821 1982 1848 Alia
2000 1831 2046 1856 re,

159 1867 344 1900 notaturque
372 1865 439 1892 alia
466 1871 495 1893 te
521 1873 587 1892 esse
614 1863 648 1891 in
674 1874 702 1900 ς,
722 1873 770 1902 χι,
791 1868 822 1891 et
840 1865 867 1892 3.
906 1864 972 1902 Ego
994 1875 1141 1904 nusquam
1163 1866 1326 1905 quicquam
1345 1866 1424 1895 aliut
1443 1867 1593 1906 scriptum
1614 1868 1831 1896 adnotatumue
1850 1866 1986 1905 repperi.
2005 1880 2044 1890 ·-·

158 1909 263 1948 huius)
284 1910 331 1937 La
350 1916 381 1939 et
399 1912 449 1940 Lb
470 1914 543 1940 eius.
562 1925 602 1934 —-
638 1909 851 1949 opprimendi)
870 1911 914 1939 Pa
935 1911 1102 1942 obtinendi.
1120 1928 1160 1935 —-

233 1961 305 1985 sunt
326 1957 359 1985 in
379 1957 422 1997 te)
440 1960 488 1987 La
507 1961 542 1988 in
562 1964 591 1987 te
610 1963 693 1988 sunt.
712 1971 753 1979 —
789 1955 888 1997 patet)
908 1959 961 1987 Mc
975 1966 1105 1997 patent,
1126 1961 1156 1988 D
1171 1965 1282 1998 prefer,
1303 1965 1350 1990 set
1368 1971 1467 1991 corr..
1487 1976 1525 1984 ·—-
1563 1961 1682 2001 multis)
1700 1962 1754 1992 Ma
1773 1963 1894 1991 mullos.
1913 1977 1951 1984 --
1989 1961 2042 1991 ni-

157 2004 253 2033 mium
281 2005 433 2045 retinens)
458 2006 506 2034 La
532 2007 665 2034 nimium
681 2004 782 2043 fiir-tis
808 2007 954 2034 retinens.
970 2021 1010 2026 —
1046 2008 1137 2036 multi
1157 2006 1262 2047 etiam)
1287 2009 1335 2036 La
1362 2014 1394 2037 et
1414 2009 1438 2037 C
1458 2010 1552 2038 multi
1571 2012 1668 2046 enim,
1688 2014 1736 2038 set
1755 2010 1788 2037 in
1807 2010 1853 2038 La
1873 2020 1938 2048 sup.
1959 2012 2043 2038 enim

157 2053 308 2090 scriptum
328 2055 431 2081 etiam.
449 2065 490 2073 -·
524 2051 662 2089 reorum)
690 2052 715 2080 B
736 2062 843 2086 reum5
877 2051 915 2089 E,
941 2053 1004 2088 Ma,
1023 2055 1086 2090 Mc,
1112 2054 1168 2090 La,
1188 2055 1247 2091 Lb,
1269 2056 1320 2091 Pa,
1342 2056 1396 2091 Pb,
1417 2057 1469 2092 Pe,
1488 2057 1530 2093 D,
1551 2056 1590 2092 O,
1611 2057 1646 2092 C,
1665 2067 1692 2093 ς,
1714 2067 1762 2095 χι,
1783 2062 1814 2085 et
1833 2058 1851 2085 3
1870 2067 1983 2085 rerum.
2002 2070 2042 2079 —-

158 2097 308 2137 omnium)
327 2100 368 2127 Fi
391 2102 516 2129 ciuium.
534 2113 574 2120 ·—·
610 2097 742 2138 animos)
762 2100 815 2128 Ma
834 2110 893 2128 om.
912 2115 951 2125 -ι
989 2100 1137 2140 iudicum)
1158 2102 1329 2130 Seruarunt
1348 2103 1382 2137 B,
1403 2103 1440 2138 E,
1460 2108 1491 2131 et
1511 2110 1545 2141 'lp-
1565 2118 1605 2123 —
1629 2104 1693 2132 suis
1713 2102 1915 2141 testimoniis)
1932 2106 1974 2133 Pa
1993 2110 2041 2133 te-

157 2149 313 2176 stimoniis
332 2149 412 2182 suis,
439 2147 484 2175 Pb
504 2148 571 2174 siue
591 2149 790 2182 testimoniis,
817 2147 859 2175 Pe
879 2149 945 2176 siue
973 2149 1154 2176 testimonio.
1172 2162 1213 2168 —-
1249 2148 1313 2187 aut.)
1332 2150 1370 2187 χ5
1391 2160 1462 2185 cur,
1491 2155 1595 2179 utrum
1618 2156 1689 2179 ante
1705 2157 1806 2188 grat.,
1842 2160 1879 2177 an
1899 2154 1971 2178 ante
1989 2149 2039 2186 ab,

157 2205 221 2223 non
242 2194 344 2222 adnot.
367 2194 413 2221 ed.
435 2193 513 2222 Ox..
531 2208 573 2215 -—
609 2199 662 2222 aut
681 2194 718 2222 ab
739 2192 788 2233 eo)
809 2194 866 2222 Mb
888 2205 905 2222 a
923 2195 1014 2233 prim.
1036 2205 1074 2223 m.
1096 2202 1132 2223 ut
1151 2195 1190 2223 ab
1211 2207 1260 2232 eo,
1281 2206 1298 2224 a
1318 2206 1376 2224 sec.
1398 2203 1454 2225 aut
1475 2197 1514 2225 ab
1535 2208 1586 2232 eo;
1605 2198 1647 2226 F1
1670 2204 1727 2226 ant
1746 2209 1786 2226 eo.
1805 2211 1844 2218 —-

232 2241 260 2281 §.
281 2242 326 2270 56.
348 2239 477 2279 indices)
498 2242 536 2279 χ5
555 2240 717 2269 indicibus:
737 2254 776 2264 —-
811 2241 1011 2280 pugnantem)
1031 2243 1055 2271 C
1073 2253 1227 2281 pugnare.
1246 2257 1285 2265 —·
1321 2254 1408 2272 more
1428 2253 1497 2271 meo
1518 2244 1665 2282 pristino)
1691 2244 1741 2272 Sic
1761 2245 1786 2272 B
1806 2249 1837 2272 et
1855 2244 1899 2281 E;
1932 2245 1986 2273 Ma
2005 2250 2038 2275 et

158 2289 207 2318 Le
225 2299 290 2317 meo
306 2291 442 2326 pristino
463 2298 564 2322 more;
584 2287 679 2316 ceteri
699 2297 764 2315 meo
785 2298 867 2317 more
880 2291 1030 2326 pristino.
1048 2303 1088 2311 -·
1125 2289 1198 2328 quo)
1219 2291 1239 2318 S
1260 2295 1292 2319 et
1311 2301 1346 2329 χι
1370 2291 1459 2329 quod.
1478 2305 1516 2311 —-
1555 2290 1710 2329 defugere)
1738 2291 1788 2319 Sic
1810 2292 1840 2327 S,
1867 2299 1903 2330 ψ,
1924 2297 1956 2321 et
1975 2292 2036 2321 duo

157 2336 306 2373 Lambb.;
327 2335 422 2364 ceteri
443 2334 586 2373 efficgere.
604 2348 643 2357 υ·-
680 2334 763 2373 quia)
782 2345 801 2367 ς·
821 2346 892 2373 qua.
911 2351 951 2357 —·
987 2335 1099 2375 neque)
1124 2339 1166 2366 Pa
1187 2347 1252 2373 om,
1281 2338 1305 2366 C
1325 2349 1439 2376 meque.
1457 2352 1496 2360 --
1533 2343 1595 2373 est,
1614 2348 1663 2366 me
1683 2338 1714 2366 id
1734 2339 1890 2378 persequi)
1916 2340 1964 2368 Lc
1992 2346 2037 2369 est

157 2385 193 2420 id
209 2385 360 2422 consequi.
375 2398 414 2404 —-
452 2382 533 2419 quod
554 2381 621 2420 uos)
640 2383 679 2419 χζό
699 2382 782 2419 quod
798 2383 861 2419 ism·
879 2393 953 2420 quos
973 2394 1036 2412 uos.
1055 2398 1094 2405 —-
1131 2384 1246 2422 mente)
1273 2385 1317 2413 Pa
1335 2391 1440 2414 morte.
1460 2398 1499 2406 --
1536 2384 1679 2422 uideatis)
1700 2385 1730 2413 D
1751 2387 1874 2416 uidetis.
1892 2401 1932 2408 -
1967 2397 2034 2416 me-

158 2430 215 2459 riti
234 2428 317 2468 smit)
336 2431 364 2458 E
385 2434 416 2458 et
435 2429 477 2458 Fi
499 2430 604 2458 meriti
623 2430 704 2465 sint,
724 2429 780 2458 Mb
800 2434 875 2457 sunt
893 2433 1006 2462 meriti.
1025 2444 1063 2453 —-·
1100 2431 1173 2471 ipsi)
1193 2433 1235 2462 F1
1256 2443 1315 2462 0111.
1334 2448 1373 2455 —-
