2185 2720
163 159 254 190 XCII
836 155 1364 186 PROLEGOMENA.

1055 229 1137 270 §.2-

235 303 391 332 I’irtutcm
412 305 522 335 autem,
542 310 600 338 qua
621 300 658 329 de
678 301 789 339 agitur,
807 302 952 331 bcllicam
972 301 1137 339 iutellegw,
1158 310 1234 339 quae
1255 310 1376 338 semper
1395 310 1537 328 maxume
1556 299 1670 329 honori
1690 301 1759 331 suit.
1789 304 1926 332 Marcum
1948 303 2031 332 enim

160 351 342 383 'Marcellum
361 347 529 376 aemulatus
550 352 596 375 cst
616 347 650 376 C.
670 349 804 383 Marius3
833 355 867 377 ut
887 349 1078 387 inperatores
1107 347 1166 375 duo
1196 346 1463 386 praestantissumi
1491 347 1551 375 duo
1580 348 1695 386 templa
1720 348 1828 378 iisdem
1853 350 2030 379 nominibus

160 397 338 428 dedicarint.
377 395 464 431 Quae
484 405 532 422 res
550 395 664 422 nostris
685 395 873 431 hominibus,
893 400 927 424 ut
946 395 1038 434 paulo
1058 400 1129 433 post
1149 394 1332 429 uidebimus,
1352 393 1453 422 fraudi
1472 394 1541 422 suit.
1579 394 1708 423 Tertius
1729 395 1883 425 addendus
1903 403 1949 426 est
1968 398 2032 426 cla-

159 447 306 476 rissumus
326 443 485 480 inperator
507 443 546 478 Q.
571 441 684 470 Fabius
704 444 878 471 lNIaxumus.
917 443 969 470 Sic
991 442 1073 470 enim
1089 441 1129 470 II.
1153 441 1190 469 de
1213 446 1276 469 nat.
1291 440 1372 468 deor.
1387 441 1448 469 23.z
1486 441 1578 469 Uicles
1603 443 1738 470 Uirtutis
1761 444 1925 480 templum,
1945 445 2034 473 uides

158 492 313 522 lionoris,
333 500 353 516 a
373 491 420 518 M.
441 489 594 516 Esarcello
614 496 795 518 renouatum
808 510 817 524 ,
846 490 930 527 qaod
946 491 1053 518 maltis
1073 495 1145 516 ante
1164 490 1257 517 annis
1277 493 1344 515 erat
1364 487 1439 515 bello
1459 488 1618 526 Ligustico
1639 499 1659 516 a
1679 491 1886 527 Q.I1Iax11mo
1906 491 2033 520 dedica-

158 546 234 567 tum.
255 537 307 564 Set
326 535 359 563 in
379 534 428 563 his
449 534 640 572 explicandis
653 535 729 564 haut
744 536 823 564 leuis
841 541 886 564 est
907 536 1077 565 difficultas.
1104 536 1207 564 Facile
1223 534 1444 572 intellegerem,
1464 534 1490 562 si
1509 534 1552 563 ita
1571 535 1757 574 scripsisset:
1783 537 1876 564 Uides
1895 537 2034 566 Honoris

158 585 326 623 templum»,
346 583 432 610 uides
451 583 589 609 Honoris
610 587 638 608 et
663 582 799 611 Uirtutis
819 592 839 610 a
859 583 908 610 ῘΙῘ.
928 584 1080 612 Marcello
1100 588 1304 615 renouatum,
1331 581 1441 619 quibus
1460 592 1521 610 non
1540 583 1648 610 multis
1667 589 1740 611 ante
1759 584 1850 611 annis
1871 589 1938 611 erat
1957 583 2034 612 bello

159 634 323 671 Ligustico
344 639 363 656 α
385 629 418 664 Q.
440 629 593 655 Maxumo
613 628 798 659 dedicatum.
829 629 909 657 Nam
928 629 1063 668 primum
1082 629 1178 657 solius
1194 628 1333 657 Honoris
1354 628 1503 667 templum
1523 628 1664 656 extitisse
1685 629 1724 657 ΙΙ.
1746 629 1782 657 de
1802 630 1878 668 legg.
1898 631 1945 659 23.
1965 630 2034 669 ipse

158 684 304 712 testatur,
332 685 457 712 eamque
477 674 562 702 illius
583 675 736 703 condendi
757 686 890 704 caussam
917 681 1055 711 enarrat,
1089 686 1165 714 qnae
1190 675 1271 704 nihil
1292 675 1329 703 ad
1349 676 1496 712 Fabium,
1527 675 1579 704 cui
1597 685 1616 704 a
1635 675 1846 713 XVesselingio
1873 677 2033 715 tribuitur¹

159 727 269 756 Fuisse
296 723 411 751 dicitur
439 727 526 749 extra
549 727 675 758 por-tam
701 723 871 756 Collinam,
898 732 967 751 cum
992 723 1229 753 Marcellianum
1257 723 1354 752 fuerit
1379 723 1417 750 ad
1444 722 1607 760 Capenam.
1646 722 1731 759 Quid
1756 723 1789 751 ni
1815 723 1911 761 igitur
1936 724 2034 753 solius

159 774 253 802 ctiam
272 769 410 798 Uirtutis
430 767 520 795 aedes
539 768 705 796 extiterit?
737 769 780 797 Et
805 769 929 807 quidem
957 780 974 798 a
995 770 1141 808 Scipione
1161 770 1353 798 Numantino
1380 769 1535 798 conditam
1561 769 1657 798 tradit
1676 770 1860 799 Plutarchus
1880 771 1918 799 de
1937 771 1972 799 F.
1993 771 2034 800 R.

160 821 181 849 l.
202 830 244 856 c.;
265 816 347 855 quod
366 816 393 843 si
412 815 455 843 ita
475 820 537 850 est,
557 815 728 844 addendum
747 822 794 845 est
812 817 902 852 illut,
920 816 1003 854 quod
1023 817 1131 854 posui,
1151 823 1180 845 et
1205 819 1360 851 Uirtutis,
1378 817 1561 856 praesertim
1581 827 1650 845 cum
1670 816 1703 844 in
1724 817 1868 846 Sestiana
1886 818 2033 847 similiter

159 867 316 896 turbatum
343 863 447 891 fuerit.
487 862 597 900 quue
616 862 774 891 lubentius
797 863 954 901 copulam,
986 873 1064 901 quae
1085 869 1210 902 optume
1238 864 1324 893 deest
1344 865 1376 892 in
1398 865 1557 900 Sestiana,
1586 864 1637 893 hic
1657 864 1872 901 adgnouerim‚
1897 864 1981 902 quod
2000 869 2033 895 et

161 917 246 941 extat
266 910 322 938 IV.
342 909 376 936 in
396 909 488 936 Uerr.
511 909 575 943 54„
594 914 627 937 et
647 910 789 938 Marcelli
809 910 959 948 templum
980 910 1052 938 duas
1073 911 1165 939 cellas
1184 910 1318 939 habebat
1337 912 1518 939 coniunctas
1545 911 1578 939 iu
1598 911 1781 946 latitudine,
1806 921 1861 939 suo
1881 919 2033 950 quamque

159 969 277 1000 pronao
298 962 388 994 atque
408 955 506 991 ostio,
526 965 600 993 quas
620 956 738 985 idcirco
757 958 843 986 aedis
861 957 1024 996 appellant
1041 957 1154 986 Liuius
1174 957 1195 986 l.
1216 968 1241 986 c.
1260 963 1293 986 ct
1312 959 1432 987 Plinius
1452 958 1606 994 XXXV,
1630 968 1690 994 10.‚
1709 962 1817 986 contra
1836 958 1870 985 in
1889 958 2032 988 Mariano

159 1018 222 1038 una
241 1010 321 1040 erat,
342 1013 437 1042 eaque
455 1003 537 1031 ostio
557 1003 590 1030 in
610 1004 729 1041 postica
746 1010 853 1043 parte,
871 1005 997 1043 porticu
1015 1008 1118 1032 tamen
1137 1014 1201 1032 non
1221 1004 1400 1041 deficiente,
1418 1006 1549 1035 carebat.
1587 1006 1691 1034 Docet
1709 1004 1893 1040 Uitruuius,
1913 1004 1951 1032 de
1970 1015 2032 1043 quo

159 1065 233 1085 mox
252 1052 313 1080 erit
332 1050 490 1088 agendum.
527 1049 652 1077 Deinde
678 1060 748 1079 cum
773 1061 926 1090 proxume
946 1052 1056 1080 Cicero
1085 1051 1194 1079 Fidem
1218 1056 1289 1080 ante
1310 1052 1456 1080 Scaurum
1481 1063 1498 1081 a
1519 1052 1659 1081 Calatino
1679 1057 1885 1081 consecratam
1906 1052 2033 1090 dixerit,

159 1113 216 1132 cm·
234 1110 298 1130 nou
317 1098 363 1126 ibi
382 1097 485 1136 potius
505 1096 628 1135 posuit,
653 1099 760 1126 multis
780 1104 854 1127 ante
880 1098 998 1127 annis?
1024 1098 1116 1126 Nunc
1143 1098 1257 1128 multos
1283 1108 1378 1127 annos
1407 1099 1490 1128 inter
1509 1099 1587 1128 Fabi
1613 1110 1690 1138 opus
1717 1105 1748 1128 et
1767 1097 1910 1128 Marcelli
1934 1099 2032 1128 fuisso

159 1149 245 1184 uolt,
276 1145 328 1185 qui
355 1144 495 1182 aequales
522 1143 658 1172 suerunt.
696 1143 811 1173 Fabius
838 1156 918 1174 auno
943 1146 1055 1174 DXX.
1083 1144 1175 1185 (521.)
1204 1145 1242 1174 de
1268 1145 1437 1183 Liguribus
1463 1147 1685 1187 triumphauit,
1723 1157 1801 1185 opus
1832 1145 1895 1173 cito
1921 1146 2032 1184 perfici

159 1195 272 1235 potuit.
311 1192 476 1221 Marcellus
497 1195 569 1229 post
587 1190 738 1227 insignem
759 1192 796 1220 ad
814 1193 998 1222 Clastidium
1018 1203 1166 1232 pugnam,
1193 1193 1227 1221 in
1247 1202 1306 1231 qua
1324 1193 1429 1221 aedem
1449 1193 1534 1222 illam
1553 1199 1702 1230 uouerat,
1726 1192 1931 1231 triumphauit
1948 1203 2030 1223 anno

157 1238 329 1270 DXXVI..
369 1238 456 1276 Opus
477 1247 554 1275 quae
574 1247 694 1266 caussae
713 1239 915 1276 retardariut,
940 1251 1031 1268 nemo
1058 1240 1211 1279 prodidit3
1240 1250 1320 1269 anno
1340 1241 1479 1269 DXLV.
1499 1242 1673 1280 perfectum
1692 1240 1749 1268 uix
1768 1240 1844 1275 suit,
1869 1249 1929 1277 quo
1947 1250 2030 1269 anno

156 1299 227 1318 eum
254 1288 288 1315 in
314 1284 432 1324 praelio
459 1284 625 1312 Marcellus
651 1286 850 1322 occubuerit,
875 1287 1017 1316 dedicare
1044 1287 1111 1325 ipse
1138 1297 1201 1315 non
1228 1288 1341 1327 potuit.
1382 1288 1518 1326 Tempus
1544 1288 1627 1316 iuter
1653 1287 1709 1316 hos
1736 1286 1885 1315 terminos
1904 1286 2031 1325 longum

157 1335 237 1365 sumi
257 1344 319 1361 non
339 1341 443 1371 posse,
464 1330 602 1359 Buherio
622 1337 654 1360 ct
672 1333 821 1369 Dauisio,
846 1334 903 1372 qui
922 1334 1117 1372 negationem
1137 1333 1331 1371 inserebant,
1358 1335 1603 1372 KVcsselingium
1622 1335 1793 1363 concedere
1812 1343 1936 1362 necesse
1956 1334 2029 1372 fuit,

158 1383 200 1411 II.
222 1382 353 1409 Obseru,
374 1380 410 1407 5..
449 1378 493 1406 At
512 1378 641 1407 Liuium
660 1380 793 1418 opponit
811 1380 964 1417 XXVII,
981 1382 1045 1417 34„
1073 1381 1127 1418 qui
1146 1382 1190 1409 M.
1211 1382 1414 1410 Salinatorem
1441 1382 1550 1410 scribit
1569 1383 1678 1410 multis
1696 1388 1768 1410 ante
1787 1384 1881 1410 annis
1899 1393 1936 1410 ex
1954 1393 2030 1412 mn·

155 1430 265 1457 salam
287 1427 398 1464 populi
423 1426 539 1454 iudicio
566 1426 751 1454 damnatum
783 1426 897 1455 iterum
929 1438 1008 1456 anno
1043 1428 1100 1456 illo
1129 1428 1287 1457 consulem
1312 1429 1436 1458 factum.
1475 1429 1504 1457 Is
1529 1438 1624 1464 uero,
1651 1429 1704 1467 qui
1731 1439 1812 1457 anno
1831 1428 2029 1460 DXXXIV.

157 1475 268 1504 consul
287 1475 396 1509 fuerat,
415 1483 495 1501 anuo
516 1472 671 1501 DXLVI.
692 1473 807 1502 iterum
826 1473 896 1502 fuit.
927 1474 1121 1514 lVesselingi
1141 1476 1334 1515 subscriptor
1348 1477 1498 1505 Ernestus
1517 1480 1602 1504 recte
1620 1475 1812 1504 locutionem
1830 1474 1909 1504 hanc
1928 1483 2030 1515 uocat,

156 1530 195 1554 ut
215 1523 377 1553 Dialectici
407 1523 567 1559 locuntur,
594 1519 743 1562 σχετικὴν.
786 1523 894 1551 Liuius
922 1524 1016 1562 igitur
1042 1529 1163 1563 tempus
1190 1525 1328 1554 intuetur
1357 1525 1445 1562 illut,
1482 1524 1565 1563 quod
1594 1525 1659 1553 uita
1687 1524 1845 1554 hominum
1871 1531 1971 1564 potest
1992 1528 2028 1558 in

157 1574 251 1604 rebus
271 1571 393 1610 agendis
414 1581 610 1607 consumere,
640 1572 751 1601 Cicero
781 1572 814 1600 in
835 1574 919 1601 omni
938 1574 1025 1602 urbis
1045 1574 1230 1612 antiquitate
1249 1575 1409 1614 spatiatur.
1446 1575 1623 1610 Postremo,
1650 1574 1734 1612 quod
1753 1580 1845 1613 eaput
1861 1581 1924 1613 est,
1948 1582 2030 1607 tem-

157 1620 243 1659 plum
264 1629 327 1647 non
347 1618 470 1647 uidetur
489 1618 559 1646 uiro
580 1619 765 1647 doctissumo
786 1625 970 1649 renouatum
989 1631 1007 1650 a
1025 1622 1194 1658 Marcello,
1218 1627 1266 1651 set
1284 1621 1470 1650 institutum.
1508 1621 1591 1650 Mihi
1617 1622 1741 1660 quidem
1768 1622 1845 1651 aliut
1863 1624 2029 1655 consilium

158 1672 221 1701 est,
241 1671 286 1695 set
304 1671 407 1694 tamen
424 1665 463 1692 ab
484 1674 520 1693 eo
540 1666 691 1694 refectum
711 1666 837 1694 eredere
857 1667 913 1696 uix
933 1679 1067 1707 possum.
1105 1669 1248 1698 Hocciue
1267 1674 1302 1698 ut
1322 1670 1435 1698 factum
1455 1668 1504 1704 sit,
1532 1668 1606 1696 uiuo
1627 1674 1658 1696 et
1677 1668 1807 1707 inperiis
1826 1669 2030 1710 laudibusque

157 1714 290 1743 florente
309 1712 431 1740 Fabio?
451 1712 533 1750 quod
553 1718 617 1741 erat
636 1713 684 1741 ius
703 1713 737 1741 in
757 1713 858 1742 aliena
876 1721 1074 1744 monumenta
1093 1716 1270 1745 Marcello?
1296 1716 1354 1744 ssle
1374 1717 1477 1754 itaque
1496 1725 1553 1753 pro
1573 1715 1708 1743 amicitia
1726 1717 1924 1745 concesserit.
1960 1718 2030 1747 Ne-

158 1770 218 1799 que
237 1759 288 1787 hic
307 1759 452 1797 petisset,
472 1769 572 1798 neque
596 1760 651 1788 ille
669 1761 878 1799 permisisset,
903 1762 982 1799 uisi,
1008 1768 1069 1792 tam
1088 1773 1198 1792 recens
1217 1773 1286 1792 cum
1306 1768 1402 1799 esset,
1430 1763 1542 1792 uitium
1561 1767 1664 1791 tamen
1682 1762 1810 1798 fecerit,
1829 1763 1889 1792 iam
1907 1764 2030 1804 iamque

158 1811 332 1836 conrueret.
371 1807 468 1835 Immo
487 1817 527 1835 ne
548 1807 590 1835 ita
610 1807 742 1845 quidem.
780 1807 864 1845 Ego,
883 1814 918 1837 ut
937 1809 1033 1838 breue
1053 1810 1178 1846 faciam,
1204 1811 1248 1839 sie
1268 1811 1433 1848 intellego:
1460 1811 1486 1839 si
1505 1811 1654 1850 templum
1673 1809 1769 1837 solius
1789 1808 1924 1839 Uirtutis
1944 1813 2030 1842 exti-

157 1854 250 1888 terit,
270 1853 404 1881 secundo
424 1853 493 1881 loco
513 1855 652 1883 Honoris
672 1861 701 1883 et
725 1856 862 1883 Uirtuti-s·
881 1856 1058 1893 ponendum
1078 1867 1161 1894 esse3
1196 1867 1236 1885 ne
1255 1857 1384 1886 uerbum
1408 1863 1518 1886 contra
1536 1859 1636 1887 libros
1655 1856 1815 1892 addamus,
1843 1857 1916 1886 duas
1935 1859 2028 1890 cellas

158 1901 273 1937 templa
293 1900 414 1936 uocari,
440 1906 476 1929 ut
495 1901 583 1928 aedes
604 1902 728 1929 eaedem
754 1912 771 1929 a
789 1901 885 1930 Liuio
913 1907 944 1931 et
969 1914 987 1931 a
1006 1905 1127 1942 Plini03
1154 1909 1337 1935 renouatum
1364 1914 1381 1932 a
1400 1905 1550 1934 Lim-cello
1570 1903 1742 1933 aedificium
1762 1912 1825 1931 non
1843 1903 1955 1943 fuisse,
1981 1911 2029 1936 set

156 1947 300 1982 titulum;
327 1953 510 1975 renouatum
537 1958 632 1985 porro
653 1949 800 1986 templum
820 1949 933 1978 eisdem
954 1950 1013 1979 diis
1039 1952 1082 1980 ita
1102 1952 1180 1989 dici,
1206 1957 1241 1980 ut
1259 1952 1392 1980 aliorum
1412 1953 1568 1990 exempla,
1593 1962 1662 1980 cum
1682 1951 1749 1989 quis
1770 1950 1802 1978 in
1821 1961 1854 1979 se
1874 1954 2029 1991 transfert,

157 1992 259 2022 denuo
288 1992 367 2028 edit,
395 1994 577 2032 exequitur,
611 1996 726 2034 referri
750 2005 784 2024 ac
810 1999 959 2025 renouari
986 1997 1141 2028 dicuntur.
1179 1999 1311 2027 Fabium
1336 1999 1440 2037 itaque
1466 1998 1582 2026 eisdem
1609 1998 1788 2027 nominibus
1816 1998 1853 2026 de
1874 2001 2029 2030 manubiis

157 2039 328 2077 Ligusticis
355 2040 432 2068 aliut
457 2046 546 2069 antea
572 2042 763 2078 condidisse,
790 2043 874 2081 quod
898 2044 1029 2073 fortasse
1057 2046 1218 2074 Ciceronis
1244 2051 1386 2084 tempore
1411 2055 1474 2073 non
1499 2046 1640 2082 extabat,
1667 2051 1752 2074 certe
1776 2050 1877 2074 autem
1900 2046 2029 2076 alterius

157 2086 384 2124 magnificentia
403 2092 433 2115 et
451 2088 640 2117 ornamentis
668 2089 839 2117 Sicularum
859 2091 983 2120 urbium
1011 2093 1141 2131 egregiis
1162 2093 1359 2122 obruebatur.
1398 2092 1566 2121 Tarditatis
1587 2098 1688 2122 autem
1708 2093 1794 2122 illius
1814 2103 1952 2131 caussae,
1979 2093 2027 2122 rei

157 2133 317 2173 publicae,
346 2143 415 2162 cum
433 2134 591 2162 Hannibal
610 2140 750 2172 urgeret,
776 2136 924 2176 urbisque
942 2142 1056 2178 status,
1083 2140 1199 2170 bellum
1219 2140 1374 2176 Siculum,
1399 2149 1530 2178 spesque
1549 2141 1680 2180 praedae
1698 2151 1762 2170 non
1781 2140 1892 2178 fallax,
1918 2149 2026 2169 manu-

158 2181 228 2211 biae
248 2181 380 2221 denique
399 2181 484 2220 ipsae
503 2181 650 2212 uidentur
667 2182 772 2213 fuisse.

1051 2273 1080 2317 §.
1104 2281 1133 2311 3.

234 2341 326 2372 'Nunc
347 2343 384 2372 ad
404 2343 437 2373 C.
457 2342 538 2373 Mari
563 2348 796 2373 monumentum
821 2344 998 2383 redeamus,
1023 2346 1059 2376 in
1079 2347 1163 2387 quod
1182 2347 1293 2377 Cicero
1313 2347 1336 2377 I.
1358 2347 1395 2377 de
1416 2348 1513 2377 diuin.
1532 2351 1578 2380 28.
1598 2349 1708 2379 scribit
1725 2358 1758 2378 se
1777 2345 1888 2376 deduci
1907 2347 2025 2376 somni-

159 2397 233 2418 asse.
273 2391 350 2419 Cum
369 2391 496 2419 deorum
516 2391 642 2420 nomina
660 2402 700 2420 ne
719 2392 764 2420 ibi
785 2393 909 2431 quidem
935 2394 1100 2430 adiecerit,
1130 2395 1334 2433 Hottingcrus
1354 2395 1446 2424 fidem
1472 2396 1582 2425 habuit
1609 2396 1714 2424 eadem
1738 2394 1875 2422 narranti
1894 2393 2024 2424 Ualerio

159 2437 243 2466 Max.
265 2436 296 2472 I,
317 2447 349 2473 7,
370 2438 413 2474 5.;
433 2437 483 2466 hic
504 2443 620 2475 autem,
646 2441 680 2467 in
700 2440 793 2473 aede,
819 2440 937 2480 inquit,
963 2441 1051 2470 Iouis
1070 2442 1227 2471 Mariana
1252 2443 1351 2472 SCum
1377 2444 1413 2472 cle
1438 2444 1543 2473 reditu
1568 2445 1634 2472 eius
1658 2448 1703 2472 est
1718 2441 1858 2480 factum.
1894 2442 2024 2480 Magnus
