<?xml version="1.0" encoding="UTF-8"?>
<!DOCTYPE html PUBLIC "-//W3C//DTD XHTML 1.0 Transitional//EN"
    "http://www.w3.org/TR/xhtml1/DTD/xhtml1-transitional.dtd">
<html xmlns="http://www.w3.org/1999/xhtml" xml:lang="en" lang="en">
 <head>
  <title>
</title>
<meta http-equiv="Content-Type" content="text/html;charset=utf-8" />
  <meta name='ocr-system' content='tesseract 3.04.00' />
  <meta name='ocr-capabilities' content='ocr_page ocr_carea ocr_par ocr_line ocrx_word'/>
</head>
<body>
  <div class='ocr_page' id='page_1' title='image "./oratioprocnplanc00ciceuoft/oratioprocnplanc00ciceuoft_0288.png"; bbox 0 0 2185 2720; ppageno 0'>
   <div class='ocr_carea' id='block_1_1' title="bbox 140 136 1374 172">
    <p class='ocr_par' dir='ltr' id='par_1_1' title="bbox 140 136 1374 172">
     <span class='ocr_line' id='line_1_1' title="bbox 140 136 1374 172; baseline -0.004 -1"><span class='ocrx_word' id='word_1_1' title='bbox 140 145 193 172; x_wconf 77' lang='lat'><em>170</em></span> <span class='ocrx_word' id='word_1_2' title='bbox 802 136 1374 167; x_wconf 88' lang='lat' dir='ltr'><strong>COMMENTARIUS.</strong></span> 
     </span>
    </p>
   </div>
   <div class='ocr_carea' id='block_1_2' title="bbox 139 210 2025 2470">
    <p class='ocr_par' dir='ltr' id='par_1_2' title="bbox 139 210 2017 677">
     <span class='ocr_line' id='line_1_2' title="bbox 139 210 2011 260; baseline 0.003 -14"><span class='ocrx_word' id='word_1_3' title='bbox 139 213 266 251; x_wconf 83' lang='lat' dir='ltr'><em>sentio,</em></span> <span class='ocrx_word' id='word_1_4' title='bbox 309 213 340 244; x_wconf 86' lang='lat' dir='ltr'><em>si</em></span> <span class='ocrx_word' id='word_1_5' title='bbox 369 212 435 244; x_wconf 87' lang='lat' dir='ltr'><em>mei</em></span> <span class='ocrx_word' id='word_1_6' title='bbox 453 210 550 255; x_wconf 87' lang='lat' dir='ltr'><em>facti</em></span> <span class='ocrx_word' id='word_1_7' title='bbox 580 212 749 245; x_wconf 71' lang='lat' dir='ltr'><em>rationem</em></span> <span class='ocrx_word' id='word_1_8' title='bbox 775 212 891 251; x_wconf 77' lang='lat' dir='ltr'><em>uobis,</em></span> <span class='ocrx_word' id='word_1_9' title='bbox 931 212 1226 255; x_wconf 78' lang='lat' dir='ltr'><em>constantiamque</em></span> <span class='ocrx_word' id='word_1_10' title='bbox 1253 212 1358 245; x_wconf 76' lang='lat' dir='ltr'><em>liuius</em></span> <span class='ocrx_word' id='word_1_11' title='bbox 1386 212 1477 257; x_wconf 88' lang='lat' dir='ltr'><em>offici</em></span> <span class='ocrx_word' id='word_1_12' title='bbox 1504 225 1545 246; x_wconf 86' lang='lat' dir='ltr'><em>ac</em></span> <span class='ocrx_word' id='word_1_13' title='bbox 1573 212 1781 256; x_wconf 80' lang='lat' dir='ltr'><em>defensionis</em></span> <span class='ocrx_word' id='word_1_14' title='bbox 1803 217 2011 260; x_wconf 80' lang='lat' dir='ltr'><em>probauer0‚</em></span> 
     </span>
     <span class='ocr_line' id='line_1_3' title="bbox 141 264 2011 309; baseline 0.002 -11"><span class='ocrx_word' id='word_1_15' title='bbox 141 278 299 298; x_wconf 81' lang='lat' dir='ltr'><em>caussam</em></span> <span class='ocrx_word' id='word_1_16' title='bbox 321 277 452 309; x_wconf 75' lang='lat' dir='ltr'><em>quoqne</em></span> <span class='ocrx_word' id='word_1_17' title='bbox 473 277 525 296; x_wconf 90' lang='lat' dir='ltr'><em>me</em></span> <span class='ocrx_word' id='word_1_18' title='bbox 546 265 589 297; x_wconf 91' lang='lat' dir='ltr'><em>P.</em></span> <span class='ocrx_word' id='word_1_19' title='bbox 610 265 728 296; x_wconf 78' lang='lat' dir='ltr'><em>Sullae</em></span> <span class='ocrx_word' id='word_1_20' title='bbox 747 265 986 308; x_wconf 79' lang='lat' dir='ltr'><em>probaturum.</em></span> <span class='ocrx_word' id='word_1_21' title='bbox 1032 264 1247 305; x_wconf 86' lang='lat' dir='ltr'><em>Quamquam</em></span> <span class='ocrx_word' id='word_1_22' title='bbox 1277 265 1342 296; x_wconf 90' lang='lat' dir='ltr'><em>hoc</em></span> <span class='ocrx_word' id='word_1_23' title='bbox 1365 264 1502 307; x_wconf 85' lang='lat' dir='ltr'><em>quidem</em></span> <span class='ocrx_word' id='word_1_24' title='bbox 1523 266 1560 297; x_wconf 89' lang='lat' dir='ltr'><em>in</em></span> <span class='ocrx_word' id='word_1_25' title='bbox 1581 265 1657 297; x_wconf 89' lang='lat' dir='ltr'><em>loco</em></span> <span class='ocrx_word' id='word_1_26' title='bbox 1678 268 1777 309; x_wconf 86' lang='lat' dir='ltr'><em>pauci</em></span> <span class='ocrx_word' id='word_1_27' title='bbox 1798 274 1930 301; x_wconf 67' lang='lat' dir='ltr'><em>tantum</em></span> <span class='ocrx_word' id='word_1_28' title='bbox 1952 282 2011 302; x_wconf 91' lang='lat' dir='ltr'><em>co-</em></span> 
     </span>
     <span class='ocr_line' id='line_1_4' title="bbox 139 316 2011 362; baseline 0.003 -13"><span class='ocrx_word' id='word_1_29' title='bbox 139 318 229 349; x_wconf 84' lang='lat' dir='ltr'><strong>dices</strong></span> <span class='ocrx_word' id='word_1_30' title='bbox 246 319 393 362; x_wconf 77' lang='lat' dir='ltr'><em>putauit</em></span> <span class='ocrx_word' id='word_1_31' title='bbox 415 317 568 349; x_wconf 84' lang='lat' dir='ltr'><em>additum</em></span> <span class='ocrx_word' id='word_1_32' title='bbox 590 318 730 357; x_wconf 83' lang='lat' dir='ltr'><em>habent,</em></span> <span class='ocrx_word' id='word_1_33' title='bbox 767 318 840 349; x_wconf 86' lang='lat' dir='ltr'><em>aliis</em></span> <span class='ocrx_word' id='word_1_34' title='bbox 863 323 999 361; x_wconf 80' lang='lat' dir='ltr'><em>sperat,</em></span> <span class='ocrx_word' id='word_1_35' title='bbox 1034 316 1107 348; x_wconf 85' lang='lat' dir='ltr'><em>aliis</em></span> <span class='ocrx_word' id='word_1_36' title='bbox 1133 318 1307 360; x_wconf 79' lang='lat' dir='ltr'><em>sperauit,</em></span> <span class='ocrx_word' id='word_1_37' title='bbox 1339 318 1414 349; x_wconf 85' lang='lat' dir='ltr'><em>aliis</em></span> <span class='ocrx_word' id='word_1_38' title='bbox 1435 318 1500 349; x_wconf 88' lang='lat' dir='ltr'><em>alia</em></span> <span class='ocrx_word' id='word_1_39' title='bbox 1521 330 1585 361; x_wconf 83' lang='lat' dir='ltr'><em>pro</em></span> <span class='ocrx_word' id='word_1_40' title='bbox 1611 330 1650 350; x_wconf 94' lang='lat' dir='ltr'><em>eo</em></span> <span class='ocrx_word' id='word_1_41' title='bbox 1674 320 1778 351; x_wconf 87' lang='lat' dir='ltr'><em>uerba</em></span> <span class='ocrx_word' id='word_1_42' title='bbox 1799 321 2011 355; x_wconf 82' lang='lat' dir='ltr'><strong>addentibus.</strong></span> 
     </span>
     <span class='ocr_line' id='line_1_5' title="bbox 142 367 2014 418; baseline 0.003 -17"><span class='ocrx_word' id='word_1_43' title='bbox 142 371 221 412; x_wconf 89' lang='lat' dir='ltr'><em>Quo</em></span> <span class='ocrx_word' id='word_1_44' title='bbox 245 370 366 401; x_wconf 83' lang='lat' dir='ltr'><em>certius</em></span> <span class='ocrx_word' id='word_1_45' title='bbox 390 376 454 410; x_wconf 87' lang='lat' dir='ltr'><em>est,</em></span> <span class='ocrx_word' id='word_1_46' title='bbox 477 370 565 401; x_wconf 87' lang='lat' dir='ltr'><em>nihil</em></span> <span class='ocrx_word' id='word_1_47' title='bbox 586 370 724 409; x_wconf 79' lang='lat' dir='ltr'><em>horum,</em></span> <span class='ocrx_word' id='word_1_48' title='bbox 749 381 810 401; x_wconf 86' lang='lat' dir='ltr'><em>nec</em></span> <span class='ocrx_word' id='word_1_49' title='bbox 830 370 990 414; x_wconf 79' lang='lat' dir='ltr'><em>putauit,</em></span> <span class='ocrx_word' id='word_1_50' title='bbox 1012 380 1074 400; x_wconf 88' lang='lat' dir='ltr'><em>nec</em></span> <span class='ocrx_word' id='word_1_51' title='bbox 1096 370 1270 413; x_wconf 82' lang='lat' dir='ltr'><em>sperauit,</em></span> <span class='ocrx_word' id='word_1_52' title='bbox 1291 367 1354 402; x_wconf 79' lang='lat' dir='ltr'><em>nec</em></span> <span class='ocrx_word' id='word_1_53' title='bbox 1376 371 1581 411; x_wconf 81' lang='lat' dir='ltr'><em>existumat,</em></span> <span class='ocrx_word' id='word_1_54' title='bbox 1607 383 1627 403; x_wconf 86' lang='lat' dir='ltr'><em>a</em></span> <span class='ocrx_word' id='word_1_55' title='bbox 1653 372 1816 404; x_wconf 85' lang='lat' dir='ltr'>Cicerone</span> <span class='ocrx_word' id='word_1_56' title='bbox 1839 385 1910 406; x_wconf 89' lang='lat' dir='ltr'><em>esse</em></span> <span class='ocrx_word' id='word_1_57' title='bbox 1930 387 2014 418; x_wconf 90' lang='lat' dir='ltr'><em>pro-</em></span> 
     </span>
     <span class='ocr_line' id='line_1_6' title="bbox 141 421 2016 464; baseline 0.003 -11"><span class='ocrx_word' id='word_1_58' title='bbox 141 422 278 460; x_wconf 86' lang='lat' dir='ltr'><em>fectum,</em></span> <span class='ocrx_word' id='word_1_59' title='bbox 303 422 395 454; x_wconf 89' lang='lat' dir='ltr'><em>cuius</em></span> <span class='ocrx_word' id='word_1_60' title='bbox 418 434 557 454; x_wconf 89' lang='lat' dir='ltr'><em>manum</em></span> <span class='ocrx_word' id='word_1_61' title='bbox 579 422 757 464; x_wconf 75' lang='lat' dir='ltr'><em>genuinam</em></span> <span class='ocrx_word' id='word_1_62' title='bbox 781 434 866 453; x_wconf 89' lang='lat' dir='ltr'><em>unus</em></span> <span class='ocrx_word' id='word_1_63' title='bbox 890 422 1038 454; x_wconf 81' lang='lat' dir='ltr'><em>seruauit</em></span> <span class='ocrx_word' id='word_1_64' title='bbox 1059 421 1168 453; x_wconf 74' lang='lat' dir='ltr'><em>codex</em></span> <span class='ocrx_word' id='word_1_65' title='bbox 1188 421 1358 454; x_wconf 84' lang='lat' dir='ltr'><em>Palatinus</em></span> <span class='ocrx_word' id='word_1_66' title='bbox 1380 435 1501 464; x_wconf 85' lang='lat' dir='ltr'><em>nonus,</em></span> <span class='ocrx_word' id='word_1_67' title='bbox 1527 425 1620 456; x_wconf 89' lang='lat' dir='ltr'><em>cuius</em></span> <span class='ocrx_word' id='word_1_68' title='bbox 1641 425 1842 457; x_wconf 87' lang='lat' dir='ltr'><em>uarietatem</em></span> <span class='ocrx_word' id='word_1_69' title='bbox 1864 427 2016 460; x_wconf 78' lang='lat' dir='ltr'><em>lectionis</em></span> 
     </span>
     <span class='ocr_line' id='line_1_7' title="bbox 144 475 2017 522; baseline 0.002 -15"><span class='ocrx_word' id='word_1_70' title='bbox 144 475 284 517; x_wconf 76' lang='lat' dir='ltr'><em>insignis</em></span> <span class='ocrx_word' id='word_1_71' title='bbox 307 475 495 515; x_wconf 77' lang='lat' dir='ltr'><em>Niebuhri,</em></span> <span class='ocrx_word' id='word_1_72' title='bbox 529 476 596 506; x_wconf 85' lang='lat' dir='ltr'><em>uiri</em></span> <span class='ocrx_word' id='word_1_73' title='bbox 617 475 758 514; x_wconf 85' lang='lat' dir='ltr'><em>summi,</em></span> <span class='ocrx_word' id='word_1_74' title='bbox 793 475 1029 506; x_wconf 82' lang='lat' dir='ltr'><em>beneuolentia</em></span> <span class='ocrx_word' id='word_1_75' title='bbox 1056 485 1189 505; x_wconf 89' lang='lat' dir='ltr'><em>mecum</em></span> <span class='ocrx_word' id='word_1_76' title='bbox 1212 476 1472 508; x_wconf 86' lang='lat' dir='ltr'><em>conmunicauit.</em></span> <span class='ocrx_word' id='word_1_77' title='bbox 1516 477 1567 517; x_wconf 87' lang='lat' dir='ltr'><em>Is,</em></span> <span class='ocrx_word' id='word_1_78' title='bbox 1601 477 1693 519; x_wconf 87' lang='lat' dir='ltr'><em>quod</em></span> <span class='ocrx_word' id='word_1_79' title='bbox 1716 479 1922 517; x_wconf 83' lang='lat' dir='ltr'>Gruterum,</span> <span class='ocrx_word' id='word_1_80' title='bbox 1959 480 2017 522; x_wconf 92' lang='lat' dir='ltr'><em>qui</em></span> 
     </span>
     <span class='ocr_line' id='line_1_8' title="bbox 143 526 2017 570; baseline 0.003 -11"><span class='ocrx_word' id='word_1_81' title='bbox 143 528 256 560; x_wconf 81' lang='lat' dir='ltr'><em>codice</em></span> <span class='ocrx_word' id='word_1_82' title='bbox 278 528 339 559; x_wconf 89' lang='grc'><strong>1110</strong></span> <span class='ocrx_word' id='word_1_83' title='bbox 363 528 495 570; x_wconf 82' lang='lat' dir='ltr'><em>egregio</em></span> <span class='ocrx_word' id='word_1_84' title='bbox 518 540 597 559; x_wconf 87' lang='lat' dir='ltr'><em>usus</em></span> <span class='ocrx_word' id='word_1_85' title='bbox 621 534 685 566; x_wconf 88' lang='lat' dir='ltr'><em>est,</em></span> <span class='ocrx_word' id='word_1_86' title='bbox 725 539 795 558; x_wconf 86' lang='lat' dir='ltr'><em>nou</em></span> <span class='ocrx_word' id='word_1_87' title='bbox 817 526 991 558; x_wconf 82' lang='lat' dir='ltr'><em>adnotasse</em></span> <span class='ocrx_word' id='word_1_88' title='bbox 1014 526 1308 569; x_wconf 72' lang='lat' dir='ltr'><em>indignandumst,</em></span> <span class='ocrx_word' id='word_1_89' title='bbox 1340 528 1527 561; x_wconf 86' lang='lat' dir='ltr'><em>uerissume</em></span> <span class='ocrx_word' id='word_1_90' title='bbox 1548 530 1681 562; x_wconf 86' lang='lat' dir='ltr'><em>scribit:</em></span> <span class='ocrx_word' id='word_1_91' title='bbox 1717 531 1777 563; x_wconf 84' lang='lat' dir='ltr'><em>Set</em></span> <span class='ocrx_word' id='word_1_92' title='bbox 1802 537 1842 564; x_wconf 86' lang='lat' dir='ltr'><em>ut</em></span> <span class='ocrx_word' id='word_1_93' title='bbox 1864 533 1924 564; x_wconf 88' lang='lat' dir='ltr'><em>ille</em></span> <span class='ocrx_word' id='word_1_94' title='bbox 1945 533 2017 565; x_wconf 87' lang='lat' dir='ltr'><em>ui-</em></span> 
     </span>
     <span class='ocr_line' id='line_1_9' title="bbox 143 581 2017 626; baseline 0.002 -13"><span class='ocrx_word' id='word_1_95' title='bbox 143 583 167 613; x_wconf 83' lang='grc' dir='ltr'><em>ιῖ</em></span> <span class='ocrx_word' id='word_1_96' title='bbox 175 582 187 613; x_wconf 88' lang='lat' dir='ltr'><em>i</em></span> <span class='ocrx_word' id='word_1_97' title='bbox 196 587 229 620; x_wconf 90' lang='lat' dir='ltr'><em>t,</em></span> <span class='ocrx_word' id='word_1_98' title='bbox 266 587 434 625; x_wconf 77' lang='lat' dir='ltr'><em>quantum</em></span> <span class='ocrx_word' id='word_1_99' title='bbox 455 581 497 612; x_wconf 81' lang='lat' dir='ltr'><em>de</em></span> <span class='ocrx_word' id='word_1_100' title='bbox 518 594 592 613; x_wconf 87' lang='lat' dir='ltr'><em>mea</em></span> <span class='ocrx_word' id='word_1_101' title='bbox 612 581 819 614; x_wconf 83' lang='lat' dir='ltr'><em>auctoritate</em></span> <span class='ocrx_word' id='word_1_102' title='bbox 841 581 1067 624; x_wconf 81' lang='lat' dir='ltr'><em>cleripuisset,</em></span> <span class='ocrx_word' id='word_1_103' title='bbox 1100 586 1237 613; x_wconf 77' lang='lat' dir='ltr'><em>tantum</em></span> <span class='ocrx_word' id='word_1_104' title='bbox 1266 592 1301 611; x_wconf 80' lang='lat' dir='ltr'><em>se</em></span> <span class='ocrx_word' id='word_1_105' title='bbox 1327 581 1369 612; x_wconf 81' lang='lat' dir='ltr'><em>de</em></span> <span class='ocrx_word' id='word_1_106' title='bbox 1398 582 1502 614; x_wconf 72' lang='lat' dir='ltr'><em>liuius</em></span> <span class='ocrx_word' id='word_1_107' title='bbox 1526 584 1717 626; x_wconf 72' lang='lat' dir='ltr'><em>praesidiis</em></span> <span class='ocrx_word' id='word_1_108' title='bbox 1739 585 2017 617; x_wconf 61' lang='lat' dir='ltr'><em>deminuturum?</em></span> 
     </span>
     <span class='ocr_line' id='line_1_10' title="bbox 142 634 658 677; baseline -0.004 -11"><span class='ocrx_word' id='word_1_109' title='bbox 142 635 192 666; x_wconf 83' lang='lat' dir='ltr'><em>sic</em></span> <span class='ocrx_word' id='word_1_110' title='bbox 214 635 276 666; x_wconf 77' lang='lat' dir='ltr'><em>hoc</em></span> <span class='ocrx_word' id='word_1_111' title='bbox 299 646 362 677; x_wconf 79' lang='lat' dir='ltr'><em>ego</em></span> <span class='ocrx_word' id='word_1_112' title='bbox 385 634 493 665; x_wconf 81' lang='lat' dir='ltr'><em>sentio</em></span> <span class='ocrx_word' id='word_1_113' title='bbox 516 640 596 665; x_wconf 80' lang='lat' dir='ltr'><em>etc..</em></span> <span class='ocrx_word' id='word_1_114' title='bbox 616 652 658 658; x_wconf 92' lang='lat'><em>——-</em></span> 
     </span>
    </p>

    <p class='ocr_par' dir='ltr' id='par_1_3' title="bbox 143 684 2020 992">
     <span class='ocr_line' id='line_1_11' title="bbox 230 684 2018 732; baseline 0.001 -15"><span class='ocrx_word' id='word_1_115' title='bbox 230 686 391 717; x_wconf 83' lang='lat' dir='ltr'><em>Ceterum</em></span> <span class='ocrx_word' id='word_1_116' title='bbox 416 685 549 717; x_wconf 85' lang='lat' dir='ltr'><em>silentio</em></span> <span class='ocrx_word' id='word_1_117' title='bbox 571 687 708 719; x_wconf 80' lang='lat' dir='ltr'><em>transiri</em></span> <span class='ocrx_word' id='word_1_118' title='bbox 730 686 863 728; x_wconf 83' lang='lat' dir='ltr'><em>nequit,</em></span> <span class='ocrx_word' id='word_1_119' title='bbox 895 686 985 728; x_wconf 88' lang='lat' dir='ltr'><em>Ang.</em></span> <span class='ocrx_word' id='word_1_120' title='bbox 1008 685 1138 718; x_wconf 89' lang='lat' dir='ltr'><em>Maium</em></span> <span class='ocrx_word' id='word_1_121' title='bbox 1168 684 1362 726; x_wconf 85' lang='lat' dir='ltr'><em>interpretis</em></span> <span class='ocrx_word' id='word_1_122' title='bbox 1386 684 1606 719; x_wconf 78' lang='lat' dir='ltr'><em>Ambrosiani</em></span> <span class='ocrx_word' id='word_1_123' title='bbox 1633 689 1756 729; x_wconf 84' lang='lat' dir='ltr'><em>uerba,</em></span> <span class='ocrx_word' id='word_1_124' title='bbox 1794 700 1879 732; x_wconf 85' lang='lat' dir='ltr'><em>quae</em></span> <span class='ocrx_word' id='word_1_125' title='bbox 1906 687 2018 720; x_wconf 87' lang='lat' dir='ltr'><em>media</em></span> 
     </span>
     <span class='ocr_line' id='line_1_12' title="bbox 143 737 2017 785; baseline 0.002 -16"><span class='ocrx_word' id='word_1_126' title='bbox 143 744 223 770; x_wconf 88' lang='lat' dir='ltr'><em>sunt</em></span> <span class='ocrx_word' id='word_1_127' title='bbox 243 738 332 769; x_wconf 83' lang='lat' dir='ltr'><em>inter</em></span> <span class='ocrx_word' id='word_1_128' title='bbox 355 737 625 778; x_wconf 81' lang='lat' dir='ltr'><em>adnotationem,</em></span> <span class='ocrx_word' id='word_1_129' title='bbox 659 750 743 781; x_wconf 86' lang='lat' dir='ltr'><em>quae</em></span> <span class='ocrx_word' id='word_1_130' title='bbox 768 738 892 781; x_wconf 87' lang='lat' dir='ltr'><em>scripta</em></span> <span class='ocrx_word' id='word_1_131' title='bbox 913 738 955 769; x_wconf 88' lang='lat' dir='ltr'><em>ad</em></span> <span class='ocrx_word' id='word_1_132' title='bbox 980 738 1018 770; x_wconf 74' lang='lat' dir='ltr'><em>C.</em></span> <span class='ocrx_word' id='word_1_133' title='bbox 1040 738 1177 770; x_wconf 80' lang='lat' dir='ltr'>XXIV.</span> <span class='ocrx_word' id='word_1_134' title='bbox 1209 743 1243 768; x_wconf 84' lang='lat' dir='ltr'><em>et</em></span> <span class='ocrx_word' id='word_1_135' title='bbox 1267 737 1439 769; x_wconf 83' lang='lat' dir='ltr'><em>Ciceronis</em></span> <span class='ocrx_word' id='word_1_136' title='bbox 1461 739 1565 770; x_wconf 89' lang='lat' dir='ltr'><em>uerba</em></span> <span class='ocrx_word' id='word_1_137' title='bbox 1588 740 1687 774; x_wconf 89' lang='lat' dir='ltr'><em>huius</em></span> <span class='ocrx_word' id='word_1_138' title='bbox 1710 753 1781 785; x_wconf 88' lang='lat' dir='ltr'><em>cap.</em></span> <span class='ocrx_word' id='word_1_139' title='bbox 1806 743 1836 784; x_wconf 85' lang='lat'><em>§.</em></span> <span class='ocrx_word' id='word_1_140' title='bbox 1855 741 1906 774; x_wconf 81' lang='lat'><em>64.</em></span> <span class='ocrx_word' id='word_1_141' title='bbox 1933 741 2017 773; x_wconf 84' lang='lat' dir='ltr'><em>Non</em></span> 
     </span>
     <span class='ocr_line' id='line_1_13' title="bbox 147 790 2019 837; baseline 0 -14"><span class='ocrx_word' id='word_1_142' title='bbox 147 803 267 824; x_wconf 81' lang='lat' dir='ltr'><em>uereor</em></span> <span class='ocrx_word' id='word_1_143' title='bbox 298 797 377 831; x_wconf 85' lang='lat' dir='ltr'><em>etc.‚</em></span> <span class='ocrx_word' id='word_1_144' title='bbox 421 791 465 823; x_wconf 87' lang='lat' dir='ltr'><em>ad</em></span> <span class='ocrx_word' id='word_1_145' title='bbox 486 792 577 823; x_wconf 90' lang='lat' dir='ltr'><em>hunc</em></span> <span class='ocrx_word' id='word_1_146' title='bbox 606 792 718 835; x_wconf 87' lang='lat' dir='ltr'><em>ipsum</em></span> <span class='ocrx_word' id='word_1_147' title='bbox 748 792 862 823; x_wconf 89' lang='lat' dir='ltr'><em>locum</em></span> <span class='ocrx_word' id='word_1_148' title='bbox 889 791 1061 834; x_wconf 88' lang='lat' dir='ltr'><em>pertinere</em></span> <span class='ocrx_word' id='word_1_149' title='bbox 1087 795 1218 832; x_wconf 88' lang='lat' dir='ltr'><em>putare.</em></span> <span class='ocrx_word' id='word_1_150' title='bbox 1262 790 1377 823; x_wconf 87' lang='lat' dir='ltr'><em>Uerba</em></span> <span class='ocrx_word' id='word_1_151' title='bbox 1406 790 1478 834; x_wconf 89' lang='lat' dir='ltr'><em>ipsa</em></span> <span class='ocrx_word' id='word_1_152' title='bbox 1507 791 1589 823; x_wconf 87' lang='lat' dir='ltr'><em>haec</em></span> <span class='ocrx_word' id='word_1_153' title='bbox 1618 800 1716 826; x_wconf 86' lang='lat' dir='ltr'><em>sunt:</em></span> <span class='ocrx_word' id='word_1_154' title='bbox 1761 817 1769 826; x_wconf 94' lang='lat'>.</span> <span class='ocrx_word' id='word_1_155' title='bbox 1793 817 1802 826; x_wconf 85' lang='lat'><strong>.</strong></span> <span class='ocrx_word' id='word_1_156' title='bbox 1826 817 1834 826; x_wconf 94' lang='lat'><strong>.</strong></span> <span class='ocrx_word' id='word_1_157' title='bbox 1863 793 2019 837; x_wconf 86' lang='lat' dir='ltr'><em>partim</em></span> 
     </span>
     <span class='ocr_line' id='line_1_14' title="bbox 144 843 2018 889; baseline 0.001 -14"><span class='ocrx_word' id='word_1_158' title='bbox 144 843 390 877; x_wconf 81' lang='lat' dir='ltr'><em>malitiosis</em></span> <span class='ocrx_word' id='word_1_159' title='bbox 411 844 642 876; x_wconf 87' lang='lat' dir='ltr'><em>fraudibus</em></span> <span class='ocrx_word' id='word_1_160' title='bbox 666 844 991 887; x_wconf 87' lang='lat' dir='ltr'><em>deprehensum.</em></span> <span class='ocrx_word' id='word_1_161' title='bbox 1034 843 1135 874; x_wconf 92' lang='lat' dir='ltr'><em>Ideo</em></span> <span class='ocrx_word' id='word_1_162' title='bbox 1161 849 1324 875; x_wconf 85' lang='lat' dir='ltr'><em>tantum</em></span> <span class='ocrx_word' id='word_1_163' title='bbox 1346 844 1525 887; x_wconf 85' lang='lat' dir='ltr'><em>negauit</em></span> <span class='ocrx_word' id='word_1_164' title='bbox 1547 846 1594 877; x_wconf 89' lang='lat' dir='ltr'><em>ab</em></span> <span class='ocrx_word' id='word_1_165' title='bbox 1617 857 1658 878; x_wconf 89' lang='lat' dir='ltr'><em>se</em></span> <span class='ocrx_word' id='word_1_166' title='bbox 1680 847 1831 878; x_wconf 86' lang='lat' dir='ltr'><em>statim</em></span> <span class='ocrx_word' id='word_1_167' title='bbox 1850 845 2018 889; x_wconf 89' lang='lat' dir='ltr'><em>puniri,</em></span> 
     </span>
     <span class='ocr_line' id='line_1_15' title="bbox 146 895 2020 940; baseline 0.002 -13"><span class='ocrx_word' id='word_1_168' title='bbox 146 895 260 938; x_wconf 86' lang='lat' dir='ltr'><em>quod</em></span> <span class='ocrx_word' id='word_1_169' title='bbox 283 896 417 930; x_wconf 87' lang='lat' dir='ltr'><em>iratus</em></span> <span class='ocrx_word' id='word_1_170' title='bbox 441 904 562 930; x_wconf 89' lang='lat' dir='ltr'><em>esset.</em></span> <span class='ocrx_word' id='word_1_171' title='bbox 609 897 776 939; x_wconf 87' lang='lat' dir='ltr'><em>Quippe</em></span> <span class='ocrx_word' id='word_1_172' title='bbox 804 897 875 928; x_wconf 87' lang='lat' dir='ltr'><em>uir</em></span> <span class='ocrx_word' id='word_1_173' title='bbox 903 896 1116 939; x_wconf 84' lang='lat' dir='ltr'><em>sapientia</em></span> <span class='ocrx_word' id='word_1_174' title='bbox 1137 896 1364 939; x_wconf 84' lang='lat' dir='ltr'><em>praeditus</em></span> <span class='ocrx_word' id='word_1_175' title='bbox 1387 897 1548 929; x_wconf 86' lang='lat' dir='ltr'><em>altiore</em></span> <span class='ocrx_word' id='word_1_176' title='bbox 1576 909 1659 929; x_wconf 88' lang='lat' dir='ltr'><em>non</em></span> <span class='ocrx_word' id='word_1_177' title='bbox 1691 899 1871 940; x_wconf 87' lang='lat' dir='ltr'><em>putauit</em></span> <span class='ocrx_word' id='word_1_178' title='bbox 1901 898 2020 929; x_wconf 82' lang='lat' dir='ltr'><em>iudi-</em></span> 
     </span>
     <span class='ocr_line' id='line_1_16' title="bbox 147 947 1029 992; baseline 0.001 -13"><span class='ocrx_word' id='word_1_179' title='bbox 147 948 203 980; x_wconf 92' lang='lat' dir='ltr'><em>cii</em></span> <span class='ocrx_word' id='word_1_180' title='bbox 225 947 418 981; x_wconf 84' lang='lat' dir='ltr'><em>futurum</em></span> <span class='ocrx_word' id='word_1_181' title='bbox 442 949 650 992; x_wconf 84' lang='lat' dir='ltr'><em>quidquid</em></span> <span class='ocrx_word' id='word_1_182' title='bbox 673 949 858 982; x_wconf 87' lang='lat' dir='ltr'><em>fecisset</em></span> <span class='ocrx_word' id='word_1_183' title='bbox 878 949 1029 981; x_wconf 83' lang='lat' dir='ltr'><em>iratus.</em></span> 
     </span>
    </p>

    <p class='ocr_par' dir='ltr' id='par_1_4' title="bbox 141 1001 2022 1468">
     <span class='ocr_line' id='line_1_17' title="bbox 228 1001 2020 1045; baseline 0.001 -11"><span class='ocrx_word' id='word_1_184' title='bbox 228 1001 286 1034; x_wconf 87' lang='lat' dir='ltr'><em>Ad</em></span> <span class='ocrx_word' id='word_1_185' title='bbox 309 1002 391 1033; x_wconf 86' lang='lat' dir='ltr'><em>haec</em></span> <span class='ocrx_word' id='word_1_186' title='bbox 412 1003 457 1035; x_wconf 88' lang='lat' dir='ltr'><em>A.</em></span> <span class='ocrx_word' id='word_1_187' title='bbox 480 1003 590 1034; x_wconf 90' lang='lat' dir='ltr'><em>Maius</em></span> <span class='ocrx_word' id='word_1_188' title='bbox 612 1003 803 1034; x_wconf 88' lang='lat' dir='ltr'><em>adnotauit:</em></span> <span class='ocrx_word' id='word_1_189' title='bbox 841 1003 987 1044; x_wconf 85' lang='lat' dir='ltr'><em>„Quare</em></span> <span class='ocrx_word' id='word_1_190' title='bbox 1009 1009 1091 1045; x_wconf 83' lang='lat' dir='ltr'><em>aput</em></span> <span class='ocrx_word' id='word_1_191' title='bbox 1113 1002 1313 1034; x_wconf 87' lang='lat' dir='ltr'><em>Ciceronem</em></span> <span class='ocrx_word' id='word_1_192' title='bbox 1337 1002 1438 1033; x_wconf 87' lang='lat' dir='ltr'><em>Tusc.</em></span> <span class='ocrx_word' id='word_1_193' title='bbox 1461 1003 1532 1042; x_wconf 84' lang='lat' dir='ltr'><em>IV,</em></span> <span class='ocrx_word' id='word_1_194' title='bbox 1563 1003 1615 1034; x_wconf 80' lang='grc'><em>56.</em></span> <span class='ocrx_word' id='word_1_195' title='bbox 1648 1003 1738 1036; x_wconf 87' lang='lat' dir='ltr'><em>Illut</em></span> <span class='ocrx_word' id='word_1_196' title='bbox 1759 1005 1927 1036; x_wconf 81' lang='lat' dir='ltr'><em>laudatar</em></span> <span class='ocrx_word' id='word_1_197' title='bbox 1948 1003 2020 1037; x_wconf 88' lang='lat' dir='ltr'><em>Ar-</em></span> 
     </span>
     <span class='ocr_line' id='line_1_18' title="bbox 146 1054 2020 1100; baseline 0 -12"><span class='ocrx_word' id='word_1_198' title='bbox 146 1056 287 1098; x_wconf 68' lang='lat' dir='ltr'><em>chytae,</em></span> <span class='ocrx_word' id='word_1_199' title='bbox 312 1057 372 1098; x_wconf 77' lang='lat' dir='ltr'><em>qui</em></span> <span class='ocrx_word' id='word_1_200' title='bbox 394 1069 494 1100; x_wconf 84' lang='lat' dir='ltr'><em>quom</em></span> <span class='ocrx_word' id='word_1_201' title='bbox 516 1056 622 1088; x_wconf 80' lang='lat' dir='ltr'><em>uilico</em></span> <span class='ocrx_word' id='word_1_202' title='bbox 636 1054 760 1099; x_wconf 80' lang='lat' dir='ltr'><em>factus</em></span> <span class='ocrx_word' id='word_1_203' title='bbox 782 1061 865 1087; x_wconf 82' lang='lat' dir='ltr'><em>esset</em></span> <span class='ocrx_word' id='word_1_204' title='bbox 888 1056 1031 1095; x_wconf 78' lang='lat' dir='ltr'><em>iratior,</em></span> <span class='ocrx_word' id='word_1_205' title='bbox 1057 1068 1122 1099; x_wconf 83' lang='lat' dir='ltr'><em>quo</em></span> <span class='ocrx_word' id='word_1_206' title='bbox 1145 1061 1179 1088; x_wconf 88' lang='lat' dir='ltr'><em>te</em></span> <span class='ocrx_word' id='word_1_207' title='bbox 1199 1055 1316 1094; x_wconf 83' lang='lat' dir='ltr'><em>modo,</em></span> <span class='ocrx_word' id='word_1_208' title='bbox 1339 1055 1471 1098; x_wconf 84' lang='lat' dir='ltr'><em>inquit,</em></span> <span class='ocrx_word' id='word_1_209' title='bbox 1494 1056 1716 1098; x_wconf 82' lang='lat' dir='ltr'><em>accepissem,</em></span> <span class='ocrx_word' id='word_1_210' title='bbox 1739 1057 1809 1089; x_wconf 87' lang='lat' dir='ltr'><em>nisi</em></span> <span class='ocrx_word' id='word_1_211' title='bbox 1833 1058 1946 1088; x_wconf 89' lang='lat' dir='ltr'><em>iratus</em></span> <span class='ocrx_word' id='word_1_212' title='bbox 1968 1068 2020 1088; x_wconf 86' lang='lat' dir='ltr'><em>es-</em></span> 
     </span>
     <span class='ocr_line' id='line_1_19' title="bbox 149 1107 2020 1152; baseline -0.001 -13"><span class='ocrx_word' id='word_1_213' title='bbox 149 1110 244 1139; x_wconf 79' lang='lat' dir='ltr'><em>sem?</em></span> <span class='ocrx_word' id='word_1_214' title='bbox 289 1109 415 1140; x_wconf 58' lang='lat' dir='ltr'><em>hoster</em></span> <span class='ocrx_word' id='word_1_215' title='bbox 446 1121 549 1152; x_wconf 86' lang='lat' dir='ltr'><em>porro</em></span> <span class='ocrx_word' id='word_1_216' title='bbox 580 1109 746 1150; x_wconf 84' lang='lat' dir='ltr'><em>interpres</em></span> <span class='ocrx_word' id='word_1_217' title='bbox 776 1107 913 1138; x_wconf 80' lang='lat' dir='ltr'><em>uidetur</em></span> <span class='ocrx_word' id='word_1_218' title='bbox 941 1108 1069 1150; x_wconf 85' lang='lat' dir='ltr'><em>aliquid</em></span> <span class='ocrx_word' id='word_1_219' title='bbox 1091 1108 1175 1140; x_wconf 89' lang='lat' dir='ltr'><em>lucis</em></span> <span class='ocrx_word' id='word_1_220' title='bbox 1198 1107 1398 1150; x_wconf 85' lang='lat' dir='ltr'><em>adspergere</em></span> <span class='ocrx_word' id='word_1_221' title='bbox 1420 1107 1493 1138; x_wconf 92' lang='lat' dir='ltr'><em>loco</em></span> <span class='ocrx_word' id='word_1_222' title='bbox 1521 1107 1621 1139; x_wconf 85' lang='lat' dir='ltr'><em>huius</em></span> <span class='ocrx_word' id='word_1_223' title='bbox 1644 1120 1694 1140; x_wconf 87' lang='lat' dir='ltr'><em>or.</em></span> <span class='ocrx_word' id='word_1_224' title='bbox 1719 1110 1757 1141; x_wconf 88' lang='lat' dir='ltr'><em>C.</em></span> <span class='ocrx_word' id='word_1_225' title='bbox 1779 1109 1916 1141; x_wconf 77' lang='lat' dir='ltr'><strong>XXVI.</strong></span> <span class='ocrx_word' id='word_1_226' title='bbox 1938 1108 2020 1140; x_wconf 79' lang='lat' dir='ltr'><em>sub-</em></span> 
     </span>
     <span class='ocr_line' id='line_1_20' title="bbox 148 1159 2018 1204; baseline 0.001 -13"><span class='ocrx_word' id='word_1_227' title='bbox 148 1160 308 1192; x_wconf 86' lang='lat' dir='ltr'><em>obscuro:</em></span> <span class='ocrx_word' id='word_1_228' title='bbox 351 1161 452 1193; x_wconf 84' lang='lat' dir='ltr'><em>Iubes</em></span> <span class='ocrx_word' id='word_1_229' title='bbox 473 1162 660 1194; x_wconf 76' lang='lat' dir='ltr'><em>Plancium</em></span> <span class='ocrx_word' id='word_1_230' title='bbox 681 1178 723 1184; x_wconf 93' lang='lat'>—</span> <span class='ocrx_word' id='word_1_231' title='bbox 739 1160 882 1204; x_wconf 76' lang='lat' dir='ltr'><em>putabis</em></span> <span class='ocrx_word' id='word_1_232' title='bbox 898 1159 1057 1204; x_wconf 84' lang='lat' dir='ltr'><em>fuisse.“</em></span> <span class='ocrx_word' id='word_1_233' title='bbox 1099 1161 1173 1203; x_wconf 86' lang='lat' dir='ltr'><em>Ego</em></span> <span class='ocrx_word' id='word_1_234' title='bbox 1202 1172 1285 1192; x_wconf 92' lang='lat' dir='ltr'><em>uero</em></span> <span class='ocrx_word' id='word_1_235' title='bbox 1320 1161 1444 1192; x_wconf 91' lang='lat' dir='ltr'><em>uellem</em></span> <span class='ocrx_word' id='word_1_236' title='bbox 1474 1159 1640 1192; x_wconf 83' lang='lat' dir='ltr'><em>docuisset</em></span> <span class='ocrx_word' id='word_1_237' title='bbox 1669 1161 1780 1193; x_wconf 88' lang='lat' dir='ltr'><em>Maius</em></span> <span class='ocrx_word' id='word_1_238' title='bbox 1814 1160 2018 1203; x_wconf 86' lang='lat' dir='ltr'><em>diligentius,</em></span> 
     </span>
     <span class='ocr_line' id='line_1_21' title="bbox 149 1212 2020 1257; baseline 0.001 -14"><span class='ocrx_word' id='word_1_239' title='bbox 149 1224 233 1255; x_wconf 87' lang='lat' dir='ltr'><em>quae</em></span> <span class='ocrx_word' id='word_1_240' title='bbox 265 1219 350 1244; x_wconf 85' lang='lat' dir='ltr'><em>esset</em></span> <span class='ocrx_word' id='word_1_241' title='bbox 381 1215 440 1245; x_wconf 86' lang='lat' dir='ltr'><em>illa</em></span> <span class='ocrx_word' id='word_1_242' title='bbox 470 1215 548 1254; x_wconf 66' lang='lat' dir='ltr'><em>lux,</em></span> <span class='ocrx_word' id='word_1_243' title='bbox 585 1225 685 1255; x_wconf 86' lang='lat' dir='ltr'><em>quam</em></span> <span class='ocrx_word' id='word_1_244' title='bbox 715 1213 794 1245; x_wconf 90' lang='lat' dir='ltr'><em>huic</em></span> <span class='ocrx_word' id='word_1_245' title='bbox 823 1214 897 1245; x_wconf 88' lang='lat' dir='ltr'><em>loco</em></span> <span class='ocrx_word' id='word_1_246' title='bbox 928 1214 1149 1257; x_wconf 84' lang='lat' dir='ltr'><em>interpretem</em></span> <span class='ocrx_word' id='word_1_247' title='bbox 1175 1213 1298 1246; x_wconf 89' lang='lat' dir='ltr'><em>Ambr.</em></span> <span class='ocrx_word' id='word_1_248' title='bbox 1329 1212 1529 1255; x_wconf 84' lang='lat' dir='ltr'><em>adspergere</em></span> <span class='ocrx_word' id='word_1_249' title='bbox 1560 1213 1651 1244; x_wconf 88' lang='lat' dir='ltr'><em>dicit.</em></span> <span class='ocrx_word' id='word_1_250' title='bbox 1695 1214 1804 1245; x_wconf 88' lang='lat' dir='ltr'><em>Immo</em></span> <span class='ocrx_word' id='word_1_251' title='bbox 1828 1213 1953 1255; x_wconf 90' lang='lat' dir='ltr'><em>conligi</em></span> <span class='ocrx_word' id='word_1_252' title='bbox 1975 1224 2020 1245; x_wconf 77' lang='lat' dir='ltr'><em>ex</em></span> 
     </span>
     <span class='ocr_line' id='line_1_22' title="bbox 141 1265 2018 1310; baseline -0.001 -13"><span class='ocrx_word' id='word_1_253' title='bbox 141 1266 219 1298; x_wconf 26' lang='lat' dir='ltr'><em>*eius</em></span> <span class='ocrx_word' id='word_1_254' title='bbox 243 1267 355 1298; x_wconf 86' lang='lat' dir='ltr'><em>uerbis</em></span> <span class='ocrx_word' id='word_1_255' title='bbox 378 1267 501 1310; x_wconf 82' lang='lat' dir='ltr'><em>possit,</em></span> <span class='ocrx_word' id='word_1_256' title='bbox 528 1266 691 1298; x_wconf 73' lang='lat' dir='ltr'><em>excidisse</em></span> <span class='ocrx_word' id='word_1_257' title='bbox 713 1265 768 1297; x_wconf 81' lang='lat' dir='ltr'><em>hic</em></span> <span class='ocrx_word' id='word_1_258' title='bbox 791 1266 891 1309; x_wconf 87' lang='lat' dir='ltr'><em>plura</em></span> <span class='ocrx_word' id='word_1_259' title='bbox 914 1266 1085 1298; x_wconf 87' lang='lat' dir='ltr'><em>Ciceronis</em></span> <span class='ocrx_word' id='word_1_260' title='bbox 1110 1266 1229 1306; x_wconf 86' lang='lat' dir='ltr'><em>uerba,</em></span> <span class='ocrx_word' id='word_1_261' title='bbox 1263 1278 1346 1309; x_wconf 88' lang='lat' dir='ltr'><em>quae</em></span> <span class='ocrx_word' id='word_1_262' title='bbox 1368 1266 1440 1309; x_wconf 85' lang='lat' dir='ltr'><em>ipsa</em></span> <span class='ocrx_word' id='word_1_263' title='bbox 1462 1265 1502 1297; x_wconf 88' lang='lat' dir='ltr'><em>ab</em></span> <span class='ocrx_word' id='word_1_264' title='bbox 1524 1266 1711 1309; x_wconf 87' lang='lat' dir='ltr'><em>interprete</em></span> <span class='ocrx_word' id='word_1_265' title='bbox 1735 1267 1913 1310; x_wconf 81' lang='lat' dir='ltr'><em>explanata</em></span> <span class='ocrx_word' id='word_1_266' title='bbox 1940 1265 2018 1297; x_wconf 89' lang='lat' dir='ltr'><em>sint.</em></span> 
     </span>
     <span class='ocr_line' id='line_1_23' title="bbox 149 1318 2022 1362; baseline -0.001 -12"><span class='ocrx_word' id='word_1_267' title='bbox 149 1320 274 1351; x_wconf 78' lang='lat' dir='ltr'><em>Nullus</em></span> <span class='ocrx_word' id='word_1_268' title='bbox 298 1321 389 1351; x_wconf 86' lang='grc'><strong>0111111</strong></span> <span class='ocrx_word' id='word_1_269' title='bbox 410 1320 445 1351; x_wconf 88' lang='grc'><em>111</em></span> <span class='ocrx_word' id='word_1_270' title='bbox 468 1326 538 1352; x_wconf 88' lang='lat' dir='ltr'><em>tota</em></span> <span class='ocrx_word' id='word_1_271' title='bbox 558 1320 620 1351; x_wconf 83' lang='lat' dir='ltr'><em>hac</em></span> <span class='ocrx_word' id='word_1_272' title='bbox 643 1319 795 1351; x_wconf 89' lang='lat' dir='ltr'><em>oratione</em></span> <span class='ocrx_word' id='word_1_273' title='bbox 816 1320 909 1351; x_wconf 88' lang='lat' dir='ltr'><em>locus</em></span> <span class='ocrx_word' id='word_1_274' title='bbox 932 1325 1042 1359; x_wconf 76' lang='lat' dir='ltr'><em>extat,</em></span> <span class='ocrx_word' id='word_1_275' title='bbox 1067 1319 1109 1351; x_wconf 88' lang='lat' dir='ltr'><em>ad</em></span> <span class='ocrx_word' id='word_1_276' title='bbox 1133 1331 1233 1361; x_wconf 88' lang='lat' dir='ltr'><em>quem</em></span> <span class='ocrx_word' id='word_1_277' title='bbox 1255 1319 1351 1358; x_wconf 87' lang='lat' dir='ltr'><em>talia,</em></span> <span class='ocrx_word' id='word_1_278' title='bbox 1378 1319 1489 1361; x_wconf 86' lang='lat' dir='ltr'><em>qualia</em></span> <span class='ocrx_word' id='word_1_279' title='bbox 1510 1319 1677 1361; x_wconf 86' lang='lat' dir='ltr'><em>interpres</em></span> <span class='ocrx_word' id='word_1_280' title='bbox 1699 1319 1759 1351; x_wconf 81' lang='lat' dir='ltr'><em>ille</em></span> <span class='ocrx_word' id='word_1_281' title='bbox 1780 1319 1931 1362; x_wconf 83' lang='lat' dir='ltr'><em>scripsit,</em></span> <span class='ocrx_word' id='word_1_282' title='bbox 1959 1318 2022 1350; x_wconf 85' lang='lat' dir='ltr'><em>ad-</em></span> 
     </span>
     <span class='ocr_line' id='line_1_24' title="bbox 149 1371 2020 1416; baseline -0.001 -12"><span class='ocrx_word' id='word_1_283' title='bbox 149 1373 262 1404; x_wconf 70' lang='grc'><strong>1101311</strong></span> <span class='ocrx_word' id='word_1_284' title='bbox 283 1373 471 1416; x_wconf 88' lang='lat' dir='ltr'><em>potuerint.</em></span> <span class='ocrx_word' id='word_1_285' title='bbox 515 1373 652 1404; x_wconf 87' lang='lat' dir='ltr'><em>Etenim</em></span> <span class='ocrx_word' id='word_1_286' title='bbox 682 1371 773 1414; x_wconf 86' lang='lat' dir='ltr'><em>quod</em></span> <span class='ocrx_word' id='word_1_287' title='bbox 797 1373 914 1404; x_wconf 89' lang='lat' dir='ltr'><em>Cicero</em></span> <span class='ocrx_word' id='word_1_288' title='bbox 937 1373 1037 1404; x_wconf 87' lang='lat' dir='ltr'><em>nimis</em></span> <span class='ocrx_word' id='word_1_289' title='bbox 1060 1372 1096 1403; x_wconf 90' lang='lat' dir='ltr'><em>in</em></span> <span class='ocrx_word' id='word_1_290' title='bbox 1117 1371 1291 1403; x_wconf 81' lang='lat' dir='ltr'><em>Plancium</em></span> <span class='ocrx_word' id='word_1_291' title='bbox 1319 1372 1528 1404; x_wconf 79' lang='lat' dir='ltr'><em>iracundum</em></span> <span class='ocrx_word' id='word_1_292' title='bbox 1555 1371 1637 1402; x_wconf 82' lang='lat' dir='ltr'><em>dicit</em></span> <span class='ocrx_word' id='word_1_293' title='bbox 1657 1372 1878 1404; x_wconf 79' lang='lat' dir='ltr'><em>Laterensem</em></span> <span class='ocrx_word' id='word_1_294' title='bbox 1904 1371 2020 1411; x_wconf 85' lang='lat' dir='ltr'><em>fuisse,</em></span> 
     </span>
     <span class='ocr_line' id='line_1_25' title="bbox 150 1424 1915 1468; baseline 0 -11"><span class='ocrx_word' id='word_1_295' title='bbox 150 1426 343 1457; x_wconf 88' lang='lat' dir='ltr'><em>istiusmodi</em></span> <span class='ocrx_word' id='word_1_296' title='bbox 366 1425 585 1468; x_wconf 78' lang='lat' dir='ltr'><em>explicationi</em></span> <span class='ocrx_word' id='word_1_297' title='bbox 608 1426 815 1457; x_wconf 81' lang='lat' dir='ltr'><em>occasionem</em></span> <span class='ocrx_word' id='word_1_298' title='bbox 838 1425 998 1467; x_wconf 81' lang='lat' dir='ltr'><em>praebere</em></span> <span class='ocrx_word' id='word_1_299' title='bbox 1019 1424 1171 1468; x_wconf 85' lang='lat' dir='ltr'><em>profecto</em></span> <span class='ocrx_word' id='word_1_300' title='bbox 1193 1436 1264 1455; x_wconf 87' lang='lat' dir='ltr'><em>non</em></span> <span class='ocrx_word' id='word_1_301' title='bbox 1284 1424 1408 1467; x_wconf 85' lang='lat' dir='ltr'><em>potuit.</em></span> <span class='ocrx_word' id='word_1_302' title='bbox 1452 1424 1542 1457; x_wconf 89' lang='lat' dir='ltr'><em>Uide</em></span> <span class='ocrx_word' id='word_1_303' title='bbox 1563 1431 1676 1456; x_wconf 90' lang='lat' dir='ltr'><em>notam</em></span> <span class='ocrx_word' id='word_1_304' title='bbox 1699 1436 1915 1468; x_wconf 78' lang='lat' dir='ltr'><em>proxumam.</em></span> 
     </span>
    </p>

    <p class='ocr_par' dir='ltr' id='par_1_5' title="bbox 151 1476 2024 1787">
     <span class='ocr_line' id='line_1_26' title="bbox 232 1476 2022 1520; baseline -0.002 -8"><span class='ocrx_word' id='word_1_305' title='bbox 232 1480 327 1512; x_wconf 90' lang='lat' dir='ltr'><em>Eum</em></span> <span class='ocrx_word' id='word_1_306' title='bbox 349 1479 452 1511; x_wconf 81' lang='lat' dir='ltr'><em>nimis</em></span> <span class='ocrx_word' id='word_1_307' title='bbox 476 1479 513 1510; x_wconf 92' lang='lat' dir='ltr'><em>in</em></span> <span class='ocrx_word' id='word_1_308' title='bbox 535 1490 570 1509; x_wconf 86' lang='lat' dir='ltr'><em>se</em></span> <span class='ocrx_word' id='word_1_309' title='bbox 591 1477 799 1509; x_wconf 79' lang='lat' dir='ltr'><em>iracundum</em></span> <span class='ocrx_word' id='word_1_310' title='bbox 813 1476 945 1520; x_wconf 85' lang='lat' dir='ltr'><em>fuisse)</em></span> <span class='ocrx_word' id='word_1_311' title='bbox 990 1477 1102 1510; x_wconf 87' lang='lat' dir='ltr'><em>Nimis</em></span> <span class='ocrx_word' id='word_1_312' title='bbox 1130 1477 1330 1508; x_wconf 87' lang='lat' dir='ltr'><em>iracundum</em></span> <span class='ocrx_word' id='word_1_313' title='bbox 1360 1476 1440 1508; x_wconf 87' lang='lat' dir='ltr'><em>dicit</em></span> <span class='ocrx_word' id='word_1_314' title='bbox 1470 1477 1588 1509; x_wconf 91' lang='lat' dir='ltr'><em>Cicero</em></span> <span class='ocrx_word' id='word_1_315' title='bbox 1615 1479 1834 1510; x_wconf 87' lang='lat' dir='ltr'><em>Laterensem</em></span> <span class='ocrx_word' id='word_1_316' title='bbox 1862 1478 1899 1509; x_wconf 88' lang='lat' dir='ltr'><em>in</em></span> <span class='ocrx_word' id='word_1_317' title='bbox 1919 1478 2022 1509; x_wconf 87' lang='lat' dir='ltr'><em>Plan-</em></span> 
     </span>
     <span class='ocr_line' id='line_1_27' title="bbox 152 1529 2024 1574; baseline -0.002 -10"><span class='ocrx_word' id='word_1_318' title='bbox 152 1532 241 1563; x_wconf 85' lang='lat' dir='ltr'><em>cium</em></span> <span class='ocrx_word' id='word_1_319' title='bbox 264 1532 383 1572; x_wconf 79' lang='lat' dir='ltr'><em>fuisse‚</em></span> <span class='ocrx_word' id='word_1_320' title='bbox 426 1531 516 1574; x_wconf 88' lang='lat' dir='ltr'><em>quod</em></span> <span class='ocrx_word' id='word_1_321' title='bbox 539 1530 713 1561; x_wconf 86' lang='lat' dir='ltr'><em>Plancium</em></span> <span class='ocrx_word' id='word_1_322' title='bbox 742 1530 968 1573; x_wconf 85' lang='lat' dir='ltr'><em>potissumum</em></span> <span class='ocrx_word' id='word_1_323' title='bbox 993 1542 1091 1561; x_wconf 86' lang='lat' dir='ltr'><em>reum</em></span> <span class='ocrx_word' id='word_1_324' title='bbox 1113 1529 1247 1569; x_wconf 87' lang='lat' dir='ltr'><em>fecerit,</em></span> <span class='ocrx_word' id='word_1_325' title='bbox 1285 1540 1362 1560; x_wconf 90' lang='lat' dir='ltr'><em>cum</em></span> <span class='ocrx_word' id='word_1_326' title='bbox 1390 1530 1512 1562; x_wconf 86' lang='lat' dir='ltr'><em>maiori</em></span> <span class='ocrx_word' id='word_1_327' title='bbox 1533 1530 1608 1562; x_wconf 84' lang='lat' dir='ltr'><em>iure</em></span> <span class='ocrx_word' id='word_1_328' title='bbox 1634 1531 1679 1563; x_wconf 87' lang='lat' dir='ltr'><em>A.</em></span> <span class='ocrx_word' id='word_1_329' title='bbox 1701 1531 1792 1562; x_wconf 87' lang='lat' dir='ltr'><em>Ploti</em></span> <span class='ocrx_word' id='word_1_330' title='bbox 1812 1542 1939 1562; x_wconf 90' lang='lat' dir='ltr'><em>nomen</em></span> <span class='ocrx_word' id='word_1_331' title='bbox 1962 1530 2024 1561; x_wconf 90' lang='lat' dir='ltr'><em>de-</em></span> 
     </span>
     <span class='ocr_line' id='line_1_28' title="bbox 151 1580 2023 1625; baseline -0.001 -9"><span class='ocrx_word' id='word_1_332' title='bbox 151 1584 260 1623; x_wconf 84' lang='lat' dir='ltr'><em>ferre,</em></span> <span class='ocrx_word' id='word_1_333' title='bbox 290 1586 346 1616; x_wconf 88' lang='lat' dir='ltr'><em>uel</em></span> <span class='ocrx_word' id='word_1_334' title='bbox 370 1591 459 1616; x_wconf 87' lang='lat' dir='ltr'><em>certe</em></span> <span class='ocrx_word' id='word_1_335' title='bbox 483 1595 561 1614; x_wconf 89' lang='lat' dir='ltr'><em>eum</em></span> <span class='ocrx_word' id='word_1_336' title='bbox 582 1594 649 1614; x_wconf 84' lang='lat' dir='ltr'><em>una</em></span> <span class='ocrx_word' id='word_1_337' title='bbox 671 1594 747 1613; x_wconf 88' lang='lat' dir='ltr'><em>cum</em></span> <span class='ocrx_word' id='word_1_338' title='bbox 769 1582 904 1614; x_wconf 81' lang='lat' dir='ltr'><em>Plancio</em></span> <span class='ocrx_word' id='word_1_339' title='bbox 928 1594 1096 1614; x_wconf 82' lang='lat' dir='ltr'><em>accussare</em></span> <span class='ocrx_word' id='word_1_340' title='bbox 1119 1581 1283 1614; x_wconf 85' lang='lat' dir='ltr'><em>debuerit.</em></span> <span class='ocrx_word' id='word_1_341' title='bbox 1328 1580 1398 1614; x_wconf 81' lang='lat' dir='ltr'><em>Cfr.</em></span> <span class='ocrx_word' id='word_1_342' title='bbox 1424 1583 1462 1614; x_wconf 82' lang='lat' dir='ltr'><em>C.</em></span> <span class='ocrx_word' id='word_1_343' title='bbox 1486 1583 1564 1615; x_wconf 86' lang='lat' dir='ltr'><strong>VII.</strong></span> <span class='ocrx_word' id='word_1_344' title='bbox 1589 1584 1618 1625; x_wconf 84' lang='lat'><em>§.</em></span> <span class='ocrx_word' id='word_1_345' title='bbox 1645 1596 1693 1625; x_wconf 88' lang='lat'><em>17.</em></span> <span class='ocrx_word' id='word_1_346' title='bbox 1722 1585 1801 1617; x_wconf 88' lang='lat' dir='ltr'><em>Hoc</em></span> <span class='ocrx_word' id='word_1_347' title='bbox 1822 1589 1935 1615; x_wconf 85' lang='lat' dir='ltr'><em>tamen</em></span> <span class='ocrx_word' id='word_1_348' title='bbox 1956 1584 2023 1615; x_wconf 88' lang='lat' dir='ltr'><em>mi-</em></span> 
     </span>
     <span class='ocr_line' id='line_1_29' title="bbox 154 1633 2023 1681; baseline 0 -12"><span class='ocrx_word' id='word_1_349' title='bbox 154 1650 231 1676; x_wconf 87' lang='lat' dir='ltr'><em>ror,</em></span> <span class='ocrx_word' id='word_1_350' title='bbox 255 1650 317 1669; x_wconf 79' lang='lat' dir='ltr'><em>cur</em></span> <span class='ocrx_word' id='word_1_351' title='bbox 343 1645 379 1670; x_wconf 80' lang='lat' dir='ltr'><em>tu</em></span> <span class='ocrx_word' id='word_1_352' title='bbox 403 1639 483 1670; x_wconf 76' lang='lat' dir='ltr'><em>lzuic</em></span> <span class='ocrx_word' id='word_1_353' title='bbox 500 1637 731 1680; x_wconf 76' lang='lat' dir='ltr'><em>potissumum</em></span> <span class='ocrx_word' id='word_1_354' title='bbox 753 1636 924 1676; x_wconf 82' lang='lat' dir='ltr'><em>irascare,</em></span> <span class='ocrx_word' id='word_1_355' title='bbox 947 1637 1008 1681; x_wconf 83' lang='lat' dir='ltr'><em>qui</em></span> <span class='ocrx_word' id='word_1_356' title='bbox 1029 1637 1239 1680; x_wconf 84' lang='lat' dir='ltr'><em>longissume</em></span> <span class='ocrx_word' id='word_1_357' title='bbox 1261 1647 1284 1667; x_wconf 86' lang='lat' dir='ltr'><em>a</em></span> <span class='ocrx_word' id='word_1_358' title='bbox 1306 1640 1339 1667; x_wconf 83' lang='lat' dir='ltr'><em>te</em></span> <span class='ocrx_word' id='word_1_359' title='bbox 1360 1633 1468 1678; x_wconf 87' lang='lat' dir='ltr'><em>afuit.</em></span> <span class='ocrx_word' id='word_1_360' title='bbox 1495 1641 1528 1666; x_wconf 83' lang='lat' dir='ltr'><em>et</em></span> <span class='ocrx_word' id='word_1_361' title='bbox 1551 1636 1588 1667; x_wconf 88' lang='lat' dir='ltr'><em>C.</em></span> <span class='ocrx_word' id='word_1_362' title='bbox 1610 1637 1728 1668; x_wconf 85' lang='lat' dir='ltr'>XXII.</span> <span class='ocrx_word' id='word_1_363' title='bbox 1752 1637 1782 1677; x_wconf 54' lang='grc' dir='ltr'><em>ς.</em></span> <span class='ocrx_word' id='word_1_364' title='bbox 1806 1636 1857 1668; x_wconf 82' lang='lat'><em>54.</em></span> <span class='ocrx_word' id='word_1_365' title='bbox 1887 1637 1946 1669; x_wconf 88' lang='lat' dir='ltr'><em>Set</em></span> <span class='ocrx_word' id='word_1_366' title='bbox 1968 1642 2023 1669; x_wconf 83' lang='lat' dir='ltr'><em>ta-</em></span> 
     </span>
     <span class='ocr_line' id='line_1_30' title="bbox 153 1688 2022 1732; baseline -0.001 -10"><span class='ocrx_word' id='word_1_367' title='bbox 153 1703 229 1723; x_wconf 85' lang='lat' dir='ltr'><em>men</em></span> <span class='ocrx_word' id='word_1_368' title='bbox 259 1697 297 1722; x_wconf 80' lang='lat' dir='ltr'><em>tu</em></span> <span class='ocrx_word' id='word_1_369' title='bbox 319 1691 364 1724; x_wconf 84' lang='lat' dir='ltr'><em>A.</em></span> <span class='ocrx_word' id='word_1_370' title='bbox 394 1691 552 1723; x_wconf 83' lang='lat' dir='ltr'><em>Plotium</em></span> <span class='ocrx_word' id='word_1_371' title='bbox 581 1689 617 1720; x_wconf 88' lang='lat' dir='ltr'><em>in</em></span> <span class='ocrx_word' id='word_1_372' title='bbox 644 1688 734 1720; x_wconf 83' lang='lat' dir='ltr'><em>idem</em></span> <span class='ocrx_word' id='word_1_373' title='bbox 765 1690 892 1722; x_wconf 80' lang='lat' dir='ltr'><em>crimen</em></span> <span class='ocrx_word' id='word_1_374' title='bbox 925 1689 1079 1722; x_wconf 78' lang='lat' dir='ltr'><em>uocando</em></span> <span class='ocrx_word' id='word_1_375' title='bbox 1112 1689 1266 1727; x_wconf 82' lang='lat' dir='ltr'><em>indicas,</em></span> <span class='ocrx_word' id='word_1_376' title='bbox 1308 1699 1385 1721; x_wconf 88' lang='lat' dir='ltr'><em>eum</em></span> <span class='ocrx_word' id='word_1_377' title='bbox 1417 1693 1450 1720; x_wconf 88' lang='lat' dir='ltr'><em>te</em></span> <span class='ocrx_word' id='word_1_378' title='bbox 1478 1689 1688 1731; x_wconf 74' lang='lat' dir='ltr'><em>arripuisse,</em></span> <span class='ocrx_word' id='word_1_379' title='bbox 1731 1701 1753 1720; x_wconf 87' lang='lat' dir='ltr'><em>a</em></span> <span class='ocrx_word' id='word_1_380' title='bbox 1782 1700 1848 1732; x_wconf 84' lang='lat' dir='ltr'><em>quo</em></span> <span class='ocrx_word' id='word_1_381' title='bbox 1876 1701 1944 1721; x_wconf 86' lang='lat' dir='ltr'><em>non</em></span> <span class='ocrx_word' id='word_1_382' title='bbox 1972 1690 2022 1721; x_wconf 85' lang='lat' dir='ltr'><em>sis</em></span> 
     </span>
     <span class='ocr_line' id='line_1_31' title="bbox 155 1750 311 1787; baseline 0 -12"><span class='ocrx_word' id='word_1_383' title='bbox 155 1750 311 1787; x_wconf 75' lang='lat' dir='ltr'><em>rogatus,</em></span> 
     </span>
    </p>

    <p class='ocr_par' dir='ltr' id='par_1_6' title="bbox 156 1792 2025 2154">
     <span class='ocr_line' id='line_1_32' title="bbox 240 1792 2022 1839; baseline -0.002 -11"><span class='ocrx_word' id='word_1_384' title='bbox 240 1798 336 1829; x_wconf 79' lang='lat' dir='ltr'><em>Iclem</em></span> <span class='ocrx_word' id='word_1_385' title='bbox 358 1794 467 1839; x_wconf 68' lang='lat' dir='ltr'><em>effers</em></span> <span class='ocrx_word' id='word_1_386' title='bbox 489 1795 713 1827; x_wconf 80' lang='lat' dir='ltr'><em>Laterensem</em></span> <span class='ocrx_word' id='word_1_387' title='bbox 735 1793 909 1837; x_wconf 80' lang='lat' dir='ltr'><em>laudibus)</em></span> <span class='ocrx_word' id='word_1_388' title='bbox 951 1794 1018 1825; x_wconf 80' lang='lat' dir='ltr'><em>Pro</em></span> <span class='ocrx_word' id='word_1_389' title='bbox 1050 1793 1152 1839; x_wconf 66' lang='lat' dir='ltr'><em>effers</em></span> <span class='ocrx_word' id='word_1_390' title='bbox 1180 1793 1217 1825; x_wconf 90' lang='lat' dir='ltr'><em>in</em></span> <span class='ocrx_word' id='word_1_391' title='bbox 1237 1794 1321 1826; x_wconf 86' lang='lat' dir='ltr'><em>Bau.</em></span> <span class='ocrx_word' id='word_1_392' title='bbox 1349 1798 1400 1824; x_wconf 86' lang='lat' dir='ltr'><em>est</em></span> <span class='ocrx_word' id='word_1_393' title='bbox 1425 1798 1465 1825; x_wconf 92' lang='lat' dir='ltr'><em>ut</em></span> <span class='ocrx_word' id='word_1_394' title='bbox 1484 1792 1582 1837; x_wconf 86' lang='lat' dir='ltr'><em>fers,</em></span> <span class='ocrx_word' id='word_1_395' title='bbox 1617 1804 1661 1825; x_wconf 75' lang='lat' dir='ltr'><em>ex</em></span> <span class='ocrx_word' id='word_1_396' title='bbox 1689 1793 1827 1836; x_wconf 89' lang='lat' dir='ltr'><em>antiqua</em></span> <span class='ocrx_word' id='word_1_397' title='bbox 1856 1792 2022 1836; x_wconf 89' lang='lat' dir='ltr'><em>scriptura</em></span> 
     </span>
     <span class='ocr_line' id='line_1_33' title="bbox 156 1845 2024 1892; baseline -0.002 -11"><span class='ocrx_word' id='word_1_398' title='bbox 156 1848 283 1892; x_wconf 63' lang='lat' dir='ltr'><em>ecfers,</em></span> <span class='ocrx_word' id='word_1_399' title='bbox 308 1855 344 1879; x_wconf 78' lang='lat' dir='ltr'><em>ut</em></span> <span class='ocrx_word' id='word_1_400' title='bbox 362 1847 453 1878; x_wconf 83' lang='lat' dir='ltr'><em>alibi.</em></span> <span class='ocrx_word' id='word_1_401' title='bbox 478 1848 735 1880; x_wconf 64' lang='lat' dir='ltr'>GARATONIUS.</span> <span class='ocrx_word' id='word_1_402' title='bbox 781 1847 914 1878; x_wconf 87' lang='lat' dir='ltr'><em>Scilicet</em></span> <span class='ocrx_word' id='word_1_403' title='bbox 935 1858 999 1889; x_wconf 88' lang='lat' dir='ltr'><em>pro</em></span> <span class='ocrx_word' id='word_1_404' title='bbox 1022 1858 1058 1879; x_wconf 88' lang='lat' dir='ltr'><em>ec</em></span> <span class='ocrx_word' id='word_1_405' title='bbox 1079 1847 1116 1877; x_wconf 87' lang='lat' dir='ltr'><em>in</em></span> <span class='ocrx_word' id='word_1_406' title='bbox 1137 1846 1250 1879; x_wconf 86' lang='lat' dir='ltr'><em>uerbis</em></span> <span class='ocrx_word' id='word_1_407' title='bbox 1274 1845 1453 1890; x_wconf 87' lang='lat' dir='ltr'><em>conpositis</em></span> <span class='ocrx_word' id='word_1_408' title='bbox 1477 1852 1510 1877; x_wconf 88' lang='lat' dir='ltr'><em>et</em></span> <span class='ocrx_word' id='word_1_409' title='bbox 1532 1846 1567 1877; x_wconf 87' lang='lat' dir='ltr'><em>in</em></span> <span class='ocrx_word' id='word_1_410' title='bbox 1590 1845 1792 1889; x_wconf 85' lang='lat' dir='ltr'><em>pronomine</em></span> <span class='ocrx_word' id='word_1_411' title='bbox 1815 1847 1930 1890; x_wconf 80' lang='lat' dir='ltr'><em>ecquis</em></span> <span class='ocrx_word' id='word_1_412' title='bbox 1950 1857 2024 1878; x_wconf 88' lang='lat' dir='ltr'><em>sae-</em></span> 
     </span>
     <span class='ocr_line' id='line_1_34' title="bbox 156 1898 2025 1944; baseline -0.002 -12"><span class='ocrx_word' id='word_1_413' title='bbox 156 1902 304 1944; x_wconf 84' lang='lat' dir='ltr'><em>pissume</em></span> <span class='ocrx_word' id='word_1_414' title='bbox 337 1912 354 1930; x_wconf 82' lang='lat' dir='ltr'><em>a</em></span> <span class='ocrx_word' id='word_1_415' title='bbox 377 1900 522 1931; x_wconf 84' lang='lat' dir='ltr'><em>librariis</em></span> <span class='ocrx_word' id='word_1_416' title='bbox 554 1907 587 1932; x_wconf 88' lang='lat' dir='ltr'><em>et</em></span> <span class='ocrx_word' id='word_1_417' title='bbox 618 1901 738 1943; x_wconf 88' lang='lat' dir='ltr'><em>copula</em></span> <span class='ocrx_word' id='word_1_418' title='bbox 768 1900 908 1942; x_wconf 83' lang='lat' dir='ltr'><em>positast</em></span> <span class='ocrx_word' id='word_1_419' title='bbox 939 1911 1043 1942; x_wconf 89' lang='lat' dir='ltr'><em>eaque</em></span> <span class='ocrx_word' id='word_1_420' title='bbox 1070 1910 1140 1930; x_wconf 88' lang='lat' dir='ltr'><em>non</em></span> <span class='ocrx_word' id='word_1_421' title='bbox 1170 1911 1248 1931; x_wconf 88' lang='lat' dir='ltr'><em>raro</em></span> <span class='ocrx_word' id='word_1_422' title='bbox 1270 1899 1306 1930; x_wconf 91' lang='lat' dir='ltr'><em>in</em></span> <span class='ocrx_word' id='word_1_423' title='bbox 1334 1905 1374 1932; x_wconf 86' lang='lat' dir='ltr'><em>ut</em></span> <span class='ocrx_word' id='word_1_424' title='bbox 1397 1898 1588 1941; x_wconf 82' lang='lat' dir='ltr'><em>deprauata.</em></span> <span class='ocrx_word' id='word_1_425' title='bbox 1632 1899 1723 1932; x_wconf 88' lang='lat' dir='ltr'><em>Hinc</em></span> <span class='ocrx_word' id='word_1_426' title='bbox 1747 1899 1817 1930; x_wconf 85' lang='lat' dir='ltr'><em>leni</em></span> <span class='ocrx_word' id='word_1_427' title='bbox 1837 1898 2025 1930; x_wconf 80' lang='lat' dir='ltr'><em>mutatione</em></span> 
     </span>
     <span class='ocr_line' id='line_1_35' title="bbox 158 1950 2024 1995; baseline -0.001 -10"><span class='ocrx_word' id='word_1_428' title='bbox 158 1955 250 1985; x_wconf 79' lang='lat' dir='ltr'><em>loc-us</em></span> <span class='ocrx_word' id='word_1_429' title='bbox 274 1953 386 1985; x_wconf 83' lang='lat' dir='ltr'><em>Uellei</em></span> <span class='ocrx_word' id='word_1_430' title='bbox 409 1953 494 1983; x_wconf 90' lang='lat' dir='ltr'><em>mihi</em></span> <span class='ocrx_word' id='word_1_431' title='bbox 519 1953 656 1985; x_wconf 83' lang='lat' dir='ltr'><em>uidetur</em></span> <span class='ocrx_word' id='word_1_432' title='bbox 679 1952 801 1995; x_wconf 84' lang='lat' dir='ltr'><em>corrigi</em></span> <span class='ocrx_word' id='word_1_433' title='bbox 830 1964 945 1995; x_wconf 85' lang='lat' dir='ltr'><em>posse,</em></span> <span class='ocrx_word' id='word_1_434' title='bbox 980 1952 1039 1994; x_wconf 89' lang='lat' dir='ltr'><em>qui</em></span> <span class='ocrx_word' id='word_1_435' title='bbox 1066 1953 1108 1984; x_wconf 93' lang='lat' dir='ltr'><em>L.</em></span> <span class='ocrx_word' id='word_1_436' title='bbox 1131 1952 1174 1983; x_wconf 93' lang='grc' dir='ltr'><em>ΙΙ.</em></span> <span class='ocrx_word' id='word_1_437' title='bbox 1205 1953 1243 1984; x_wconf 90' lang='lat' dir='ltr'><em>C.</em></span> <span class='ocrx_word' id='word_1_438' title='bbox 1265 1952 1418 1985; x_wconf 84' lang='lat' dir='ltr'><strong>XXVII.</strong></span> <span class='ocrx_word' id='word_1_439' title='bbox 1447 1952 1477 1994; x_wconf 57' lang='grc' dir='ltr'><em>ς.</em></span> <span class='ocrx_word' id='word_1_440' title='bbox 1502 1952 1532 1984; x_wconf 83' lang='grc'><em>5.</em></span> <span class='ocrx_word' id='word_1_441' title='bbox 1561 1951 1702 1994; x_wconf 83' lang='lat' dir='ltr'><em>legitur,</em></span> <span class='ocrx_word' id='word_1_442' title='bbox 1738 1951 1888 1993; x_wconf 81' lang='lat' dir='ltr'><em>uirisque</em></span> <span class='ocrx_word' id='word_1_443' title='bbox 1918 1950 2024 1983; x_wconf 85' lang='lat' dir='ltr'><em>doctis</em></span> 
     </span>
     <span class='ocr_line' id='line_1_36' title="bbox 157 2002 2024 2048; baseline -0.001 -10"><span class='ocrx_word' id='word_1_444' title='bbox 157 2007 306 2038; x_wconf 83' lang='lat' dir='ltr'><em>multum</em></span> <span class='ocrx_word' id='word_1_445' title='bbox 328 2006 395 2036; x_wconf 87' lang='lat' dir='ltr'><em>iam</em></span> <span class='ocrx_word' id='word_1_446' title='bbox 417 2006 531 2048; x_wconf 85' lang='lat' dir='ltr'><em>negoti</em></span> <span class='ocrx_word' id='word_1_447' title='bbox 557 2005 735 2037; x_wconf 86' lang='lat' dir='ltr'><em>facessiuit.</em></span> <span class='ocrx_word' id='word_1_448' title='bbox 780 2006 810 2036; x_wconf 90' lang='lat' dir='ltr'><em>Is</em></span> <span class='ocrx_word' id='word_1_449' title='bbox 842 2004 876 2035; x_wconf 87' lang='grc'><em>111</em></span> <span class='ocrx_word' id='word_1_450' title='bbox 907 2004 1075 2036; x_wconf 88' lang='lat' dir='ltr'><em>codicibus</em></span> <span class='ocrx_word' id='word_1_451' title='bbox 1102 2004 1150 2036; x_wconf 87' lang='lat' dir='ltr'><em>ita</em></span> <span class='ocrx_word' id='word_1_452' title='bbox 1177 2004 1320 2047; x_wconf 85' lang='lat' dir='ltr'><em>scriptus</em></span> <span class='ocrx_word' id='word_1_453' title='bbox 1348 2011 1456 2037; x_wconf 81' lang='lat' dir='ltr'><em>extat:</em></span> <span class='ocrx_word' id='word_1_454' title='bbox 1492 2005 1598 2038; x_wconf 86' lang='lat' dir='ltr'><em>Cuius</em></span> <span class='ocrx_word' id='word_1_455' title='bbox 1619 2004 1789 2036; x_wconf 82' lang='lat' dir='ltr'><em>abscisum</em></span> <span class='ocrx_word' id='word_1_456' title='bbox 1810 2009 1915 2047; x_wconf 83' lang='lat' dir='ltr'><em>caput</em></span> <span class='ocrx_word' id='word_1_457' title='bbox 1926 2002 2024 2047; x_wconf 79' lang='lat' dir='ltr'><em>ferri</em></span> 
     </span>
     <span class='ocr_line' id='line_1_37' title="bbox 157 2056 2023 2104; baseline -0.002 -13"><span class='ocrx_word' id='word_1_458' title='bbox 157 2060 358 2104; x_wconf 80' lang='lat' dir='ltr'><em>gestarique</em></span> <span class='ocrx_word' id='word_1_459' title='bbox 383 2059 476 2091; x_wconf 83' lang='lat' dir='ltr'><em>circa</em></span> <span class='ocrx_word' id='word_1_460' title='bbox 497 2059 685 2091; x_wconf 83' lang='lat' dir='ltr'><em>Praeneste</em></span> <span class='ocrx_word' id='word_1_461' title='bbox 714 2059 815 2090; x_wconf 81' lang='lat' dir='ltr'><em>Sulla</em></span> <span class='ocrx_word' id='word_1_462' title='bbox 842 2059 955 2090; x_wconf 81' lang='lat' dir='ltr'><em>iussit.</em></span> <span class='ocrx_word' id='word_1_463' title='bbox 997 2057 1229 2099; x_wconf 85' lang='lat' dir='ltr'><em>Legendumst</em></span> <span class='ocrx_word' id='word_1_464' title='bbox 1256 2062 1361 2100; x_wconf 79' lang='lat' dir='ltr'><em>caput</em></span> <span class='ocrx_word' id='word_1_465' title='bbox 1388 2057 1516 2101; x_wconf 82' lang='lat' dir='ltr'><em>ecferri</em></span> <span class='ocrx_word' id='word_1_466' title='bbox 1545 2063 1625 2089; x_wconf 86' lang='lat' dir='ltr'><em>etc..</em></span> <span class='ocrx_word' id='word_1_467' title='bbox 1669 2056 1772 2098; x_wconf 87' lang='lat' dir='ltr'><em>Quod</em></span> <span class='ocrx_word' id='word_1_468' title='bbox 1801 2067 1902 2098; x_wconf 86' lang='lat' dir='ltr'><em>quam</em></span> <span class='ocrx_word' id='word_1_469' title='bbox 1926 2056 2023 2088; x_wconf 85' lang='lat' dir='ltr'><em>facile</em></span> 
     </span>
     <span class='ocr_line' id='line_1_38' title="bbox 158 2109 1560 2154; baseline -0.001 -11"><span class='ocrx_word' id='word_1_470' title='bbox 158 2113 196 2143; x_wconf 88' lang='lat' dir='ltr'><em>in</em></span> <span class='ocrx_word' id='word_1_471' title='bbox 217 2112 387 2153; x_wconf 77' lang='lat' dir='ltr'><em>uolgatam</em></span> <span class='ocrx_word' id='word_1_472' title='bbox 410 2111 589 2154; x_wconf 86' lang='lat' dir='ltr'><em>deprauari</em></span> <span class='ocrx_word' id='word_1_473' title='bbox 613 2111 815 2154; x_wconf 88' lang='lat' dir='ltr'><em>scripturam</em></span> <span class='ocrx_word' id='word_1_474' title='bbox 836 2111 1000 2154; x_wconf 85' lang='lat' dir='ltr'><em>potuerit,</em></span> <span class='ocrx_word' id='word_1_475' title='bbox 1027 2111 1064 2142; x_wconf 86' lang='lat' dir='ltr'><em>in</em></span> <span class='ocrx_word' id='word_1_476' title='bbox 1085 2115 1248 2153; x_wconf 87' lang='lat' dir='ltr'><em>promptu</em></span> <span class='ocrx_word' id='word_1_477' title='bbox 1271 2109 1338 2141; x_wconf 84' lang='lat' dir='ltr'><em>iam</em></span> <span class='ocrx_word' id='word_1_478' title='bbox 1359 2109 1478 2141; x_wconf 80' lang='lat' dir='ltr'><em>uidere</em></span> <span class='ocrx_word' id='word_1_479' title='bbox 1500 2116 1560 2142; x_wconf 88' lang='lat' dir='ltr'><em>est.</em></span> 
     </span>
    </p>

    <p class='ocr_par' dir='ltr' id='par_1_7' title="bbox 161 2161 2025 2470">
     <span class='ocr_line' id='line_1_39' title="bbox 244 2161 2024 2208; baseline -0.003 -12"><span class='ocrx_word' id='word_1_480' title='bbox 244 2165 364 2205; x_wconf 78' lang='lat' dir='ltr'><em>Quid?</em></span> <span class='ocrx_word' id='word_1_481' title='bbox 399 2165 464 2196; x_wconf 81' lang='lat' dir='ltr'><em>alii</em></span> <span class='ocrx_word' id='word_1_482' title='bbox 490 2170 684 2207; x_wconf 84' lang='lat' dir='ltr'><em>quaestores</em></span> <span class='ocrx_word' id='word_1_483' title='bbox 706 2176 773 2196; x_wconf 89' lang='lat' dir='ltr'><em>non</em></span> <span class='ocrx_word' id='word_1_484' title='bbox 786 2163 990 2208; x_wconf 63' lang='lat' dir='ltr'><em>fecerunff)</em></span> <span class='ocrx_word' id='word_1_485' title='bbox 1034 2162 1090 2194; x_wconf 83' lang='lat' dir='ltr'><em>Sic</em></span> <span class='ocrx_word' id='word_1_486' title='bbox 1117 2162 1236 2206; x_wconf 89' lang='lat' dir='ltr'><em>scripsi</em></span> <span class='ocrx_word' id='word_1_487' title='bbox 1266 2162 1436 2205; x_wconf 86' lang='lat' dir='ltr'><em>flagitante</em></span> <span class='ocrx_word' id='word_1_488' title='bbox 1462 2163 1627 2195; x_wconf 87' lang='lat' dir='ltr'><em>sententia</em></span> <span class='ocrx_word' id='word_1_489' title='bbox 1646 2174 1715 2194; x_wconf 91' lang='lat' dir='ltr'><em>uno</em></span> <span class='ocrx_word' id='word_1_490' title='bbox 1738 2161 1945 2194; x_wconf 86' lang='lat' dir='ltr'><em>adsentiente</em></span> <span class='ocrx_word' id='word_1_491' title='bbox 1966 2171 2024 2191; x_wconf 85' lang='grc'><em>00-</em></span> 
     </span>
     <span class='ocr_line' id='line_1_40' title="bbox 161 2211 2025 2260; baseline -0.001 -13"><span class='ocrx_word' id='word_1_492' title='bbox 161 2217 234 2248; x_wconf 83' lang='grc'><strong>(1100</strong></span> <span class='ocrx_word' id='word_1_493' title='bbox 256 2217 320 2249; x_wconf 89' lang='lat' dir='ltr'><em>Lb.</em></span> <span class='ocrx_word' id='word_1_494' title='bbox 365 2217 448 2250; x_wconf 73' lang='lat' dir='ltr'><em>ZVon</em></span> <span class='ocrx_word' id='word_1_495' title='bbox 468 2215 633 2260; x_wconf 86' lang='lat' dir='ltr'><em>fecerunt</em></span> <span class='ocrx_word' id='word_1_496' title='bbox 664 2222 713 2248; x_wconf 91' lang='lat' dir='ltr'><em>est</em></span> <span class='ocrx_word' id='word_1_497' title='bbox 742 2217 929 2248; x_wconf 88' lang='lat' dir='ltr'><em>omiserunt</em></span> <span class='ocrx_word' id='word_1_498' title='bbox 961 2215 1081 2247; x_wconf 84' lang='lat' dir='ltr'><em>facere.</em></span> <span class='ocrx_word' id='word_1_499' title='bbox 1126 2215 1239 2248; x_wconf 89' lang='lat' dir='ltr'><em>Ceteri</em></span> <span class='ocrx_word' id='word_1_500' title='bbox 1266 2216 1346 2247; x_wconf 86' lang='lat' dir='ltr'><em>libri</em></span> <span class='ocrx_word' id='word_1_501' title='bbox 1372 2227 1436 2259; x_wconf 88' lang='lat' dir='ltr'><em>pro</em></span> <span class='ocrx_word' id='word_1_502' title='bbox 1464 2228 1531 2248; x_wconf 87' lang='lat' dir='ltr'><em>non</em></span> <span class='ocrx_word' id='word_1_503' title='bbox 1555 2216 1681 2248; x_wconf 74' lang='lat' dir='ltr'><em>habent</em></span> <span class='ocrx_word' id='word_1_504' title='bbox 1708 2227 1828 2247; x_wconf 85' lang='lat' dir='ltr'><em>nonne.</em></span> <span class='ocrx_word' id='word_1_505' title='bbox 1866 2211 2025 2252; x_wconf 82' lang='lat' dir='ltr'><em>„Nonne</em></span> 
     </span>
     <span class='ocr_line' id='line_1_41' title="bbox 162 2265 2024 2312; baseline -0.002 -12"><span class='ocrx_word' id='word_1_506' title='bbox 162 2281 284 2300; x_wconf 85' lang='lat' dir='ltr'><em>uerum</em></span> <span class='ocrx_word' id='word_1_507' title='bbox 306 2281 376 2301; x_wconf 89' lang='lat' dir='ltr'><em>esse</em></span> <span class='ocrx_word' id='word_1_508' title='bbox 398 2281 467 2300; x_wconf 88' lang='lat' dir='ltr'><em>non</em></span> <span class='ocrx_word' id='word_1_509' title='bbox 488 2275 615 2311; x_wconf 83' lang='lat' dir='ltr'><em>potest,</em></span> <span class='ocrx_word' id='word_1_510' title='bbox 647 2269 784 2301; x_wconf 88' lang='lat' dir='ltr'><em>deberet</em></span> <span class='ocrx_word' id='word_1_511' title='bbox 807 2269 897 2300; x_wconf 88' lang='lat' dir='ltr'><em>enim</em></span> <span class='ocrx_word' id='word_1_512' title='bbox 919 2267 998 2300; x_wconf 85' lang='lat' dir='ltr'><em>addi</em></span> <span class='ocrx_word' id='word_1_513' title='bbox 1019 2269 1128 2309; x_wconf 83' lang='lat' dir='ltr'><em>idem,</em></span> <span class='ocrx_word' id='word_1_514' title='bbox 1156 2268 1438 2312; x_wconf 88' lang='lat' dir='ltr'><em>scribendumque</em></span> <span class='ocrx_word' id='word_1_515' title='bbox 1463 2275 1513 2300; x_wconf 82' lang='lat' dir='ltr'><em>est</em></span> <span class='ocrx_word' id='word_1_516' title='bbox 1533 2281 1611 2301; x_wconf 84' lang='lat' dir='ltr'><em>non.</em></span> <span class='ocrx_word' id='word_1_517' title='bbox 1654 2268 1701 2300; x_wconf 89' lang='lat' dir='ltr'><em>Et</em></span> <span class='ocrx_word' id='word_1_518' title='bbox 1720 2267 1768 2299; x_wconf 87' lang='lat' dir='ltr'><em>sic</em></span> <span class='ocrx_word' id='word_1_519' title='bbox 1788 2265 1918 2297; x_wconf 85' lang='lat' dir='ltr'><em>edidi.“</em></span> <span class='ocrx_word' id='word_1_520' title='bbox 1948 2266 2024 2297; x_wconf 79' lang='lat' dir='ltr'><em>ER-</em></span> 
     </span>
     <span class='ocr_line' id='line_1_42' title="bbox 162 2320 2024 2366; baseline -0.003 -13"><span class='ocrx_word' id='word_1_521' title='bbox 162 2332 330 2354; x_wconf 67' lang='lat' dir='ltr'>NESTIUS.</span> <span class='ocrx_word' id='word_1_522' title='bbox 375 2322 501 2355; x_wconf 86' lang='lat' dir='ltr'><em>Nonne</em></span> <span class='ocrx_word' id='word_1_523' title='bbox 523 2327 637 2354; x_wconf 86' lang='lat' dir='ltr'><em>ortum</em></span> <span class='ocrx_word' id='word_1_524' title='bbox 659 2323 698 2354; x_wconf 88' lang='lat' dir='ltr'><em>ab</em></span> <span class='ocrx_word' id='word_1_525' title='bbox 721 2322 761 2354; x_wconf 89' lang='lat' dir='ltr'><em>iis</em></span> <span class='ocrx_word' id='word_1_526' title='bbox 785 2327 852 2361; x_wconf 90' lang='lat' dir='ltr'><em>est,</em></span> <span class='ocrx_word' id='word_1_527' title='bbox 886 2320 946 2363; x_wconf 90' lang='lat' dir='ltr'><em>qui</em></span> <span class='ocrx_word' id='word_1_528' title='bbox 967 2320 1198 2363; x_wconf 83' lang='lat' dir='ltr'><em>interrogandi</em></span> <span class='ocrx_word' id='word_1_529' title='bbox 1219 2321 1352 2364; x_wconf 89' lang='lat' dir='ltr'><em>signum</em></span> <span class='ocrx_word' id='word_1_530' title='bbox 1377 2333 1446 2353; x_wconf 88' lang='lat' dir='ltr'><em>non</em></span> <span class='ocrx_word' id='word_1_531' title='bbox 1467 2327 1544 2365; x_wconf 85' lang='lat' dir='ltr'><em>post</em></span> <span class='ocrx_word' id='word_1_532' title='bbox 1567 2322 1669 2366; x_wconf 82' lang='lat' dir='ltr'><em>quid,</em></span> <span class='ocrx_word' id='word_1_533' title='bbox 1701 2325 1751 2352; x_wconf 90' lang='lat' dir='ltr'><em>set</em></span> <span class='ocrx_word' id='word_1_534' title='bbox 1770 2323 1846 2362; x_wconf 88' lang='lat' dir='ltr'><em>post</em></span> <span class='ocrx_word' id='word_1_535' title='bbox 1867 2324 2024 2361; x_wconf 83' lang='lat' dir='ltr'><em>quaesto-</em></span> 
     </span>
     <span class='ocr_line' id='line_1_43' title="bbox 164 2371 2025 2418; baseline -0.003 -12"><span class='ocrx_word' id='word_1_536' title='bbox 164 2387 218 2407; x_wconf 89' lang='lat' dir='ltr'><em>res</em></span> <span class='ocrx_word' id='word_1_537' title='bbox 241 2375 389 2418; x_wconf 83' lang='lat' dir='ltr'><em>positum</em></span> <span class='ocrx_word' id='word_1_538' title='bbox 411 2374 582 2405; x_wconf 79' lang='lat' dir='ltr'><em>uidebant.</em></span> <span class='ocrx_word' id='word_1_539' title='bbox 626 2376 742 2418; x_wconf 85' lang='lat' dir='ltr'><em>Atque</em></span> <span class='ocrx_word' id='word_1_540' title='bbox 763 2386 887 2418; x_wconf 89' lang='lat' dir='ltr'><em>prauos</em></span> <span class='ocrx_word' id='word_1_541' title='bbox 908 2374 968 2405; x_wconf 92' lang='lat' dir='ltr'><em>ille</em></span> <span class='ocrx_word' id='word_1_542' title='bbox 989 2373 1197 2406; x_wconf 83' lang='lat' dir='ltr'><em>interductus</em></span> <span class='ocrx_word' id='word_1_543' title='bbox 1220 2375 1412 2406; x_wconf 86' lang='lat' dir='ltr'><em>etiamnunc</em></span> <span class='ocrx_word' id='word_1_544' title='bbox 1433 2375 1549 2407; x_wconf 86' lang='lat' dir='ltr'><em>multis</em></span> <span class='ocrx_word' id='word_1_545' title='bbox 1571 2376 1608 2406; x_wconf 88' lang='lat' dir='ltr'><em>in</em></span> <span class='ocrx_word' id='word_1_546' title='bbox 1620 2371 1787 2404; x_wconf 86' lang='lat' dir='ltr'><em>codicibus</em></span> <span class='ocrx_word' id='word_1_547' title='bbox 1814 2375 1874 2401; x_wconf 87' lang='lat' dir='ltr'><em>est.</em></span> <span class='ocrx_word' id='word_1_548' title='bbox 1918 2371 2025 2412; x_wconf 89' lang='lat' dir='ltr'><em>Saepe</em></span> 
     </span>
     <span class='ocr_line' id='line_1_44' title="bbox 162 2422 2023 2470; baseline -0.003 -11"><span class='ocrx_word' id='word_1_549' title='bbox 162 2434 336 2470; x_wconf 82' lang='lat' dir='ltr'><em>praeterea</em></span> <span class='ocrx_word' id='word_1_550' title='bbox 357 2440 466 2459; x_wconf 82' lang='lat' dir='ltr'><em>nonne</em></span> <span class='ocrx_word' id='word_1_551' title='bbox 492 2439 555 2470; x_wconf 86' lang='lat' dir='ltr'><em>pro</em></span> <span class='ocrx_word' id='word_1_552' title='bbox 586 2441 652 2460; x_wconf 80' lang='lat' dir='ltr'><em>non</em></span> <span class='ocrx_word' id='word_1_553' title='bbox 675 2439 693 2459; x_wconf 85' lang='lat' dir='ltr'><em>a</em></span> <span class='ocrx_word' id='word_1_554' title='bbox 716 2427 862 2459; x_wconf 89' lang='lat' dir='ltr'><em>librariis</em></span> <span class='ocrx_word' id='word_1_555' title='bbox 883 2427 1033 2470; x_wconf 87' lang='lat' dir='ltr'><em>positum</em></span> <span class='ocrx_word' id='word_1_556' title='bbox 1055 2438 1137 2468; x_wconf 86' lang='lat' dir='ltr'><em>esse,</em></span> <span class='ocrx_word' id='word_1_557' title='bbox 1161 2426 1274 2460; x_wconf 76' lang='lat' dir='ltr'><em>docuit</em></span> <span class='ocrx_word' id='word_1_558' title='bbox 1296 2428 1498 2461; x_wconf 87' lang='lat' dir='ltr'><em>Garatonius</em></span> <span class='ocrx_word' id='word_1_559' title='bbox 1521 2426 1563 2458; x_wconf 89' lang='lat' dir='ltr'><em>ad</em></span> <span class='ocrx_word' id='word_1_560' title='bbox 1584 2427 1610 2458; x_wconf 92' lang='grc' dir='ltr'><em>Ι.</em></span> <span class='ocrx_word' id='word_1_561' title='bbox 1635 2426 1707 2457; x_wconf 82' lang='lat' dir='ltr'><em>Cat.</em></span> <span class='ocrx_word' id='word_1_562' title='bbox 1730 2423 1768 2454; x_wconf 89' lang='lat' dir='ltr'><em>C.</em></span> <span class='ocrx_word' id='word_1_563' title='bbox 1790 2422 1852 2453; x_wconf 74' lang='lat' dir='ltr'><em>XI.</em></span> <span class='ocrx_word' id='word_1_564' title='bbox 1876 2433 1909 2465; x_wconf 89' lang='lat' dir='ltr'><em>p.</em></span> <span class='ocrx_word' id='word_1_565' title='bbox 1932 2422 2023 2454; x_wconf 83' lang='lat'><strong>415..</strong></span> 
     </span>
    </p>
   </div>
  </div>
 </body>
</html>
