2185 2720
556 577 949 629 LIBER
1043 580 1634 635 TERTIUS.

1002 699 1192 735 CARI.

1055 809 1128 837 DE

231 867 542 906 TEMPORE,
582 869 702 907 QUO
736 871 970 900 HABITA
1005 871 1100 900 SIT
1141 872 1376 902 ORATIO
1412 875 1525 903 PRO
1561 875 1642 905 CN.
1680 874 1960 905 PLANCIO.

1056 966 1084 1007 §-
1107 976 1130 1001 1.

361 1038 526 1070 Uirorum
551 1038 732 1071 doctorum
753 1038 941 1072 sententiae
971 1039 1012 1071 de
1042 1052 1150 1079 anno,
1179 1052 1244 1084 quo
1274 1040 1394 1074 habita
1419 1041 1467 1074 sit
1489 1042 1601 1075 oratio
1625 1042 1833 1076 Planeicma.

152 1136 242 1192 Non
262 1174 322 1193 una
340 1164 402 1193 fuit
421 1164 582 1194 hominum
604 1163 766 1193 doctorum
787 1163 823 1191 de
844 1169 993 1202 tempore,
1015 1175 1074 1202 quo
1096 1164 1200 1201 habita
1220 1176 1237 1193 a
1257 1167 1300 1194 M.
1324 1165 1432 1195 Tullio
1454 1167 1553 1195 oratio
1574 1167 1740 1196 Planciana
1759 1173 1849 1203 essct,
1869 1169 2032 1198 sententia.

153 1217 296 1253 Quorum
323 1212 380 1240 etsi
407 1213 551 1242 nonnulli
579 1221 686 1240 uerum
714 1211 773 1239 iam
800 1212 964 1247 uiderunt,
998 1212 1133 1240 minume
1153 1218 1255 1241 tamen
1275 1213 1314 1241 iis
1334 1213 1371 1241 ad
1391 1213 1567 1242 firmandam
1587 1216 1771 1243 sententiam
1790 1226 1875 1244 suam
1894 1216 1942 1244 usi
1962 1221 2033 1245 sunt

152 1260 355 1301 argumentis,
375 1264 410 1288 ut
429 1260 562 1288 aliorum
582 1263 708 1298 possent
727 1259 980 1297 adprobationem
1002 1259 1159 1297 consequi.
1197 1259 1247 1287 Ne
1268 1259 1335 1299 ipse
1355 1261 1479 1299 quidem
1501 1262 1703 1297 GaratoniuS,
1724 1273 1903 1301 quamquam
1923 1273 2033 1292 uerum

151 1321 267 1341 annum
285 1308 360 1337 huie
381 1308 515 1336 orationi
536 1306 709 1344 adsignauit
727 1306 884 1344 multaque
904 1305 1026 1344 egregie
1044 1306 1182 1343 monuit,
1211 1312 1308 1336 totam
1328 1307 1406 1336 hanc
1426 1319 1491 1337 rem
1511 1309 1555 1337 ita
1574 1309 1651 1338 mihi
1672 1310 1798 1339 uidetur
1817 1315 1978 1346 tractasse,
1999 1314 2033 1338 ut

152 1363 184 1386 et
203 1355 369 1396 perspicua
389 1353 514 1382 omnino
536 1354 705 1392 disputatio
727 1353 792 1382 eius
813 1358 893 1382 esset
913 1363 1013 1392 neque
1034 1354 1196 1393 quicquam
1216 1355 1288 1384 falsi
1308 1356 1491 1384 contineret.
1521 1356 1613 1384 Unde
1633 1357 1746 1386 factiun
1770 1362 1825 1393 est,
1844 1362 1880 1387 ut
1900 1357 2032 1397 quidam,

153 1405 206 1444 qui
226 1407 297 1442 post
319 1401 523 1430 Garatonium
550 1401 629 1430 hanc
657 1402 828 1430 orationem
855 1400 1037 1437 ediderunt,
1064 1402 1170 1431 falsam
1190 1403 1319 1432 mallent
1338 1403 1466 1432 Schutzi
1487 1404 1669 1442 opinionem
1688 1410 1846 1442 repetere,
1882 1414 1971 1443 quam
1992 1414 2031 1432 ex

152 1449 303 1480 Garatoni
325 1448 542 1477 dissertatione
561 1459 636 1477 uera
656 1459 766 1478 cruere
785 1449 1062 1488 pei-uolgatumque
1089 1460 1227 1479 errorem
1255 1450 1420 1489 corrigere.
1460 1451 1567 1490 Itaque
1587 1461 1652 1480 rem
1673 1451 1710 1480 de
1729 1452 1849 1489 integro
1870 1452 2032 1491 explican-

151 1499 220 1528 dam
240 1496 375 1526 decreui.
405 1495 498 1532 Quod
514 1506 574 1533 quo
589 1496 716 1524 breuius
737 1496 965 1535 dilucidiusque
985 1496 1083 1534 ficret,
1102 1499 1343 1537 praemittendas
1361 1498 1523 1528 hominum
1544 1499 1705 1528 doctorum
1725 1499 1892 1528 sententias
1912 1499 2030 1537 putaui,

149 1558 189 1576 ne
206 1543 469 1574 conmemorandis
490 1543 534 1571 eis
551 1553 584 1571 ac
605 1544 776 1573 refutandis
798 1543 965 1583 disputatio
985 1551 1091 1575 nostra
1110 1547 1376 1586 interpellaretur.
1415 1546 1462 1575 Ita
1482 1546 1534 1586 qui
1553 1547 1656 1585 legere
1676 1557 1725 1574 eas
1745 1547 1908 1583 recusabit,
1927 1546 2031 1576 statim

149 1595 187 1624 ad
213 1604 262 1628 ea,
288 1602 364 1631 quae
391 1590 418 1630 §.
439 1600 466 1620 2.
495 1592 711 1630 exposuimus,
749 1592 976 1631 progredianm
1016 1592 1171 1622 Omittere
1199 1599 1303 1624 autem
1329 1603 1458 1633 prorsus
1486 1604 1544 1632 pro
1573 1594 1720 1624 editionis
1746 1599 1870 1623 nostrae
1896 1595 2028 1624 consilio

147 1651 210 1670 non
230 1639 331 1668 licuit.

222 1687 270 1716 Ac
289 1686 424 1725 primum
444 1686 568 1725 quidem
587 1686 748 1716 Manutius
767 1686 800 1715 in
821 1697 882 1726 arg.
902 1687 995 1716 liuius
1016 1698 1061 1716 or.
1081 1688 1218 1718 monuit:

222 1735 332 1770 „Hanc
353 1734 525 1762 orationem
546 1739 577 1763 et
596 1745 660 1763 cam
681 1745 739 1773 pro
761 1735 876 1763 Scauro
897 1735 1007 1765 habuit
1027 1736 1135 1765 eodem
1155 1745 1246 1774 anno,
1265 1735 1299 1765 id
1319 1741 1365 1766 est
1383 1736 1422 1765 L.
1442 1736 1595 1773 Domitio,
1615 1737 1676 1775 Ap.
1697 1735 1826 1765 Claudio
1847 1744 1940 1773 coss.;
1960 1745 2029 1766 nam

148 1783 206 1822 Ep.
235 1782 271 1810 ad
297 1782 336 1818 Q.
363 1782 401 1810 fr.
422 1781 486 1817 ΠΙ,
517 1791 540 1810 1.
568 1782 610 1810 ita
637 1782 762 1810 scribit:
789 1785 943 1812 orationes
964 1793 1025 1821 pro
1044 1784 1161 1812 Scauro
1181 1790 1211 1812 et
1233 1794 1291 1822 pro
1310 1785 1444 1813 Plancio
1471 1786 1664 1824 efflagitatas
1692 1784 1820 1813 absolui.
1857 1783 2029 1814 Defensum

147 1835 250 1860 autem
277 1830 425 1858 Scaurum
456 1839 520 1858 esse
547 1830 612 1858 illis
640 1830 834 1867 consulibus,
863 1831 978 1859 diserte
1004 1837 1107 1860 narrat
1134 1831 1306 1868 Asconius;
1334 1836 1369 1860 ut
1395 1832 1467 1860 illut
1493 1832 1650 1867 omittam,
1677 1831 1761 1870 quod
1787 1841 1825 1859 cx
1845 1831 1904 1870 Ep.
1931 1832 1968 1861 ad
1989 1834 2028 1869 Q.

147 1878 186 1906 sr.
206 1877 254 1912 II,
282 1886 306 1905 1.
345 1876 556 1915 intellegitur,
583 1877 744 1905 tribunum
769 1878 812 1916 pl.
832 1878 994 1907 Plancium
1019 1879 1115 1908 fuisse
1134 1878 1320 1908 Marcellino
1347 1883 1379 1907 et
1399 1878 1548 1918 Philippo
1576 1890 1670 1917 coss.;
1700 1889 1760 1918 quo
1786 1879 1957 1909 uerisimile
1983 1881 2027 1917 fit,

148 1923 275 1953 biennio
295 1928 383 1962 post,
403 1923 434 1951 id
455 1929 501 1952 est
520 1924 558 1952 L.
578 1925 741 1960 Domitio,
760 1925 821 1962 Ap.
842 1925 973 1953 Claudio
995 1936 1072 1955 coss.
1093 1927 1282 1955 aedilitatem
1301 1926 1448 1965 petisse.“

221 1972 308 2000 Haec
327 1971 503 2007 Manutius,
524 1977 632 2000 contra
651 1982 742 2011 quem
762 1973 921 2001 Fen—atius
942 1973 1023 2012 Epp.
1043 1974 1081 2002 L.
1103 1974 1144 2002 V.
1165 1984 1211 2012 ep.
1234 1983 1277 2003 12.
1297 1984 1326 2013 p.
1346 1974 1402 2003 365
1414 1984 1477 2013 sq.:

222 2018 357 2054 „Errant
375 2019 550 2055 Manutius,
571 2020 749 2056 Conradus,
768 2020 933 2057 Latomus,
954 2026 985 2050 et
1004 2021 1145 2059 Frigius,
1166 2021 1219 2060 qui
1240 2021 1424 2051 Ciceronem
1443 2021 1505 2060 Ap.
1527 2021 1656 2051 Claudio
1677 2027 1709 2050 et
1727 2022 1765 2050 L.
1785 2022 1927 2051 Domitio
1949 2031 2023 2050 coss.

146 2077 204 2107 pro
224 2066 353 2095 Plancio
374 2065 489 2094 dixisse
509 2067 708 2096 arbitrantur.
745 2068 850 2105 Atque
871 2068 990 2104 onmia,
1024 2079 1101 2107 quae
1120 2069 1300 2098 adtulerunt
1324 2074 1520 2107 argumenta,
1550 2075 1586 2098 ut
1604 2080 1661 2109 per
1680 2080 1712 2098 se
1732 2070 1835 2098 inania
1855 2080 1888 2098 ac
1908 2069 2025 2098 nullius

147 2125 213 2143 esse
233 2113 380 2152 ponderis
399 2120 560 2153 appareat,
594 2115 761 2143 notandum
781 2115 917 2153 primum
938 2121 1000 2153 cst,
1028 2117 1212 2146 Ciceronem
1232 2127 1296 2145 non
1323 2117 1443 2153 statim,
1467 2127 1502 2145 ac
1522 2117 1645 2146 dixerat
1662 2127 1720 2156 pro
1740 2117 1842 2155 aJiquo
1862 2127 1933 2151 reo,
1955 2127 2024 2145 ora-

145 2162 265 2191 tionem
293 2160 386 2189 edere
411 2171 445 2189 ac
473 2161 545 2190 dare
571 2161 634 2189 suis
661 2162 822 2201 discipulis
851 2163 1069 2192 excribendam
1089 2164 1216 2193 solitum
1242 2164 1355 2202 suisse;
1381 2170 1429 2194 set
1449 2164 1606 2203 aliquanto
1634 2170 1705 2202 post
1725 2169 1756 2192 et
1775 2165 1893 2202 aliquot
1912 2164 2024 2202 clapsis

145 2208 319 2244 mensibus,
340 2208 393 2236 ubi
414 2208 543 2237 dabatur
563 2209 677 2245 oti1m1,
698 2220 762 2239 eam
783 2210 865 2238 domi
885 2211 1065 2240 absoluebat
1084 2212 1290 2250 uolgabatque
1316 2212 1350 2240 in
1377 2212 1506 2249 gratiam
1533 2212 1688 2240 studiosae
1715 2211 1896 2240 iuuentutis.
1937 2212 2024 2247 Qua-

146 2260 293 2295 propter,
319 2259 355 2283 ut
374 2266 447 2284 mox
474 2255 649 2291 ostendam,
674 2257 835 2286 Plancium
863 2258 1042 2287 defenderat
1068 2259 1217 2297 Pompeio
1245 2264 1276 2288 et
1303 2259 1414 2288 Crasso
1442 2270 1536 2297 coss.;
1566 2260 1714 2288 Scaurum
1742 2264 1843 2286 autem
1863 2259 1919 2288 IV.
1940 2259 2022 2287 Non.

147 2302 337 2342 Septembris
357 2303 430 2330 anni
450 2303 623 2341 sequentis,
641 2303 779 2332 Asconio
798 2310 895 2343 teste3
923 2311 954 2334 et
973 2311 1045 2344 post
1063 2316 1159 2334 unum
1179 2311 1231 2335 aut
1250 2306 1380 2335 alterum
1399 2317 1535 2336 mensem
1554 2307 1664 2335 scribit
1684 2307 1803 2342 Quinto
1824 2306 1930 2342 fratri,
1952 2317 2023 2335 ora-

145 2350 247 2379 tiones
266 2361 324 2389 pro
345 2354 478 2388 utroque
498 2349 617 2378 habitas
645 2354 711 2379 tum
732 2351 852 2381 demum
872 2364 889 2381 a
907 2363 939 2381 se
960 2354 1114 2382 absolutas
1134 2354 1238 2383 fuisse.
1275 2354 1401 2383 Deinde
1421 2354 1454 2383 in
1475 2365 1509 2383 ea
1529 2354 1660 2393 epistola
1681 2353 1743 2387 III,
1767 2364 1789 2382 1.
1817 2354 1892 2383 haec
1912 2354 2022 2392 legun—

145 2403 199 2427 tur
217 2396 244 2437 §.
261 2399 305 2427 5.:
322 2397 439 2426 Adhuc·
459 2403 527 2425 erat
547 2398 640 2425 ualde
659 2399 821 2434 incertum,
842 2406 871 2428 et
891 2401 1014 2438 quando
1035 2403 1162 2430 comitia
1182 2407 1212 2430 et
1231 2404 1286 2440 qui
1305 2404 1444 2431 consules
1456 2402 1571 2440 “icturi
1590 2406 1707 2434 esserzt;
1727 2400 1760 2428 in
1781 2410 1816 2428 ea
1834 2412 1925 2437 uero,
1946 2411 2021 2439 qnae

146 2445 301 2484 sequitur:
330 2456 378 2473 res
397 2445 523 2474 uidetur
548 2450 688 2482 spectare
717 2446 762 2474 acl
785 2448 997 2484 interregnum
1006 2459 1019 2483 ,·
1045 2451 1185 2479 eonsules
1210 2450 1337 2478 comitia
1361 2449 1475 2478 habere
1495 2451 1644 2486 cupiunt,
1679 2450 1725 2476 rei
1744 2449 1862 2476 uolunt.
1901 2448 2023 2485 Quodsi

1589 2501 1606 2528 9
