2185 2720
749 114 775 144 C
794 115 824 144 A
841 116 884 145 P.
923 114 1038 144 XXX.
1066 111 1094 153 §.
1121 119 1168 146 7³.
1198 129 1236 137 --
1255 114 1384 143 XXXI.
1411 113 1438 153 ς.
1459 120 1504 146 75.
2015 120 2067 148 159

177 190 396 234 particulam,
419 189 457 222 in
480 201 546 232 qua
566 188 682 222 Planci
704 189 741 221 in
763 201 799 221 se
821 189 942 222 merita
965 189 1084 221 Cicero
1107 188 1370 232 praedicanerat,
1394 188 1572 221 manifesto
1596 200 1614 220 e
1636 188 1766 229 uerbis,
1793 200 1877 231 quae
1899 197 2067 230 secuntur,

180 243 274 276 Nolo
297 249 411 276 cetera
433 248 496 274 etc.
519 242 742 285 intellegitur.

262 296 314 329 Et
350 296 455 328 liuius
491 296 584 328 tanti
620 295 712 339 offici
742 296 948 328 seruitutem
974 293 1238 337 aclstringebam
1266 295 1460 328 testimonio
1491 294 1710 339 sempiterno)
1755 294 1858 339 Offici
1867 319 1878 334 ,
1918 295 2006 337 quod
2037 296 2068 327 ei

176 348 416 392 praestandum
437 359 458 380 a
478 360 534 380 me
555 347 620 387 sit,
657 353 798 390 optume
821 347 863 378 de
884 358 940 378 me
968 347 1105 378 merito.
1149 346 1187 378 Si
1210 346 1297 379 nihil
1320 347 1376 379 hic
1397 353 1566 386 mutetur,
1597 354 1705 386 recte3
1749 358 1812 378 nec
1833 348 1922 379 male
1944 355 2067 385 tamen,

177 400 305 443 siquid
326 407 496 433 mutetur:
518 412 598 432 nam
620 400 708 432 mihi
730 400 826 432 uenit
847 399 883 431 in
898 405 1049 431 mentem
1071 398 1139 441 legi
1161 410 1270 441 posse,
1295 401 1465 433 seruitute
1487 413 1540 433 me
1561 400 1832 443 adstringebam.
1855 401 2068 432 Mixmws.

182 455 295 486 Nemo
319 465 481 496 umquam
504 453 744 486 Romanorum
773 453 821 485 sic
849 452 982 484 locutus
1009 458 1060 484 est
1088 458 1146 484 aut
1177 451 1273 495 loqui
1302 452 1431 495 potuit,
1465 454 1635 485 seruitute
1664 466 1699 485 sc
1726 454 1945 496 adstringere
1974 455 2071 485 testi-

177 506 302 538 monia
345 505 558 538 Rectissume
580 507 716 549 uolgata
737 507 904 550 scriptura
925 516 960 536 se
981 504 1101 544 habet,
1137 504 1174 536 in
1199 516 1265 547 qua
1287 505 1392 537 liuius
1419 506 1510 538 tanti
1533 505 1624 549 offici
1644 506 1848 537 seruitutem
1871 505 1998 537 dictum
2022 512 2070 537 est

179 570 244 601 pro
266 560 330 592 lzoc
352 564 490 591 tantum
512 560 682 604 officium,
711 572 778 605 quo
804 565 983 603 tamquam
1004 570 1123 590 seruos
1143 557 1273 590 Planci
1285 556 1411 600 factus
1433 570 1527 596 sum,
1554 570 1653 601 quem
1675 558 1712 589 isz
1731 559 1890 601 parentis
1913 559 1984 590 loco
2007 559 2070 590 lla-

177 611 255 644 bere
277 611 426 644 debeam.
470 613 664 644 Simillume
691 612 857 655 Quinctil.
880 612 933 650 II,
967 611 1016 642 16.
1053 610 1276 653 adstringere
1304 623 1339 642 se
1360 611 1408 642 acl
1429 612 1632 644 seruitutem
1655 610 1744 641 iuris
1767 609 1855 640 dixit
1876 622 1939 653 pro
1954 635 1962 651 ,
2000 618 2070 643 tra-

178 664 258 695 dere
279 675 316 696 se
338 664 406 695 iuri
428 671 461 696 et
482 676 620 708 prorsus
644 677 684 696 eo
711 665 911 708 inplicatum
940 663 1062 695 teneri.
1107 664 1230 695 Sensus
1253 663 1356 705 igitur
1378 663 1433 695 hic
1457 670 1524 696 est:
1563 669 1595 694 et
1617 663 1682 694 hoc
1711 667 1805 693 tanto
1827 674 1882 694 me
1906 664 1943 695 iu
1968 665 2070 697 Plan-

176 717 268 749 cium
291 717 400 749 officio
424 717 559 759 pietatis
582 718 782 751 obstrictum
804 716 932 756 teneri,
957 715 1200 747 confirmabam
1225 715 1420 747 testimonio
1443 716 1662 759 sempiterno.

261 769 358 802 Nolo
381 776 494 802 cetera
516 783 605 814 quac
625 784 648 804 a
670 784 723 804 me
744 771 913 803 mandata
938 774 1020 801 sunt
1043 769 1173 800 litteris
1196 769 1357 809 recitare)
1402 768 1649 801 Suffecerat
1680 767 1793 799 enim
1822 768 1869 801 de
1899 782 1945 802 ea
1975 781 2070 802 ora—

177 821 296 854 tione
328 822 510 862 dixisse,
559 834 639 865 qua
676 823 745 854 uel
780 821 953 854 senatui
989 821 1060 852 uel
1090 821 1252 863 populo
1290 821 1449 864 gratias
1482 822 1582 864 egit.
1628 822 1751 853 Nunc
1780 828 1919 855 autem
1952 830 1993 855 et
2023 824 2070 854 de

177 874 379 906 uersibus
419 875 506 907 suis
538 875 680 907 facere
714 874 981 907 mentionem
1015 873 1209 913 uidetur,
1254 886 1358 917 quos
1391 874 1756 918 intempestiuum
1795 875 1919 906 sitin
1955 875 2071 906 iudi-

177 927 283 958 ciali
307 927 621 959 dissertatione
649 926 850 959 recitare.
895 928 991 959 Non
1016 926 1166 969 potuit
1198 928 1411 959 tamenin
1441 934 1579 959 totum
1613 927 1663 958 de
1699 928 1734 959 is
1767 934 1924 959 tacere.
1968 929 2070 960 Nam

178 980 229 1011 de
251 980 481 1012 consulatu
512 991 585 1011 suo
617 979 799 1023 scripsit
831 979 1007 1023 poetico
1040 985 1196 1019 metro,
1249 991 1355 1022 quae
1385 980 1494 1012 mihi
1526 980 1735 1012 uidentur
1769 992 1896 1024 opera
1931 981 2069 1012 minus

179 1033 308 1075 digna
337 1032 439 1064 talis
465 1031 560 1063 uiri
587 1033 813 1073 nomine¹).
849 1033 1013 1064 SCHOLIA
1035 1032 1297 1065 AMBROSIANA.
1342 1034 1448 1065 Recte
1478 1033 1612 1075 quidem
1643 1034 1803 1077 suspicati
1825 1041 1903 1066 sunt
1925 1034 2070 1066 editores

176 1085 245 1117 iam
268 1085 345 1117 inde
367 1085 407 1116 ab
431 1085 596 1126 Ernesto,
633 1085 738 1117 libros
760 1085 802 1116 de
825 1085 1003 1117 consulatu
1035 1097 1095 1117 suo
1119 1086 1316 1128 intellegere
1340 1086 1556 1125 Ciceronem,
1591 1093 1641 1118 set
1662 1099 1731 1118 11011
1755 1099 1839 1130 opus
1869 1094 1940 1119 erat
1960 1088 2071 1131 suspi-

178 1139 293 1178 cione,
323 1149 434 1180 neque
455 1138 624 1181 prolepsis
650 1139 809 1171 Ciceroni
831 1137 1043 1182 inponenda,
1078 1139 1167 1181 quod
1188 1138 1269 1169 fecit
1293 1139 1460 1178 Orellius,
1490 1139 1536 1170 ita
1559 1140 1692 1171 tandem
1713 1139 1840 1172 factum
1864 1148 2002 1184 putanS,
2034 1148 2072 1173 ut

178 1192 216 1223 in
236 1191 308 1223 istis
331 1191 427 1223 libris
451 1191 566 1222 Planci
588 1191 707 1223 fecerit
728 1193 958 1224 mentionem:
988 1203 1068 1223 nam
1091 1191 1151 1223 ubi
1173 1191 1295 1223 diserte
1318 1202 1373 1222 eos
1398 1198 1565 1223 memorat
1589 1193 1724 1233 Cicero,
1754 1193 1796 1224 ad
1822 1194 1958 1226 Diuers.
1982 1195 2015 1235 I,
2040 1205 2070 1237 9,

180 1244 221 1276 63
245 1256 312 1287 sq„
350 1244 499 1287 appellat
523 1246 588 1278 tris
615 1245 720 1278 libros
743 1246 785 1279 cle
806 1244 1016 1290 temporibus
1038 1245 1143 1284 meis3
1179 1255 1244 1287 qua
1268 1243 1441 1286 locutione
1472 1244 1616 1276 exilium
1639 1246 1741 1278 etiam
1765 1252 1798 1278 et
1820 1247 1966 1278 reditum
1989 1259 2072 1279 con-

177 1297 358 1340 plectitur,
394 1303 432 1328 ut
453 1310 556 1341 supra
577 1310 649 1343 cap.
677 1300 745 1340 15.‚
778 1306 811 1332 et
833 1299 990 1342 pluribus
1015 1297 1187 1329 ostendam
1210 1297 1250 1328 ad
1272 1298 1377 1340 Legg.
1400 1297 1468 1336 III,
1507 1308 1556 1328 11.
1603 1298 1731 1331 Contra
1752 1299 1920 1343 prolepsis
1942 1299 2071 1340 fuisset,

177 1350 207 1382 si
229 1350 269 1381 de
289 1350 421 1382 Pisonis
445 1357 478 1382 et
501 1352 628 1385 Gabini
646 1353 758 1385 reditu
779 1353 817 1384 in
839 1352 959 1384 urbem
983 1350 1020 1381 111
1042 1349 1103 1380 1110
1129 1360 1233 1392 opere
1258 1350 1467 1393 disputasset,
1494 1350 1620 1393 quippe
1643 1352 1702 1394 qui
1724 1353 1854 1395 aliquot
1876 1353 1973 1384 annis
1994 1359 2072 1396 post

178 1403 337 1446 contigit3
363 1404 478 1446 itaque
504 1405 697 1438 huiusmodi
719 1406 798 1449 quid
820 1403 980 1448 Apollini
1002 1414 1037 1434 se
1059 1403 1211 1434 tribuere
1233 1403 1333 1443 uelle,
1356 1409 1394 1434 ut
1414 1408 1499 1434 esset
1521 1404 1659 1435 secundi
1683 1405 1763 1436 libri
1788 1404 1960 1448 ἐμβόλων,
1987 1406 2072 1437 scri-

180 1456 230 1488 bit
251 1457 291 1487 ad
318 1457 385 1500 Qu.
409 1457 452 1489 sr.
475 1459 544 1499 III,
572 1471 606 1500 1,
631 1471 660 1502 7.
684 1460 835 1491 BAKIUS.
883 1459 971 1490 Cum
996 1457 1115 1488 Cicero
1138 1468 1176 1488 ea
1198 1462 1358 1499 propter,
1386 1467 1469 1497 quae
1492 1455 1528 1487 111
1551 1457 1725 1489 consulatu
1752 1464 1873 1501 egerat,
1898 1471 1916 1489 a
1938 1459 1974 1490 P.
1990 1459 2072 1490 Clo-

179 1509 234 1540 dio
260 1510 297 1541 111
321 1511 465 1543 exilium
488 1519 574 1544 esset
595 1513 735 1553 missus,
764 1518 885 1556 sponte
906 1510 1134 1552 intellegitur,
1159 1521 1237 1540 eum
1262 1509 1298 1540 in
1321 1509 1434 1548 libris,
1467 1520 1548 1550 quos
1573 1509 1612 1540 de
1634 1510 1734 1542 rebus
1757 1511 1793 1542 in
1816 1511 1991 1543 consulatu
2013 1522 2072 1553 ge-

180 1562 239 1594 stis
263 1564 478 1607 conscripsit,
505 1566 577 1597 sine
600 1566 701 1597 dubio
728 1565 768 1596 de
791 1565 896 1597 exilio
921 1565 1022 1596 etiam
1045 1563 1223 1605 redituque
1244 1562 1281 1593 in
1304 1562 1423 1592 urbem
1445 1562 1654 1604 exposuisse.

265 1609 325 1649 Nc}
340 1617 504 1661 proferre
525 1621 650 1652 uidear
674 1619 722 1651 ad
743 1618 889 1662 tempus)
935 1617 1002 1648 Pro
1028 1617 1076 1650 ad
1095 1623 1228 1660 tempus
1250 1622 1378 1647 temere
1400 1616 1588 1648 Lambinus
1612 1617 1714 1655 diem,
1737 1622 1770 1648 et
1793 1618 1842 1648 Io.
1862 1616 1960 1647 Fred.
1979 1617 2072 1648 Gro-

178 1669 319 1710 nouius,
355 1672 409 1703 cui
430 1672 617 1704 adsentitur
640 1672 835 1712 Schutzius,
871 1677 953 1704 aute
976 1676 1110 1713 tempus
1132 1669 1346 1701 scribendum
1370 1675 1544 1711 putarunt.
1591 1669 1719 1701 Contra
1741 1682 1824 1713 quos
1847 1676 1937 1702 recte
1962 1670 2073 1701 Grae-

177 1724 256 1756 uius
286 1724 508 1756 sanissumam
540 1726 708 1768 uolgatam
730 1725 933 1767 sciiptuiam
957 1733 1028 1754 esse
1050 1729 1151 1765 atque
1173 1724 1221 1755 ad
1245 1728 1378 1766 tempus
1402 1722 1490 1754 idem
1512 1729 1613 1765 atque
1637 1725 1799 1768 temporis
1822 1736 1944 1756 caussa
1966 1722 2072 1765 signi-

180 1777 281 1810 ficare
302 1777 448 1808 monuit.
493 1777 564 1810 Cfi.
590 1778 660 1810 Cic.
682 1778 778 1810 Lael.
803 1778 841 1810 C.
864 1777 948 1809 XV.
974 1777 1004 1818 §.
1029 1775 1081 1807 55.
1115 1775 1203 1815 Quis
1226 1787 1317 1807 emm
1338 1781 1401 1807 aut
1423 1788 1501 1807 eum
1526 1776 1674 1819 diligat,
1705 1787 1804 1819 quem
1825 1782 1978 1814 metuat,
2008 1782 2071 1808 aut

181 1842 279 1869 eum,
314 1843 337 1862 a
358 1842 424 1873 quo
446 1842 481 1863 se
502 1832 610 1864 metui
625 1833 753 1875 putet?
787 1831 950 1864 coluntur
977 1835 1090 1862 tarnem
1120 1829 1342 1862 simulatione
1370 1830 1422 1861 ad
1447 1835 1624 1873 tempus.
1670 1828 1748 1870 Quo
1771 1829 1844 1860 loco
1869 1829 1916 1860 ad
1938 1835 2071 1872 tempus

180 1882 369 1925 significare
393 1885 555 1927 temporis
578 1897 702 1917 caussa
723 1885 763 1916 ab
786 1884 861 1927 ipso
886 1883 1052 1914 Cicerone
1075 1882 1192 1913 eodem
1215 1882 1251 1914 in
1274 1883 1362 1914 libro
1386 1883 1424 1914 C.
1447 1883 1544 1915 VIII.
1569 1883 1600 1923 ξ.
1625 1882 1675 1914 26.
1707 1881 1884 1920 docemur,
1918 1892 1996 1912 cum
2020 1881 2071 1912 di-

181 1937 244 1968 cit:
282 1936 381 1970 Nam
409 1937 583 1969 utilitates
605 1938 743 1981 quidem
765 1938 871 1970 etiam
893 1936 935 1968 ab
961 1936 1006 1967 iis
1028 1936 1296 1980 percipiuntur,
1329 1936 1390 1980 qui
1411 1936 1633 1968 simulatione
1655 1935 1831 1966 amicitiae
1855 1935 2014 1968 coluntur
2038 1940 2071 1968 et

182 1990 411 2024 obseruantur
436 1990 649 2034 temporis
678 2003 842 2024 caussa.
884 1989 985 2022 Alios
1012 1989 1164 2020 eiusdem
1186 1988 1319 2031 generis
1341 1988 1432 2020 locos
1455 1988 1565 2019 lexica
1591 1987 1863 2031 suppeditabunt.

948 2061 978 2095 C
1005 2059 1037 2095 A
1063 2061 1112 2094 P.
1164 2060 1305 2093 XXXI.

269 2119 299 2161 ξ.
314 2119 364 2158 75.
387 2118 573 2163 Quousque
590 2119 659 2152 ista
671 2118 773 2161 dicis)
800 2119 970 2162 Expectet
985 2117 1060 2161 quis
1083 2123 1218 2160 tempus
1234 2116 1398 2157 futurum,
1425 2128 1571 2160 quocum
1592 2116 1790 2148 aduerbium
1807 2128 1981 2160 quousque
1993 2115 2070 2158 ple-

182 2183 328 2215 rumque
353 2171 450 2215 iungi
474 2173 599 2212 soleat,
630 2171 779 2215 adeoque
801 2171 835 2203 id
857 2184 876 2204 a
896 2184 952 2204 me
972 2170 1208 2215 reponendum
1229 2169 1332 2201 fuisse
1352 2175 1465 2212 putet,
1499 2181 1576 2201 cum
1598 2170 1635 2201 in
1657 2169 1772 2201 codice
1797 2168 1990 2201 Erfurtensi
2013 2169 2070 2201 iu-

259 2281 287 2320 1)
325 2282 411 2311 Haut
430 2281 474 2310 ita
492 2281 633 2320 loquitur
653 2287 761 2312 noster
779 2282 953 2322 interpres,
987 2282 1069 2322 quod
1089 2283 1171 2311 forte
1199 2286 1290 2321 putet
1315 2281 1454 2321 spurium
1472 2280 1547 2310 illut
1567 2280 1727 2310 Ciceronis
1746 2289 1864 2319 poema.
1903 2279 1982 2308 Nam
2001 2279 2068 2318 ipse

186 2329 295 2359 Cicero
316 2340 356 2358 ex
375 2339 412 2358 eo
431 2339 539 2358 uersus
559 2329 751 2358 LXXVIII.
771 2330 905 2359 insenuit
924 2331 1007 2359 libro
1029 2330 1053 2359 I.
1074 2330 1111 2358 de
1130 2329 1205 2358 Diu.
1199 2351 1216 2366 .,
1235 2335 1358 2369 praeter
1377 2329 1465 2358 Serui
1486 2329 1700 2358 auctoritatem
1719 2327 1757 2355 ad
1775 2326 2067 2365 Ue1g.Ecl.V‚111

187 2377 266 2406 106..
303 2378 374 2406 Hoc
393 2382 513 2406 tantum
532 2376 687 2415 interpres
707 2377 874 2415 significat,
909 2388 973 2407 non
989 2379 1092 2407 uideri
1112 2378 1172 2406 sibi
1193 2387 1288 2417 opera
1306 2376 1430 2415 poetica
1456 2382 1547 2416 atque
1567 2376 1658 2415 digna
1677 2376 1844 2431 Cicerone,
1883 2386 1916 2405 ac
1937 2385 1971 2403 ea
1990 2383 2068 2413 quae

185 2425 286 2454 soluta
306 2425 447 2455 oratione
469 2425 584 2465 scripta
603 2425 683 2461 sint3
702 2425 785 2464 quod
805 2425 896 2455 facile
917 2426 1019 2464 quiuis
1040 2425 1197 2455 concedet.
1234 2425 1273 2454 Α.
1293 2426 1414 2454 Minus
