2185 2720
142 198 176 221 311
683 186 729 215 M.
764 183 930 214 TULLI
963 183 1254 214 CICERONIS
1294 183 1500 213 ORATIO

143 266 241 308 pulus
267 264 440 295 Romanus
468 259 587 303 deligit
607 260 822 304 magistratus
854 260 948 303 quasi
978 260 1028 293 rei
1053 260 1210 304 publicae
1230 258 1369 298 uilicos3
1392 259 1429 290 in
1452 258 1573 301 quibus
1596 258 1624 291 si
1647 271 1711 301 qua
1732 268 1937 304 praetereast
1959 274 2024 298 ars,

145 317 240 349 facile
263 316 409 360 patitur3
442 314 495 345 siu
517 313 646 354 miuus,
677 314 806 346 uirtute
830 325 949 345 eorum
972 319 1007 345 et
1028 312 1222 344 innocentia
1245 318 1421 343 contentus
1449 317 1516 343 est:
1552 317 1675 353 quotus
1696 314 1786 345 enim
1809 315 1951 358 quisque
1974 315 2028 346 di-

143 377 270 402 sertus.
307 374 429 410 quotus
457 366 601 408 quisque
629 366 713 399 iuris
742 366 872 409 peritus
896 372 961 406 est,
1001 372 1040 397 ut
1063 377 1118 397 eos
1140 376 1316 405 numeres,
1357 364 1416 407 qui
1437 365 1561 396 uolunt
1583 366 1676 397 esse?
1711 365 1833 407 quodsi
1853 374 2027 410 praeterea

145 435 244 455 nemo
273 421 411 463 dignuS,
435 418 600 461 quidnam
623 424 676 450 tot
699 418 847 462 optumis
871 424 906 450 et
927 418 1160 450 ornatissumis
1184 416 1314 448 ciuibus
1337 423 1388 449 est
1408 416 1588 450 futurum?

100 501 136 528 53
230 487 368 520 XXVI.
391 486 490 518 Iubes
512 485 689 517 Plancium
713 484 754 516 de
776 484 869 516 uitiis
894 485 1089 517 Laterensis
1113 484 1242 523 dicere3
1265 484 1354 515 nihil
1375 489 1505 527 potest,
1530 484 1595 516 nisi
1620 496 1697 516 eum
1720 484 1821 516 niinis
1845 484 1881 517 in
1903 497 1937 518 se
1959 486 2028 518 ira-

147 543 296 575 cundum
322 539 483 583 [putabis]
509 537 622 569 fuisse.
666 537 762 568 Idem
793 535 899 569 ecfers
927 538 1148 570 Laterensem
1177 536 1353 577 laudibus3
1392 536 1491 568 facilc
1511 537 1641 580 patior,
1676 536 1712 568 id
1737 543 1770 568 te
1793 549 1892 580 agere
1914 539 2029 571 multis

147 594 279 631 uerbis,
305 591 395 635 quod
418 591 460 622 ad
483 589 648 622 iudicium
670 600 739 621 non
763 589 948 632 pertineat,
980 597 1014 622 et
1035 590 1070 621 id
1096 596 1126 622 te
1148 596 1374 622 accussantem
1397 589 1527 621 tamdiu
1554 588 1681 630 dicere,
1714 589 1803 632 quod
1828 601 1889 632 ego
1914 589 2032 622 defen-

144 660 204 680 sor
226 647 297 678 sine
319 644 472 688 periculo
498 642 627 686 possim
650 642 815 674 confiteri.
858 642 969 685 Atqui
991 654 1060 674 non
1083 642 1186 674 modo
1210 642 1389 683 confiteor,
1413 653 1547 674 summa
1569 641 1605 673 in
1627 643 1812 674 Laterense
1835 648 2032 674 ornamenta

150 712 237 732 esse.
264 705 315 730 set
337 703 370 728 te
394 696 495 727 etiam
517 694 751 738 reprehendo,
776 695 867 737 quod
891 707 930 727 ea
952 707 1023 727 non
1047 707 1242 736 enumeres,
1266 695 1331 726 alia
1355 695 1519 738 quaedam
1541 694 1654 726 inania
1677 701 1710 726 et
1731 695 1820 727 leuia
1842 694 2031 738 conquiras.

150 753 328 784 Praeneste
350 747 468 780 fecisse
492 747 603 779 ludos.
651 746 769 788 Quid?
793 747 851 778 alii
875 754 1067 790 quaestores
1090 761 1159 780 non
1184 748 1361 780 fecerunt?
1400 749 1545 791 Cyrenis
1568 748 1743 779 liberalem
1766 748 1801 780 in
1823 747 2032 790 publicanos,

150 807 277 837 iustum
300 805 336 834 in
358 801 465 833 socios
488 799 602 832 fuisse.
649 799 735 842 Quis
761 802 886 842 negat?
921 807 971 833 set
994 800 1039 832 ita
1061 802 1169 833 multa
1190 801 1322 833 Romae
1344 807 1526 844 geruntur,
1559 807 1598 833 ut
1620 800 1682 832 uix
1704 812 1757 840 ea,
1787 811 1871 843 quae
1891 799 1977 832 fiunt
1998 799 2033 832 in

106 876 139 903 ω
151 856 356 903 prouinciis,
379 853 572 885 audiantur.
616 852 698 883 Non
723 863 864 891 uereor,
886 864 930 884 ne
951 853 1038 884 mihi
1061 853 1200 896 aliquid,
1224 853 1367 894 iudices,
1390 854 1509 886 uidear
1531 854 1711 896 adrogare,
1736 853 1764 885 si
1788 852 1829 883 de
1855 858 2031 894 quaestura

153 923 228 943 mea
257 909 390 940 dixero.
436 903 602 947 Quamuis
631 903 722 935 enim
750 904 809 936 illa
837 905 1010 946 floruerit,
1047 912 1160 938 tamen
1188 918 1266 938 eum
1288 917 1343 937 me
1365 913 1482 949 postea
1513 906 1617 939 fuisse
1640 906 1676 938 in
1697 904 1868 937 maxumis
1893 904 2033 948 inperiis

152 964 319 1001 arbitror,
348 965 388 991 ut
412 970 481 990 non
504 958 550 989 ita
571 956 658 988 mihi
679 957 828 989 multum
851 959 978 1001 gloriae
1001 958 1044 990 sit
1067 970 1110 990 ex
1134 966 1332 1001 quaesturae
1354 959 1455 991 laude
1477 959 1719 1003 repetendum3
1756 963 1807 990 set
1828 963 1941 989 tamen
1964 968 2034 988 non

153 1027 293 1054 uereor,
327 1006 470 1053 nequis
493 1008 614 1041 audeat
637 1008 768 1052 dicere,
792 1011 895 1044 ullius
917 1011 954 1043 in
977 1011 1092 1044 Sicilia
1116 1018 1334 1055 quaesturam
1355 1018 1414 1045 aut
1435 1011 1614 1044 clariorem
1636 1017 1695 1044 aut
1716 1011 1900 1054 gratiorem
1920 1008 2034 1042 fuisse.

168 1124 587 1137 ,-.-.-...---..

232 1200 357 1238 deligit)
390 1199 443 1227 Mc
469 1196 601 1234 deliget,
637 1195 694 1233 La,
720 1196 778 1233 Lc,
814 1198 866 1235 Pa,
899 1199 942 1236 H,
968 1205 1001 1230 et
1034 1206 1061 1239 ψ
1089 1201 1219 1239 delegit,
1252 1200 1297 1230 Pb
1325 1205 1357 1229 et
1383 1200 1426 1230 Pe
1452 1200 1566 1238 diligit.
1592 1214 1631 1222 —
1682 1196 1900 1237 magistratus)
1926 1198 1981 1228 Mb
2005 1206 2037 1229 et

159 1248 242 1277 Uict.
263 1258 279 1276 a
299 1247 343 1275 ad
361 1246 588 1282 magistratum
620 1244 672 1272 Mc
692 1245 858 1282 ingratus,·
892 1247 935 1275 Pa
953 1255 1081 1277 senatus
1100 1251 1315 1287 magistratu-5⁸.
1333 1262 1372 1268 -—
1410 1248 1436 1276 si
1457 1249 1532 1286 qua)
1551 1248 1605 1284 Pc,
1623 1246 1665 1284 D,
1683 1251 1717 1276 et
1737 1246 1765 1274 O
1785 1248 1813 1274 si
1832 1257 1928 1285 quae,
1953 1248 1992 1286 χ3
2011 1251 2039 1278 si

156 1307 225 1334 que.
245 1308 283 1316 -·
321 1297 367 1321 est
387 1291 448 1330 ars)
469 1292 512 1320 Pa
531 1302 583 1319 ars
600 1296 652 1320 est.
670 1306 709 1314 -—
746 1292 812 1328 sin)
832 1294 896 1332 Mc,
915 1295 956 1331 D,
979 1296 1014 1333 C,
1035 1301 1065 1324 et
1086 1297 1124 1334 23
1143 1298 1178 1325 si.
1197 1311 1236 1317 —
1273 1293 1394 1334 corum)
1414 1295 1440 1323 E
1453 1296 1574 1333 forum.
1592 1310 1632 1316 —

233 1339 379 1377 disertus)
399 1339 429 1366 D
452 1339 598 1367 desertus.
617 1353 656 1360 —
693 1340 848 1378 numeres)
870 1341 895 1370 C
912 1353 1066 1372 numeros.
1085 1358 1123 1365 —-
1159 1341 1285 1381 uolunt)
1305 1342 1354 1370 Lb
1375 1347 1406 1370 et
1426 1343 1467 1371 F1
1498 1343 1617 1371 nolunt.
1634 1356 1675 1362 -
1711 1341 1890 1379 praeterea)
1914 1341 1948 1371 H
1961 1353 2039 1381 pro-

153 1394 272 1425 pterea.
291 1401 329 1409 —-
366 1396 456 1414 nemo
484 1384 606 1423 dignus)
633 1386 684 1414 Sic
713 1397 768 1425 ego
790 1398 885 1425 corr.;
920 1389 945 1417 B
973 1395 1003 1418 ct
1022 1390 1048 1418 E
1070 1401 1156 1419 nemo
1177 1397 1220 1419 est
1240 1390 1354 1418 honore
1375 1390 1509 1427 dignus,-
1535 1390 1597 1424 Mc,
1617 1389 1673 1422 La,
1694 1394 1726 1417 et
1745 1393 1773 1425 ψ
1792 1388 1906 1418 honore
1925 1391 2040 1429 dignus

161 1446 247 1465 nemo
268 1442 330 1468 est;
363 1433 412 1461 Lb
433 1433 546 1461 honore
565 1443 652 1461 nemo
672 1434 787 1472 dignus
806 1440 870 1468 est;
902 1435 957 1471 Pb,
978 1437 1029 1472 Pe,
1049 1437 1092 1472 D,
1118 1438 1157 1474 O,
1179 1438 1212 1473 C,
1232 1448 1260 1472 ς,
1280 1447 1328 1475 χι,
1350 1442 1383 1466 et
1401 1438 1419 1466 3
1438 1437 1553 1465 honore
1573 1437 1688 1474 dignus
1695 1446 1708 1471 5
1741 1435 1837 1464 ceteri
1856 1435 1970 1467 honore
1990 1441 2040 1468 tli-

156 1493 240 1520 ίρηιιε
259 1491 355 1510 nemo.
374 1495 412 1502 —
450 1479 607 1518 quidnam)
626 1481 678 1509 Mc
700 1491 764 1517 om,
785 1481 815 1508 D
837 1486 867 1509 et
888 1482 912 1509 C
934 1484 1012 1520 qaid
1029 1486 1100 1514 iam.
1119 1500 1158 1506 -
1196 1484 1257 1524 tot)
1279 1486 1303 1514 C
1331 1495 1392 1514 om.
1411 1499 1449 1508 ·-·
1486 1484 1529 1523 et)
1555 1483 1586 1512 D
1604 1488 1672 1512 aut.
1688 1497 1727 1504 ·-
1765 1482 1899 1524 ciuibus)
1918 1485 1968 1515 Lb
1989 1490 2040 1517 ui—

160 1533 206 1558 ris
226 1528 356 1558 ciuibus.
376 1542 414 1549 —
450 1525 510 1563 est)
530 1527 578 1554 La
598 1537 667 1556 cum
687 1528 726 1566 gl.
748 1539 827 1563 esse,
848 1529 873 1558 C
893 1540 965 1559 esse.
983 1545 1024 1553 --

237 1587 271 1615 C.
292 1583 419 1614 XXVI.
439 1581 466 1622 §.
487 1583 536 1612 63:
553 1583 656 1623 Nihil)
676 1585 736 1620 Lb,
757 1586 808 1620 Pa,
828 1586 884 1621 Pb,
904 1592 936 1615 ct
956 1588 998 1615 Pc
1018 1587 1087 1616 Nil.
1105 1603 1144 1609 —
1170 1589 1230 1617 nisi
1250 1599 1321 1617 cum
1340 1605 1377 1612 —
1396 1587 1591 1627 iracundum)
1612 1588 1781 1617 Lambinus
1800 1588 1834 1617 in
1853 1588 1943 1619 libris
1965 1597 2040 1622 uctt.

163 1635 206 1662 sic
226 1634 290 1662 scre
312 1632 462 1670 scriptum
484 1641 516 1659 se
543 1632 718 1670 repperisse
738 1631 796 1660 ait:
830 1635 894 1661 nisi
919 1636 1012 1663 nimis
1038 1645 1107 1663 eum
1131 1638 1366 1670 aurae—undum,
1399 1640 1430 1664 ct
1456 1636 1488 1664 in
1508 1635 1668 1664 nonnullis
1694 1637 1899 1665 inc-urendum
1912 1639 2042 1676 putabis

153 1682 268 1718 fuisse.
287 1694 325 1700 -—
363 1677 437 1717 nisi)
456 1678 486 1705 D
509 1689 574 1715 om,
602 1684 648 1708 set
668 1678 761 1708 habet
781 1689 897 1718 super&
919 1686 954 1708 ut
973 1681 1047 1710 ins..
1067 1697 1105 1703 —
1143 1685 1225 1722 euni)
1250 1685 1312 1719 Ma,
1331 1684 1393 1719 Mc,
1413 1682 1469 1718 Le,
1489 1682 1529 1718 D,
1550 1682 1592 1718 H,
1613 1683 1643 1718 S,
1663 1692 1711 1720 χι,
1732 1687 1764 1711 et
1781 1684 1800 1712 3
1819 1694 1896 1712 cum.
1915 1699 1954 1706 —
1990 1686 2043 1714 ni-

161 1729 233 1765 mis)
252 1729 304 1756 Mc
324 1726 407 1755 nihil
426 1727 536 1761 nimis,
572 1727 593 1754 S
614 1732 644 1755 et
664 1737 699 1765 χι
723 1728 832 1755 mimis.
851 1742 890 1748 —
928 1727 961 1756 in
982 1728 1025 1767 sc)
1043 1730 1097 1757 Ma
1115 1741 1183 1766 om,
1221 1731 1245 1759 C
1265 1741 1336 1759 esse.
1355 1745 1394 1752 —-
1432 1729 1555 1769 putabis
1582 1728 1690 1765 fuisse)
1713 1730 1758 1758 La
1778 1730 1884 1767 fuisse
1903 1731 2044 1768 putabis,

164 1775 226 1803 Pal.
247 1784 264 1802 2
279 1773 410 1811 putabit
420 1772 542 1810 sitisse,
563 1774 582 1801 S
604 1779 634 1802 et
653 1784 688 1812 χι
707 1774 837 1812 putabit
864 1785 932 1804 esse.
951 1790 991 1796 —
1029 1777 1127 1816 ess‘ers)
1154 1779 1179 1806 B
1200 1783 1235 1806 ut
1245 1777 1326 1815 fers.
1344 1791 1384 1798 —
1419 1776 1634 1815 Laterensem)
1659 1776 1689 1804 D
1710 1780 1742 1804 et
1762 1776 1786 1804 C
1812 1777 1988 1808 Laterense.
2007 1795 2045 1802 —

239 1821 357 1860 patior,
377 1819 426 1856 id)
446 1820 493 1848 La
512 1821 548 1848 id
560 1823 678 1858 patior.
696 1837 734 1843 —-
772 1821 867 1859 quod)
886 1823 928 1850 Pc
949 1826 980 1850 et
999 1824 1037 1861 23
1057 1835 1123 1862 quo.
1142 1840 1180 1846 —
1219 1824 1267 1862 ad)
1287 1834 1322 1862 χι
1346 1834 1404 1852 om.
1424 1840 1462 1845 —
1499 1824 1575 1863 non)
1594 1824 1639 1853 Pb
1660 1828 1691 1852 et
1710 1824 1753 1852 Pc
1773 1834 1832 1853 om.
1852 1840 1890 1846 —
1928 1826 2044 1866 dicere)

165 1879 182 1900 ς
204 1869 330 1896 dicerer.
352 1881 389 1889 ·—
425 1868 526 1905 quod)
554 1869 602 1896 La
621 1879 714 1906 quam
735 1879 803 1897 cum
830 1869 867 1906 gl.
888 1869 976 1907 quod.
995 1885 1033 1892 —-
1072 1871 1229 1911 defensor)
1250 1872 1277 1900 E
1300 1872 1463 1910 defensori.
1482 1885 1520 1893 —·
1557 1872 1684 1910 possim)
1703 1873 1764 1907 Ma,
1784 1871 1836 1908 Pa,
1855 1872 1910 1908 Pb,
1930 1874 1982 1910 Pc,
2002 1875 2044 1910 D,

167 1922 197 1943 ct
219 1916 242 1943 C
260 1925 393 1952 possum.
413 1928 451 1935 -
489 1915 599 1954 Atqui)
618 1917 680 1951 Ma,
700 1917 766 1952 Mb,
787 1921 817 1944 ct
837 1915 884 1943 Le
917 1916 1030 1955 Atque.
1049 1932 1087 1940 ·—-
1125 1918 1169 1957 tc)
1190 1919 1245 1948 Mb
1267 1924 1297 1947 et
1316 1929 1334 1950 ς
1354 1929 1421 1953 om,
1448 1924 1496 1947 set
1514 1919 1547 1947 in
1566 1920 1622 1948 Mb
1642 1928 1776 1958 supers..
1794 1931 1834 1941 υ-
1869 1920 1977 1959 etiam)
2002 1923 2045 1951 Pa

168 1974 235 1998 nin,
256 1962 293 2000 23
314 1963 412 1989 eciam
433 1972 493 1989 notz
514 1973 619 2000 neque.
639 1977 678 1985 —·
717 1963 894 1999 enumeres)
914 1964 975 1999 Ma,
996 1965 1061 2000 Mb,
1082 1971 1112 1993 ct
1132 1966 1178 1993 Le
1197 1975 1351 1995 numeres,
1369 1979 1408 1987 —·
1444 1966 1520 2002 alia)
1538 1966 1568 1994 D
1590 1967 1705 2004 aliqua.
1724 1981 1763 1988 —

241 2008 424 2044 Praeneste)
443 2009 470 2036 E
485 2016 670 2046 praue-stae,
690 2011 733 2039 Pa
752 2016 783 2039 et
806 2021 824 2042 ς
843 2013 1050 2046 Praenestre,
1078 2013 1116 2049 23
1129 2022 1286 2049 pet-nosce.
1305 2026 1343 2033 —-
1381 2012 1503 2052 fecisse)
1529 2015 1582 2042 Ma
1599 2014 1715 2051 fuisse.
1731 2027 1771 2034 —
1807 2021 1872 2041 non
1890 2013 2045 2053 fecerunt)

167 2057 218 2084 Sic
241 2055 308 2092 Lb;
329 2055 425 2082 ceteri
445 2066 545 2085 nonne
557 2057 714 2094 ficerunt.
734 2072 773 2078 -—·
811 2056 982 2096 liberalem)
1001 2058 1048 2086 La
1067 2059 1210 2088 libertate
1227 2068 1299 2087 cum
1318 2058 1358 2096 gl.
1378 2060 1553 2094 liberalem,
1577 2068 1604 2098 ψ
1624 2060 1814 2096 libertatem,
1840 2069 1876 2098 χι
1898 2061 2046 2092 liberalis.

167 2120 206 2126 -
226 2102 339 2141 socios)
368 2102 422 2130 Mb
451 2107 481 2130 ct
507 2113 526 2135 ς
551 2105 650 2132 sociis.
669 2119 707 2125 —-
743 2104 815 2141 sed)
842 2104 872 2133 D
893 2107 927 2133 si.
946 2119 984 2128 --
1022 2105 1119 2134 multa
1144 2105 1275 2143 Romae)
1310 2105 1358 2134 La
1383 2107 1500 2135 Romae
1525 2109 1634 2137 mulla.
1651 2121 1692 2130 —·
1728 2112 1765 2137 ut
1789 2108 1846 2137 uix
1872 2118 1907 2137 ea
1931 2123 1970 2130 —
1987 2118 2043 2137 au-

171 2149 307 2187 diantur)
327 2150 369 2177 Pa
389 2158 447 2176 om.
468 2163 505 2170 —
1984 2160 1988 2162 ’

242 2196 272 2236 §.
293 2195 340 2223 64.
361 2194 435 2223 Non
455 2204 568 2224 uereor
586 2212 623 2218 —
643 2196 763 2237 dixero)
783 2199 811 2227 A
831 2199 933 2228 habet.
952 2213 991 2220 —-
1028 2199 1106 2227 mihi
1126 2199 1260 2238 aliquid)
1278 2201 1331 2231 Ma
1349 2202 1473 2239 aliquid
1490 2202 1574 2231 mihi.
1594 2215 1631 2225 ·-·
1667 2201 1787 2241 uidear)
1805 2202 1859 2231 Mc
1877 2210 1994 2230 uerear.
2008 2217 2045 2224 -—

171 2242 328 2281 adrogare)
350 2242 400 2269 Sic
420 2241 459 2275 A,
480 2243 515 2278 B,
536 2248 567 2271 et
586 2244 629 2279 Ἐς
664 2245 758 2272 ceteri
778 2257 946 2285 arrogasse.
964 2262 1001 2270 —
1039 2246 1135 2285 enim)
1154 2247 1185 2275 D
1207 2257 1266 2283 om,
1285 2253 1331 2276 set
1351 2247 1443 2276 habet
1461 2259 1596 2287 supers..
1615 2263 1653 2272 ··-·
1690 2248 1844 2288 floruerit)
1862 2248 1903 2284 D,
1925 2248 1963 2283 G,
1982 2249 2045 2283 Bu,

172 2297 203 2319 ct
224 2292 260 2327 χῖὄ
272 2291 397 2327 floruit,
417 2293 463 2316 set
484 2288 517 2315 in
537 2289 588 2317 ΒΓ.
610 2292 739 2329 margini
759 2293 820 2321 ads.
841 2295 901 2322 alii
911 2295 1070 2331 floruerit.
1090 2309 1128 2316 —-
1165 2293 1280 2332 tamen)
1298 2296 1335 2332 23
1355 2306 1489 2324 causam.
1508 2311 1546 2317 —
1584 2296 1665 2336 eum)
1684 2298 1746 2333 Ma,
1760 2298 1827 2331 ‘Mc,
1846 2295 1903 2330 La,
1923 2295 1983 2331 Lb,
2002 2297 2044 2331 D,

173 2339 219 2376 13,
241 2342 271 2364 et
293 2345 316 2373 ψ
336 2346 427 2369 cztm‚·
458 2336 500 2364 Pa
518 2347 576 2364 om.
596 2352 635 2358 -—
671 2348 719 2366 me
738 2339 857 2379 postca)
883 2342 936 2370 Mc
958 2347 1069 2378 postea
1096 2351 1149 2369 me.
1168 2355 1207 2362 —-
1245 2341 1385 2370 maximis
1414 2342 1552 2382 imperiis
1573 2343 1720 2382 arbitror)
1742 2343 1792 2370 Sic
1811 2343 1847 2376 B,
1867 2341 1905 2377 E,
1928 2347 1959 2371 et
1978 2343 2046 2378 Lc;

175 2385 238 2420 Mb,
260 2383 345 2411 [iet.
366 2392 390 2417 a,
412 2388 443 2410 ct
464 2383 484 2409 S
505 2386 648 2413 maximis
669 2386 758 2414 rebus
778 2387 914 2416 arbitror
921 2398 934 2422 ;
959 2387 1054 2417 ceteri
1074 2390 1218 2416 maximi-5
1237 2389 1382 2418 arbitror.
1401 2403 1439 2412 —-
1477 2390 1520 2419 ita
1538 2390 1617 2419 mihi
1635 2390 1766 2418 multum
1785 2388 1900 2426 gloriae
1919 2388 1973 2427 sit)
1995 2390 2046 2418 Sic

174 2434 199 2461 Β
221 2436 251 2460 et
270 2430 314 2466 Ἐς
335 2431 377 2457 Pa
396 2430 473 2457 mihi
493 2432 623 2460 multum
643 2435 685 2461 sit
702 2435 770 2467 ita‚·
790 2435 886 2462 ceteri
905 2437 952 2463 im
972 2435 1050 2464 milii
1069 2436 1201 2464 multum
1221 2438 1270 2464 sit.
1290 2451 1327 2458 —
1355 2435 1469 2475 dicere)
1488 2437 1535 2464 Lc
1555 2447 1613 2465 om.
1632 2450 1669 2458 -—
1695 2434 1803 2473 ullius)
1823 2436 1876 2464 Mc
1896 2440 1927 2465 et
1945 2445 1988 2475 212
2005 2438 2047 2466 il·

177 2481 246 2507 lius.
267 2492 305 2499 -—
343 2480 395 2504 aut
415 2476 579 2507 clariorem
599 2485 653 2509 aut
669 2480 847 2521 gratiorem)
868 2481 918 2509 Sic
938 2482 962 2510 Β
983 2487 1014 2511 et
1036 2483 1062 2511 E
1074 2493 1081 2518 3
1103 2483 1197 2512 ceteri
1219 2489 1275 2512 aut
1290 2485 1463 2522 gratiorem
1482 2488 1537 2510 aut
1557 2483 1727 2511 clariorem.
1746 2496 1785 2503 —-
