2185 2720
150 159 254 188 XXX
816 156 1336 186 PROLEGOMENA

151 243 188 261 ex
205 233 265 261 alio
281 233 366 261 sonte
383 232 515 260 familiae.
532 231 641 260 tertiae
660 231 781 259 codices
797 242 883 270 quam
900 232 925 259 B
942 237 972 259 et
987 232 1013 259 E
1033 237 1118 260 ortos
1134 241 1198 259 esse
1215 231 1418 266 docum-imm,
1436 231 1476 266 ei,
1496 231 1549 269 qui
1564 233 1659 262 uerba
1672 235 1726 263 illa
1745 236 1877 273 genuina
1889 238 2026 275 putaret‚'

152 281 311 319 plurumos
338 281 481 308 librarios
508 279 702 307 statuendum
731 285 807 307 essct
829 280 960 307 fortuito
982 289 1132 307 consensu
1161 279 1264 306 eadem
1292 280 1386 307 uerba
1414 279 1568 315 omisisse,
1600 290 1675 318 quae
1702 283 1755 320 qui
1783 284 1894 311 factum
1922 283 1964 312 sit
1989 288 2024 312 ut

151 328 385 361 omitterentur,
414 328 497 354 nulla
523 327 694 364 probabilis
720 327 807 355 reddi
835 327 915 355 ratio
944 331 1057 364 potest.
1103 326 1195 361 Quod
1222 337 1290 354 011111
1318 327 1487 355 uerendum
1507 337 1569 354 non
1590 327 1646 362 sit,
1680 333 1715 356 ut
1736 330 1893 368 quisquam
1913 336 2025 360 statuat

150 374 242 403 homo
262 385 367 402 sanus.
387 374 486 402 solum
507 374 598 403 istum
619 376 832 413 plurnmornm
854 374 995 402 codicum
1017 383 1197 402 consensum
1219 379 1346 412 apparet
1371 379 1488 402 certum
1504 375 1653 412 praebere
1669 375 1920 414 interpolationis
1941 379 2024 407 indi-

150 422 242 450 cium.
263 421 379 449 etiamsi
402 421 462 449 loci
483 423 636 450 sententia
656 433 717 450 11011
740 433 774 449 en
794 422 843 450 sit.
865 431 940 459 quae
960 421 1073 449 additis
1093 422 1198 449 uerbis
1219 421 1282 448 illis
1304 432 1429 459 prorsus
1451 427 1674 460 corrumpatur.
1709 424 1815 462 Itaque
1834 425 1916 453 nihil
1935 426 2024 464 equi—

150 469 216 496 dem
239 468 376 495 dubitaui
398 469 530 506 primum
551 470 584 497 in
604 469 652 498 his
672 470 749 497 loeis
770 469 1015 497 adsentientibus
1037 469 1206 497 Garatonio
1228 473 1259 496 et
1280 468 1401 496 Orellio
1423 478 1458 496 ea
1477 469 1635 507 expellere
1655 471 1766 507 uerba,
1787 481 1864 509 quae
1882 473 2024 512 plerique

150 516 223 544 libri
245 526 312 544 cum
334 517 358 544 B
380 521 410 543 et
430 515 456 543 E
478 517 640 544 omittunt:

224 579 258 607 C.
279 579 319 607 V.
339 571 441 617 913.ἱ
471 579 549 607 mihi
568 581 667 616 paulo
693 586 788 607 ante
815 579 998 617 diligentius
1025 581 1202 617 supplicare
1209 588 1222 613 ;
1255 589 1323 607 cum
1343 580 1369 607 B
1389 583 1421 607 et
1439 578 1484 616 E,
1509 580 1676 619 multisque
1703 582 1773 610 fam.
1792 583 1912 621 „tertiae
1938 582 2025 611 codd.

148 632 236 659 ante,
257 626 340 664 quod
359 627 421 654 Ioci
442 627 624 655 sententiam
645 626 894 662 01101111,0111151.

225 674 259 702 C.
279 674 388 702 XXII
407 673 434 713 §.
456 676 500 703 54.
540 675 603 703 Sed
620 680 721 701 lamen
744 680 776 701 ln
798 684 840 701 an
860 674 1015 708 Plotium,
1042 675 1093 702 ιιίι
1095 685 1145 701 um
1167 677 1426 708 ornatissumum,
1456 676 1491 703 in
1510 675 1591 703 idem
1611 677 1726 704 crimen
1745 677 1921 705 necandum
1940 677 2027 705 iudi-

148 721 227 750 cas?
247 732 293 749 αη
317 722 437 756 dicis,
459 733 524 749 eum
547 728 575 749 te
596 723 784 758 arripuisse,
818 731 838 748 a
859 731 917 758 quo
937 731 997 748 non
1017 723 1061 749 sis
1080 728 1227 758 rogatus,
1224 722 1238 742 ³⁰

226 769 276 796 Sic
296 773 366 796 ante
388 769 589 796 Garatonium
610 769 661 797 hic
681 769 768 797 loeus
788 768 991 797 scribebatur.
1029 768 1122 797 [fidit
1149 774 1250 797 autem
1270 769 1324 797 ille
1344 769 1478 808 primus,
1514 770 1610 798 uerba
1630 780 1672 798 aa
1692 771 1786 804 (licia,
1816 783 1892 811 quae
1912 783 1981 801 cum
2000 773 2026 801 Β

149 821 180 844 et
200 816 226 843 Ε
248 826 352 843 onmes
373 816 438 843 sere
458 816 527 843 sam.
548 816 657 844 tertiae
678 816 799 844 codices
820 817 984 853 omittunt,
1019 822 1183 855 postquam
1210 818 1364 851 necando,
1399 817 1481 855 quod
1507 818 1684 856 postulante
1712 820 1864 847 sententia
1892 829 1931 848 ex
1949 820 1975 847 B
1995 824 2027 847 et

148 863 175 891 E
196 862 423 891 restituendum
443 868 524 898 erat,
544 863 576 890 in
597 864 773 891 uocamlztm
791 868 941 892 mutatum
962 870 1055 900 esset,
1077 866 1113 893 ab
1134 866 1305 904 interprete
1325 865 1402 893 male
1423 864 1529 893 sedulo
1550 865 1653 893 addita
1673 875 1746 893 esse.
1783 866 2026 895 Adnotationem

149 910 216 939 eius
236 910 268 938 111
289 911 510 939 commentario
532 921 599 939 011111
620 911 790 939 lectoribus
811 912 1106 940 conmunicauimus.

225 958 258 986 C.
279 958 444 986 XXXIX.
463 957 491 997 §
511 959 556 996 94.
596 958 796 995 obtemperem
816 966 845 988 et
858 960 1017 997 paream?
1035 963 1174 1000 Neque
1193 963 1296 990 enim
1326 961 1614 990 inconstantis
1637 960 1753 998 pulo,
1780 963 2031 990 sententiam

149 1012 351 1043 tamquam
385 1007 561 1045 aliquod
588 1008 805 1044 nauigium
836 1014 960 1047 atque
989 1020 1151 1038 cursum
1185 1020 1228 1038 ex
1263 1010 1385 1045 reip.
1423 1013 1669 1044 tempestate
1701 1009 1916 1039 moderari.
1960 1010 2030 1048 Ego

149 1064 222 1083 uero
243 1059 300 1081 etc.

223 1101 286 1130 Hic
307 1112 428 1140 quoque
448 1102 566 1141 piimus
588 1102 774 1132 Galatonius
794 1103 890 1131 sensit
909 1108 1009 1131 totum
1028 1105 1201 1133 membium
1220 1103 1330 1142 Neque
1350 1103 1431 1130 enim
1449 1116 1488 1122 —
1507 1101 1676 1139 moderari,
1705 1104 1786 1142 quod
1813 1114 1883 1132 011111
1902 1104 1928 1133 Β
1948 1109 1980 1133 et
1998 1104 2025 1133 E

148 1147 286 1187 plurumi
306 1149 376 1177 fam.
396 1155 418 1178 t.
439 1150 560 1178 codices
580 1161 643 1179 11011
663 1152 867 1189 adgnoscunt,
897 1151 1115 1190 depromptum
1135 1162 1174 1180 cx
1195 1157 1270 1180 orat.
1291 1151 1378 1180 Ban.
1399 1159 1424 1176 c.
1444 1158 1490 1183 27.
1510 1149 1546 1177 ab
1567 1149 1740 1189 interprete
1760 1151 1891 1190 margini
1910 1151 2027 1181 adscri-

148 1202 236 1236 ptum
257 1202 288 1225 et
307 1198 343 1225 ab
364 1197 591 1226 indoctioribus
611 1199 747 1227 librariis
768 1199 799 1227 in
819 1204 939 1228 textum
958 1204 1120 1237 receptum
1141 1209 1216 1227 esse.

224 1244 340 1273 Eadem
361 1245 398 1273 de
419 1255 522 1274 caussa
541 1246 709 1284 eodemque
730 1247 798 1274 iure
819 1247 853 1275 C.
875 1247 931 1274 VI.
951 1245 977 1286 ς.
1001 1248 1043 1275 15.
1064 1249 1098 1275 in
1119 1246 1310 1285 praepositio
1331 1250 1402 1273 ante
1422 1250 1510 1273 tanto
1530 1255 1584 1273 nos
1603 1247 1713 1283 inpetu
1731 1247 1905 1276 studiorum
1925 1246 2029 1276 omitti

149 1291 296 1329 debebat,
317 1293 349 1320 id
370 1293 452 1331 quod
472 1303 527 1331 ego
546 1294 664 1331 primus
685 1304 725 1322 ex
744 1294 913 1322 eorundem
934 1294 1076 1323 codicum
1097 1295 1280 1324 auctoritate
1301 1293 1371 1322 seci.

224 1350 328 1389 Atque
348 1352 453 1380 eadem
475 1363 578 1380 caussa
597 1351 810 1390 inpedimento
829 1352 908 1387 fuit,
943 1353 1106 1390 quominus
1133 1353 1230 1387 uerba
1255 1352 1416 1390 quaedam,
1446 1361 1522 1389 quae
1548 1351 1581 1379 in
1601 1361 1664 1380 uno
1685 1353 1824 1381 alteroue
1844 1351 1951 1380 codice
1970 1362 2026 1390 ego

149 1398 268 1436 primus
289 1399 392 1429 addita
410 1400 497 1436 uidi,
523 1401 599 1428 licet
617 1410 674 1438 per
694 1410 726 1428 se
746 1405 882 1438 spectata
902 1411 918 1428 a
937 1400 1000 1428 loci
1020 1401 1174 1429 sententia
1193 1412 1257 1429 11011
1278 1405 1379 1429 essent
1399 1399 1515 1434 aliena,
1542 1399 1684 1438 recipere
1704 1400 1857 1428 auderem.
1897 1399 1945 1428 Ita
1963 1410 2027 1428 non

149 1455 217 1474 sum
237 1446 402 1477 obsecutus
423 1449 481 1476 soli
501 1447 712 1476 Laurentiano
733 1448 868 1475 secundo
882 1447 962 1485 ,(1111
984 1448 1018 1476 C.
1039 1447 1098 1476 IX.
1119 1446 1146 1486 §.
1166 1458 1211 1477 22.
1250 1459 1308 1487 pro
1328 1449 1481 1485 legatione
1501 1449 1689 1480 testimonio,
1717 1458 1792 1485 quae
1812 1448 2027 1484 plurumorum

149 1492 303 1523 librorum
323 1496 523 1534 5011111111351,
543 1497 593 1534 leg
576 1498 696 1524 «ratione
716 1498 965 1534 testimonioque,
985 1500 1015 1523 et
1036 1496 1069 1524 C.
1091 1496 1120 1524 V
1124 1496 1180 1524 III.
1200 1494 1227 1535 §.
1247 1505 1292 1525 20.
1313 1506 1370 1534 pro
1391 1495 1470 1533 quid
1486 1505 1541 1532 ego
1561 1495 1598 1523 de
1617 1505 1680 1530 me,
1714 1495 1750 1523 de
1770 1495 1879 1533 fratre
1898 1506 1962 1524 meo
1980 1496 2028 1524 lo-

152 1542 258 1580 quar?
277 1553 354 1580 quae
373 1544 565 1582 reliquorum
587 1544 725 1572 omnium
745 1543 945 1581 scriptumst,
966 1543 1045 1580 quid
1062 1554 1115 1581 ego
1136 1544 1172 1572 de
1192 1554 1254 1580 me,
1275 1543 1375 1581 quid
1391 1543 1428 1571 de
1447 1544 1558 1581 fratre
1578 1553 1642 1570 meo
1661 1542 1812 1580 loquar?‚
1833 1541 2031 1580 quemadmo-

152 1589 224 1618 dum
246 1590 382 1619 Graeuio
402 1591 476 1619 olim
498 1602 537 1619 ex
557 1591 735 1619 coniectura
763 1590 961 1619 scribendum
987 1589 1169 1626 uidebatur,
1203 1590 1322 1618 scribit.
1361 1589 1487 1619 Etenim
1514 1600 1642 1629 prorsus
1668 1589 1902 1626 incredibilest,
1934 1591 2030 1620 uerba

151 1637 222 1673 illa,
249 1638 275 1665 si
296 1638 328 1666 in
349 1639 455 1666 codice
475 1639 618 1677 principe
638 1639 770 1667 fuissent
790 1639 920 1676 scripta,
957 1642 987 1664 et
1007 1637 1043 1664 ab
1065 1647 1101 1665 eo
1123 1638 1267 1672 librario,
1298 1637 1350 1675 qui
1371 1636 1537 1675 diligenter
1557 1638 1696 1666 codicem
1716 1637 1890 1675 principem
1910 1637 2030 1666 descri-

153 1685 229 1723 psit,
251 1690 281 1714 et
300 1696 317 1713 a
336 1690 383 1714 tot
402 1686 536 1714 familiae
557 1686 668 1714 tertiae
688 1686 828 1714 codicum
849 1685 987 1713 librariis
1017 1685 1126 1712 omissa
1146 1685 1223 1713 fore.
1262 1684 1453 1722 Accedebat,
1488 1685 1570 1724 quod
1589 1684 1834 1714 Laurentianum
1860 1684 2029 1713 secundum

152 1742 243 1771 saepe
268 1744 390 1761 manum
418 1733 697 1771 interpolatricem,
729 1743 786 1761 nec
815 1743 879 1761 eam
899 1733 990 1771 plane
1016 1732 1171 1762 indoctam
1198 1738 1363 1772 expertum
1383 1733 1516 1761 sciebam
1536 1742 1611 1760 esse.
1648 1731 1803 1770 Exempla
1827 1731 1900 1760 uide
1919 1732 1954 1760 in
1973 1733 2030 1760 de—

154 1780 327 1818 scriptione
346 1780 438 1808 istius
459 1781 524 1808 cod.
546 1781 618 1808 Lib.
639 1781 663 1809 I.
684 1791 709 1809 0.
730 1781 753 1809 I.
774 1779 801 1819 §.
821 1781 847 1809 3.

230 1837 314 1866 Idem
334 1838 418 1866 ualet
438 1838 475 1866 de
495 1838 627 1866 Francio
647 1839 767 1877 primo,
797 1848 837 1866 ex
857 1848 917 1877 quo
938 1843 1055 1867 temere
1076 1837 1257 1867 Schutzium
1277 1838 1311 1867 C.
1332 1838 1375 1866 X.
1403 1835 1431 1877 §.
1451 1836 1496 1865 26.
1526 1836 1701 1874 confictum
1726 1840 1798 1875 post
1813 1836 2030 1877 fluctibusque

153 1885 327 1924 recepisse,
347 1885 448 1923 quiuis
468 1886 528 1914 iam
548 1891 658 1925 sponte
679 1887 844 1924 intellegit.

1055 1973 1082 2014 §.
1102 1980 1129 2006 2-

232 2033 340 2071 Longe
361 2033 420 2061 alia
440 2043 547 2062 eorum
566 2033 706 2062 locorum
732 2035 858 2069 ratiost,
892 2034 925 2061 111
947 2033 1058 2071 quibus
1078 2043 1174 2061 unum
1199 2036 1252 2059 aut
1270 2031 1361 2069 plura
1379 2031 1472 2060 uerba
1493 2031 1628 2070 procliui
1649 2041 1754 2059 errore
1775 2041 1792 2058 a
1810 2029 1916 2059 multis
1935 2031 2032 2060 libra-

157 2076 215 2109 riis
236 2080 466 2108 consentienter
487 2081 588 2108 omitti
607 2081 746 2118 potuisse
774 2081 991 2118 intellegimus.
1031 2079 1195 2108 Eiusmodi
1220 2079 1316 2106 uerba
1344 2089 1413 2106 cum
1433 2089 1450 2106 a
1468 2079 1493 2106 B
1515 2084 1545 2106 et
1563 2079 1590 2106 E
1611 2078 1827 2106 accedentibus
1854 2078 1907 2106 uel
1926 2079 2031 2108 multia

157 2127 210 2156 uel
230 2127 335 2165 paucis
355 2128 489 2155 familiae
509 2128 618 2156 tertiae
639 2128 798 2156 codicibus
826 2128 937 2156 omissa
963 2127 1121 2163 uidemus,
1154 2127 1216 2154 nisi
1243 2126 1396 2154 sententia
1423 2125 1485 2153 loci
1513 2125 1617 2163 spuria
1644 2126 1755 2153 elamet
1780 2135 1862 2160 esse,
1895 2126 2031 2154 minume

160 2173 274 2202 debent
293 2175 330 2201 ab
357 2175 529 2213 interprete
555 2174 695 2212 profecta
722 2175 909 2203 existumari.
949 2175 1057 2212 Itaque
1084 2174 1152 2202 iure
1172 2173 1345 2210 meritoque
1372 2178 1479 2201 contra
1498 2173 1523 2200 B
1553 2178 1584 2201 et
1603 2173 1629 2200 E
1659 2173 1935 2211 plurumorumque
1959 2172 2029 2201 fam.

159 2221 270 2249 tertiae
296 2221 438 2250 codicum
465 2221 677 2250 auctoritatem
704 2220 736 2249 in
764 2227 909 2260 quattuor
935 2221 985 2250 his
1011 2221 1090 2250 locis
1115 2221 1380 2260 paueissumorum
1410 2220 1562 2248 librorum
1598 2220 1781 2258 scripturam
1809 2216 1830 2248 'a
1860 2229 1910 2248 me
1941 2229 2030 2248 rece-

160 2272 243 2305 ptam
263 2268 364 2296 credo.
680 2296 683 2297 e

237 2314 271 2343 C.
292 2315 386 2342 XXI.
406 2313 433 2353 §.
454 2316 499 2343 52.
538 2315 621 2344 nihil
638 2322 682 2344 est
702 2318 800 2350 enim,
820 2317 899 2344 mihi
918 2317 1020 2349 crede,
1040 2316 1237 2348 Laterensis,
1265 2315 1301 2343 de
1321 2320 1350 2342 te
1369 2315 1561 2344 detractum.-
1590 2316 1824 2343 detractum
1850 2313 1944 2341 dico?
1973 2319 2030 2343 etc.

237 2362 309 2398 Quo
329 2362 361 2388 111
381 2362 450 2390 1000
471 2372 540 2390 011111
559 2363 585 2390 Β
605 2367 637 2391 01
655 2363 682 2390 E
703 2373 808 2390 omnes
827 2364 893 2391 fere
913 2364 983 2392 fam.
1004 2363 1114 2391 tertiae
1135 2362 1255 2390 codices
1275 2363 1370 2391 semel
1389 2367 1509 2391 tantum
1527 2361 1658 2390 uerbum
1677 2361 1851 2388 detractum
1869 2358 1992 2390 liabent.

236 2408 272 2438 C.
292 2409 419 2437 XXIII.
437 2407 466 2447 §.
485 2410 530 2444 57.
570 2415 605 2437 ut
624 2416 696 2438 aut
716 2412 888 2448 neglegatis
907 2417 963 2438 aut
983 2411 1191 2438 dissimuletis.

237 2456 323 2485 Idem
341 2455 407 2485 fere
427 2456 502 2484 libri
520 2456 572 2484 hic
598 2463 655 2485 aut
681 2462 751 2486 ante
778 2458 954 2495 neglegatis
979 2457 1143 2493 omittunt,
1179 2456 1263 2496 quod
1288 2456 1543 2496 quemadmodum
1568 2464 1625 2483 cur
1651 2454 1794 2483 excidere
1813 2454 1970 2493 potuerit,
1996 2455 2029 2484 in
