<?xml version="1.0" encoding="UTF-8"?>
<!DOCTYPE html PUBLIC "-//W3C//DTD XHTML 1.0 Transitional//EN"
    "http://www.w3.org/TR/xhtml1/DTD/xhtml1-transitional.dtd">
<html xmlns="http://www.w3.org/1999/xhtml" xml:lang="en" lang="en">
 <head>
  <title>
</title>
<meta http-equiv="Content-Type" content="text/html;charset=utf-8" />
  <meta name='ocr-system' content='tesseract 3.04.00' />
  <meta name='ocr-capabilities' content='ocr_page ocr_carea ocr_par ocr_line ocrx_word'/>
</head>
<body>
  <div class='ocr_page' id='page_1' title='image "./oratioprocnplanc00ciceuoft/oratioprocnplanc00ciceuoft_0108.png"; bbox 0 0 2185 2720; ppageno 0'>
   <div class='ocr_carea' id='block_1_1' title="bbox 152 166 1360 206">
    <p class='ocr_par' dir='ltr' id='par_1_1' title="bbox 152 166 1360 206">
     <span class='ocr_line' id='line_1_1' title="bbox 152 166 1360 206; baseline -0.008 -1"><span class='ocrx_word' id='word_1_1' title='bbox 152 171 368 206; x_wconf 73' lang='lat' dir='ltr'>LXXXVIII</span> <span class='ocrx_word' id='word_1_2' title='bbox 825 168 850 197; x_wconf 93' lang='lat' dir='ltr'>P</span> <span class='ocrx_word' id='word_1_3' title='bbox 869 167 900 196; x_wconf 80' lang='lat' dir='ltr'>R</span> <span class='ocrx_word' id='word_1_4' title='bbox 921 166 949 196; x_wconf 94' lang='lat' dir='ltr'>O</span> <span class='ocrx_word' id='word_1_5' title='bbox 969 167 998 196; x_wconf 92' lang='lat' dir='ltr'>L</span> <span class='ocrx_word' id='word_1_6' title='bbox 1018 168 1045 196; x_wconf 91' lang='lat' dir='ltr'><strong>E</strong></span> <span class='ocrx_word' id='word_1_7' title='bbox 1068 168 1098 196; x_wconf 89' lang='lat' dir='ltr'>G</span> <span class='ocrx_word' id='word_1_8' title='bbox 1118 168 1147 196; x_wconf 93' lang='lat' dir='ltr'>O</span> <span class='ocrx_word' id='word_1_9' title='bbox 1167 168 1203 197; x_wconf 83' lang='lat' dir='ltr'><strong>M</strong></span> <span class='ocrx_word' id='word_1_10' title='bbox 1221 167 1248 195; x_wconf 89' lang='lat' dir='ltr'>E</span> <span class='ocrx_word' id='word_1_11' title='bbox 1270 167 1302 195; x_wconf 91' lang='lat' dir='ltr'>N</span> <span class='ocrx_word' id='word_1_12' title='bbox 1320 167 1360 196; x_wconf 92' lang='lat' dir='ltr'><strong>A.</strong></span> 
     </span>
    </p>
   </div>
   <div class='ocr_carea' id='block_1_2' title="bbox 150 240 2037 1330">
    <p class='ocr_par' dir='ltr' id='par_1_2' title="bbox 153 240 2036 758">
     <span class='ocr_line' id='line_1_2' title="bbox 156 240 2035 286; baseline -0.004 -8"><span class='ocrx_word' id='word_1_13' title='bbox 156 248 299 279; x_wconf 71' lang='lat' dir='ltr'><strong>excidero</strong></span> <span class='ocrx_word' id='word_1_14' title='bbox 318 245 475 286; x_wconf 84' lang='lat' dir='ltr'><strong>potuerit,</strong></span> <span class='ocrx_word' id='word_1_15' title='bbox 504 253 627 284; x_wconf 87' lang='lat' dir='ltr'><strong>quoque</strong></span> <span class='ocrx_word' id='word_1_16' title='bbox 644 243 740 282; x_wconf 84' lang='lat' dir='ltr'><strong>magis</strong></span> <span class='ocrx_word' id='word_1_17' title='bbox 760 242 798 271; x_wconf 88' lang='lat' dir='ltr'><strong>ad</strong></span> <span class='ocrx_word' id='word_1_18' title='bbox 823 253 946 271; x_wconf 85' lang='lat' dir='ltr'><strong>sensum</strong></span> <span class='ocrx_word' id='word_1_19' title='bbox 972 242 1190 278; x_wconf 87' lang='lat' dir='ltr'><strong>necessariast‚</strong></span> <span class='ocrx_word' id='word_1_20' title='bbox 1217 252 1254 270; x_wconf 87' lang='lat' dir='ltr'><strong>eo</strong></span> <span class='ocrx_word' id='word_1_21' title='bbox 1275 241 1427 270; x_wconf 85' lang='lat' dir='ltr'><strong>curiosius</strong></span> <span class='ocrx_word' id='word_1_22' title='bbox 1447 240 1616 270; x_wconf 84' lang='lat' dir='ltr'><strong>uidendum</strong></span> <span class='ocrx_word' id='word_1_23' title='bbox 1636 248 1719 280; x_wconf 81' lang='lat' dir='ltr'><strong>erat,</strong></span> <span class='ocrx_word' id='word_1_24' title='bbox 1743 254 1782 273; x_wconf 89' lang='lat' dir='ltr'><strong>ne</strong></span> <span class='ocrx_word' id='word_1_25' title='bbox 1801 244 1912 273; x_wconf 87' lang='lat' dir='ltr'><strong>lateret</strong></span> <span class='ocrx_word' id='word_1_26' title='bbox 1931 243 1964 271; x_wconf 90' lang='lat' dir='ltr'><strong>in</strong></span> <span class='ocrx_word' id='word_1_27' title='bbox 1985 252 2035 271; x_wconf 88' lang='lat' dir='ltr'><strong>se-</strong></span> 
     </span>
     <span class='ocr_line' id='line_1_3' title="bbox 155 288 2034 336; baseline -0.003 -11"><span class='ocrx_word' id='word_1_28' title='bbox 155 296 264 336; x_wconf 81' lang='lat' dir='ltr'><strong>quenti</strong></span> <span class='ocrx_word' id='word_1_29' title='bbox 284 304 377 331; x_wconf 86' lang='lat' dir='ltr'><strong>uoce,</strong></span> <span class='ocrx_word' id='word_1_30' title='bbox 397 304 486 333; x_wconf 86' lang='lat' dir='ltr'><strong>quam</strong></span> <span class='ocrx_word' id='word_1_31' title='bbox 506 292 610 321; x_wconf 88' lang='lat' dir='ltr'><strong>omnia</strong></span> <span class='ocrx_word' id='word_1_32' title='bbox 627 297 770 321; x_wconf 86' lang='lat' dir='ltr'><strong>ueterum</strong></span> <span class='ocrx_word' id='word_1_33' title='bbox 789 291 978 328; x_wconf 86' lang='lat' dir='ltr'><strong>scriptorum</strong></span> <span class='ocrx_word' id='word_1_34' title='bbox 998 290 1175 319; x_wconf 84' lang='lat' dir='ltr'><strong>testimonia</strong></span> <span class='ocrx_word' id='word_1_35' title='bbox 1187 311 1196 326; x_wconf 91' lang='lat'><strong>,</strong></span> <span class='ocrx_word' id='word_1_36' title='bbox 1217 299 1293 328; x_wconf 84' lang='lat' dir='ltr'><strong>quae</strong></span> <span class='ocrx_word' id='word_1_37' title='bbox 1314 289 1351 317; x_wconf 81' lang='lat' dir='ltr'><strong>de</strong></span> <span class='ocrx_word' id='word_1_38' title='bbox 1372 288 1519 317; x_wconf 88' lang='lat' dir='ltr'><strong>aedilium</strong></span> <span class='ocrx_word' id='word_1_39' title='bbox 1539 294 1692 328; x_wconf 78' lang='lat' dir='ltr'><strong>potestate</strong></span> <span class='ocrx_word' id='word_1_40' title='bbox 1711 293 1802 321; x_wconf 88' lang='lat' dir='ltr'><strong>nobis</strong></span> <span class='ocrx_word' id='word_1_41' title='bbox 1821 291 1934 321; x_wconf 87' lang='lat' dir='ltr'><strong>tradita</strong></span> <span class='ocrx_word' id='word_1_42' title='bbox 1952 295 2034 326; x_wconf 84' lang='lat' dir='ltr'><strong>sunt,</strong></span> 
     </span>
     <span class='ocr_line' id='line_1_4' title="bbox 154 336 2034 383; baseline -0.004 -9"><span class='ocrx_word' id='word_1_43' title='bbox 154 349 331 383; x_wconf 81' lang='lat' dir='ltr'>corruptam</span> <span class='ocrx_word' id='word_1_44' title='bbox 352 351 415 370; x_wconf 87' lang='lat' dir='ltr'><strong>esse</strong></span> <span class='ocrx_word' id='word_1_45' title='bbox 436 341 584 376; x_wconf 78' lang='lat' dir='ltr'><strong>clamant,</strong></span> <span class='ocrx_word' id='word_1_46' title='bbox 610 345 642 368; x_wconf 90' lang='lat' dir='ltr'><strong>et</strong></span> <span class='ocrx_word' id='word_1_47' title='bbox 661 350 721 368; x_wconf 88' lang='lat' dir='ltr'><strong>una</strong></span> <span class='ocrx_word' id='word_1_48' title='bbox 741 349 810 367; x_wconf 88' lang='grc'>011111</span> <span class='ocrx_word' id='word_1_49' title='bbox 830 337 891 365; x_wconf 88' lang='lat' dir='ltr'><strong>alio</strong></span> <span class='ocrx_word' id='word_1_50' title='bbox 912 337 1010 365; x_wconf 84' lang='lat' dir='ltr'><strong>uerbo</strong></span> <span class='ocrx_word' id='word_1_51' title='bbox 1030 337 1142 366; x_wconf 86' lang='lat' dir='ltr'><strong>librari</strong></span> <span class='ocrx_word' id='word_1_52' title='bbox 1161 347 1269 366; x_wconf 85' lang='lat' dir='ltr'><strong>errore</strong></span> <span class='ocrx_word' id='word_1_53' title='bbox 1289 336 1323 364; x_wconf 90' lang='lat' dir='ltr'><strong>in</strong></span> <span class='ocrx_word' id='word_1_54' title='bbox 1343 346 1455 365; x_wconf 85' lang='lat' dir='ltr'><strong>nomen</strong></span> <span class='ocrx_word' id='word_1_55' title='bbox 1475 338 1586 366; x_wconf 79' lang='lat' dir='ltr'><strong>aedilis</strong></span> <span class='ocrx_word' id='word_1_56' title='bbox 1607 338 1780 367; x_wconf 85' lang='lat' dir='ltr'><strong>coaluisset.</strong></span> <span class='ocrx_word' id='word_1_57' title='bbox 1818 339 1911 367; x_wconf 73' lang='lat' dir='ltr'><strong>Nihil</strong></span> <span class='ocrx_word' id='word_1_58' title='bbox 1930 343 2034 368; x_wconf 84' lang='lat' dir='ltr'><strong>autem</strong></span> 
     </span>
     <span class='ocr_line' id='line_1_5' title="bbox 153 384 2035 427; baseline 0.003 -18"><span class='ocrx_word' id='word_1_59' title='bbox 153 393 278 423; x_wconf 61' lang='lat' dir='ltr'><strong>facilius</strong></span> <span class='ocrx_word' id='word_1_60' title='bbox 298 391 331 419; x_wconf 69' lang='lat' dir='ltr'><strong>ju</strong></span> <span class='ocrx_word' id='word_1_61' title='bbox 351 389 462 417; x_wconf 67' lang='lat' dir='ltr'><strong>aedilis</strong></span> <span class='ocrx_word' id='word_1_62' title='bbox 488 388 649 427; x_wconf 78' lang='lat' dir='ltr'><strong>deprauari</strong></span> <span class='ocrx_word' id='word_1_63' title='bbox 678 386 782 426; x_wconf 87' lang='lat' dir='ltr'><strong>potuit</strong></span> <span class='ocrx_word' id='word_1_64' title='bbox 809 395 899 423; x_wconf 86' lang='lat' dir='ltr'><strong>quam</strong></span> <span class='ocrx_word' id='word_1_65' title='bbox 925 390 959 412; x_wconf 81' lang='lat' dir='ltr'><strong>at</strong></span> <span class='ocrx_word' id='word_1_66' title='bbox 985 385 1055 420; x_wconf 81' lang='lat' dir='ltr'><strong>ille,</strong></span> <span class='ocrx_word' id='word_1_67' title='bbox 1083 385 1151 421; x_wconf 84' lang='lat' dir='ltr'><strong>uel,</strong></span> <span class='ocrx_word' id='word_1_68' title='bbox 1179 385 1334 423; x_wconf 84' lang='lat' dir='ltr'><strong>quomodo</strong></span> <span class='ocrx_word' id='word_1_69' title='bbox 1361 394 1451 423; x_wconf 84' lang='lat' dir='ltr'>saepe</span> <span class='ocrx_word' id='word_1_70' title='bbox 1472 384 1699 423; x_wconf 82' lang='lat' dir='ltr'><strong>antiquioribus</strong></span> <span class='ocrx_word' id='word_1_71' title='bbox 1718 386 1911 424; x_wconf 83' lang='lat' dir='ltr'><strong>temporibus</strong></span> <span class='ocrx_word' id='word_1_72' title='bbox 1938 386 2035 415; x_wconf 85' lang='lat' dir='ltr'><strong>scribi</strong></span> 
     </span>
     <span class='ocr_line' id='line_1_6' title="bbox 154 431 2035 477; baseline -0.004 -8"><span class='ocrx_word' id='word_1_73' title='bbox 154 441 274 470; x_wconf 79' lang='lat' dir='ltr'><strong>solebat</strong></span> <span class='ocrx_word' id='word_1_74' title='bbox 293 437 379 477; x_wconf 82' lang='lat' dir='ltr'><strong>(uide</strong></span> <span class='ocrx_word' id='word_1_75' title='bbox 399 435 554 471; x_wconf 84' lang='lat' dir='ltr'><strong>codicem,</strong></span> <span class='ocrx_word' id='word_1_76' title='bbox 580 446 639 474; x_wconf 87' lang='lat' dir='ltr'><strong>quo</strong></span> <span class='ocrx_word' id='word_1_77' title='bbox 661 432 823 464; x_wconf 82' lang='lat' dir='ltr'><strong>Ciceronis</strong></span> <span class='ocrx_word' id='word_1_78' title='bbox 843 431 919 460; x_wconf 85' lang='lat' dir='ltr'><strong>libri</strong></span> <span class='ocrx_word' id='word_1_79' title='bbox 939 431 976 460; x_wconf 80' lang='lat' dir='ltr'><strong>de</strong></span> <span class='ocrx_word' id='word_1_80' title='bbox 996 441 1031 460; x_wconf 86' lang='lat' dir='ltr'><strong>re</strong></span> <span class='ocrx_word' id='word_1_81' title='bbox 1051 442 1081 470; x_wconf 90' lang='lat' dir='ltr'><strong>p.</strong></span> <span class='ocrx_word' id='word_1_82' title='bbox 1102 433 1218 461; x_wconf 81' lang='lat' dir='ltr'><strong>seruati</strong></span> <span class='ocrx_word' id='word_1_83' title='bbox 1234 431 1336 471; x_wconf 85' lang='lat' dir='ltr'><strong>sunt),</strong></span> <span class='ocrx_word' id='word_1_84' title='bbox 1356 433 1468 465; x_wconf 82' lang='lat' dir='ltr'><strong>adille,</strong></span> <span class='ocrx_word' id='word_1_85' title='bbox 1490 433 1672 471; x_wconf 85' lang='lat' dir='ltr'><strong>praesertim</strong></span> <span class='ocrx_word' id='word_1_86' title='bbox 1693 444 1762 462; x_wconf 86' lang='lat' dir='ltr'><strong>cum</strong></span> <span class='ocrx_word' id='word_1_87' title='bbox 1781 443 1894 462; x_wconf 87' lang='lat' dir='ltr'><strong>nomen</strong></span> <span class='ocrx_word' id='word_1_88' title='bbox 1913 435 2035 468; x_wconf 85' lang='lat' dir='ltr'><strong>aedilis,</strong></span> 
     </span>
     <span class='ocr_line' id='line_1_7' title="bbox 155 479 2036 526; baseline -0.004 -10"><span class='ocrx_word' id='word_1_89' title='bbox 155 486 239 526; x_wconf 88' lang='lat' dir='ltr'><strong>quod</strong></span> <span class='ocrx_word' id='word_1_90' title='bbox 258 485 291 514; x_wconf 87' lang='lat' dir='ltr'><strong>in</strong></span> <span class='ocrx_word' id='word_1_91' title='bbox 309 484 563 513; x_wconf 85' lang='lat' dir='ltr'><strong>antecedentibus</strong></span> <span class='ocrx_word' id='word_1_92' title='bbox 585 488 616 511; x_wconf 85' lang='lat' dir='ltr'><strong>et</strong></span> <span class='ocrx_word' id='word_1_93' title='bbox 641 481 842 520; x_wconf 78' lang='lat' dir='ltr'><strong>sequentibus</strong></span> <span class='ocrx_word' id='word_1_94' title='bbox 868 479 989 518; x_wconf 85' lang='lat' dir='ltr'><strong>saepius</strong></span> <span class='ocrx_word' id='word_1_95' title='bbox 1015 480 1169 518; x_wconf 76' lang='lat' dir='ltr'><strong>positum,</strong></span> <span class='ocrx_word' id='word_1_96' title='bbox 1198 480 1334 519; x_wconf 87' lang='lat' dir='ltr'><strong>primum</strong></span> <span class='ocrx_word' id='word_1_97' title='bbox 1361 480 1498 509; x_wconf 86' lang='lat' dir='ltr'><strong>omnium</strong></span> <span class='ocrx_word' id='word_1_98' title='bbox 1527 481 1656 509; x_wconf 83' lang='lat' dir='ltr'><strong>librario</strong></span> <span class='ocrx_word' id='word_1_99' title='bbox 1684 481 1720 509; x_wconf 90' lang='lat' dir='ltr'><strong>in</strong></span> <span class='ocrx_word' id='word_1_100' title='bbox 1746 486 1881 510; x_wconf 87' lang='lat' dir='ltr'><strong>mentem</strong></span> <span class='ocrx_word' id='word_1_101' title='bbox 1909 481 2036 510; x_wconf 73' lang='lat' dir='ltr'><strong>deberet</strong></span> 
     </span>
     <span class='ocr_line' id='line_1_8' title="bbox 154 525 2036 567; baseline -0.003 -5"><span class='ocrx_word' id='word_1_102' title='bbox 154 533 272 563; x_wconf 82' lang='lat' dir='ltr'><strong>uenire.</strong></span> <span class='ocrx_word' id='word_1_103' title='bbox 311 532 429 560; x_wconf 85' lang='lat' dir='ltr'><strong>Eodem</strong></span> <span class='ocrx_word' id='word_1_104' title='bbox 448 531 514 559; x_wconf 84' lang='lat' dir='ltr'><strong>sere</strong></span> <span class='ocrx_word' id='word_1_105' title='bbox 534 531 625 558; x_wconf 89' lang='lat' dir='ltr'><strong>modo</strong></span> <span class='ocrx_word' id='word_1_106' title='bbox 646 530 678 557; x_wconf 79' lang='lat' dir='ltr'><strong>in</strong></span> <span class='ocrx_word' id='word_1_107' title='bbox 699 533 775 557; x_wconf 87' lang='lat' dir='ltr'><strong>orat.</strong></span> <span class='ocrx_word' id='word_1_108' title='bbox 794 527 898 556; x_wconf 80' lang='lat' dir='ltr'><strong>Planc.</strong></span> <span class='ocrx_word' id='word_1_109' title='bbox 919 527 955 556; x_wconf 91' lang='lat' dir='ltr'><strong>C.</strong></span> <span class='ocrx_word' id='word_1_110' title='bbox 974 527 1103 555; x_wconf 75' lang='lat' dir='ltr'>XXIV.</span> <span class='ocrx_word' id='word_1_111' title='bbox 1126 525 1152 564; x_wconf 59' lang='grc' dir='ltr'><strong>ς.</strong></span> <span class='ocrx_word' id='word_1_112' title='bbox 1173 528 1228 565; x_wconf 78' lang='grc'><em>59.,</em></span> <span class='ocrx_word' id='word_1_113' title='bbox 1248 537 1318 556; x_wconf 86' lang='grc'>011111</span> <span class='ocrx_word' id='word_1_114' title='bbox 1343 527 1377 555; x_wconf 86' lang='grc'><strong>111</strong></span> <span class='ocrx_word' id='word_1_115' title='bbox 1397 528 1516 565; x_wconf 87' lang='lat' dir='ltr'><strong>aliquot</strong></span> <span class='ocrx_word' id='word_1_116' title='bbox 1536 528 1694 557; x_wconf 86' lang='lat' dir='ltr'><strong>codicibus</strong></span> <span class='ocrx_word' id='word_1_117' title='bbox 1715 539 1794 567; x_wconf 79' lang='lat' dir='ltr'><strong>quae</strong></span> <span class='ocrx_word' id='word_1_118' title='bbox 1814 530 1941 566; x_wconf 79' lang='lat' dir='ltr'><strong>scripsit</strong></span> <span class='ocrx_word' id='word_1_119' title='bbox 1955 538 2036 566; x_wconf 84' lang='lat' dir='ltr'><strong>gra-</strong></span> 
     </span>
     <span class='ocr_line' id='line_1_9' title="bbox 154 573 2036 617; baseline -0.004 -7"><span class='ocrx_word' id='word_1_120' title='bbox 154 584 202 610; x_wconf 82' lang='lat' dir='ltr'><strong>uis</strong></span> <span class='ocrx_word' id='word_1_121' title='bbox 223 587 258 610; x_wconf 81' lang='lat' dir='ltr'><strong>et</strong></span> <span class='ocrx_word' id='word_1_122' title='bbox 277 580 352 609; x_wconf 79' lang='lat' dir='ltr'><strong>itte</strong></span> <span class='ocrx_word' id='word_1_123' title='bbox 380 581 559 617; x_wconf 74' lang='lat' dir='ltr'><strong>ingeniosus</strong></span> <span class='ocrx_word' id='word_1_124' title='bbox 574 581 669 614; x_wconf 80' lang='lat' dir='ltr'><strong>poeta</strong></span> <span class='ocrx_word' id='word_1_125' title='bbox 689 575 839 613; x_wconf 76' lang='lat' dir='ltr'><strong>scriplum</strong></span> <span class='ocrx_word' id='word_1_126' title='bbox 859 578 956 609; x_wconf 86' lang='lat' dir='ltr'><strong>esset,</strong></span> <span class='ocrx_word' id='word_1_127' title='bbox 987 573 1178 602; x_wconf 73' lang='lat' dir='ltr'><strong>Oxoniensis</strong></span> <span class='ocrx_word' id='word_1_128' title='bbox 1199 573 1299 602; x_wconf 76' lang='lat' dir='ltr'><strong>codex</strong></span> <span class='ocrx_word' id='word_1_129' title='bbox 1320 575 1344 603; x_wconf 96' lang='lat' dir='ltr'>C</span> <span class='ocrx_word' id='word_1_130' title='bbox 1366 584 1404 602; x_wconf 79' lang='lat' dir='ltr'><strong>ex</strong></span> <span class='ocrx_word' id='word_1_131' title='bbox 1424 575 1529 603; x_wconf 88' lang='lat' dir='ltr'><strong>uerbis</strong></span> <span class='ocrx_word' id='word_1_132' title='bbox 1549 582 1578 604; x_wconf 82' lang='lat' dir='ltr'><strong>et</strong></span> <span class='ocrx_word' id='word_1_133' title='bbox 1597 577 1651 604; x_wconf 88' lang='lat' dir='ltr'><strong>ille</strong></span> <span class='ocrx_word' id='word_1_134' title='bbox 1669 576 1745 604; x_wconf 84' lang='lat' dir='ltr'><strong>fecit</strong></span> <span class='ocrx_word' id='word_1_135' title='bbox 1765 577 1885 604; x_wconf 81' lang='lat' dir='ltr'><strong>aedilis.</strong></span> <span class='ocrx_word' id='word_1_136' title='bbox 1923 575 2036 613; x_wconf 70' lang='lat' dir='ltr'><strong>Neque</strong></span> 
     </span>
     <span class='ocr_line' id='line_1_10' title="bbox 154 621 2036 668; baseline -0.004 -11"><span class='ocrx_word' id='word_1_137' title='bbox 154 639 210 667; x_wconf 81' lang='lat' dir='ltr'><strong>ego</strong></span> <span class='ocrx_word' id='word_1_138' title='bbox 229 628 348 668; x_wconf 86' lang='lat' dir='ltr'><strong>primus</strong></span> <span class='ocrx_word' id='word_1_139' title='bbox 369 627 402 654; x_wconf 89' lang='lat' dir='ltr'><strong>in</strong></span> <span class='ocrx_word' id='word_1_140' title='bbox 422 626 499 654; x_wconf 84' lang='lat' dir='ltr'><strong>hanc</strong></span> <span class='ocrx_word' id='word_1_141' title='bbox 520 624 730 653; x_wconf 82' lang='lat' dir='ltr'><strong>coniecturam</strong></span> <span class='ocrx_word' id='word_1_142' title='bbox 750 621 863 658; x_wconf 80' lang='lat' dir='ltr'><strong>incidi3</strong></span> <span class='ocrx_word' id='word_1_143' title='bbox 890 631 999 649; x_wconf 86' lang='lat' dir='ltr'><strong>uerum</strong></span> <span class='ocrx_word' id='word_1_144' title='bbox 1019 621 1078 649; x_wconf 86' lang='lat' dir='ltr'><strong>iam</strong></span> <span class='ocrx_word' id='word_1_145' title='bbox 1099 621 1266 660; x_wconf 85' lang='lat' dir='ltr'><strong>Scioppius</strong></span> <span class='ocrx_word' id='word_1_146' title='bbox 1285 632 1344 660; x_wconf 84' lang='lat' dir='ltr'><strong>pro</strong></span> <span class='ocrx_word' id='word_1_147' title='bbox 1365 622 1491 656; x_wconf 75' lang='lat' dir='ltr'><strong>aeditis,</strong></span> <span class='ocrx_word' id='word_1_148' title='bbox 1518 632 1587 650; x_wconf 91' lang='lat' dir='ltr'><strong>cum</strong></span> <span class='ocrx_word' id='word_1_149' title='bbox 1608 628 1641 653; x_wconf 84' lang='lat' dir='ltr'><strong>at</strong></span> <span class='ocrx_word' id='word_1_150' title='bbox 1659 623 1843 661; x_wconf 84' lang='lat' dir='ltr'><strong>particulam</strong></span> <span class='ocrx_word' id='word_1_151' title='bbox 1862 624 1896 651; x_wconf 86' lang='lat' dir='ltr'><strong>in</strong></span> <span class='ocrx_word' id='word_1_152' title='bbox 1915 622 2036 651; x_wconf 85' lang='lat' dir='ltr'><strong>codici-</strong></span> 
     </span>
     <span class='ocr_line' id='line_1_11' title="bbox 153 668 2034 707; baseline -0.006 -1"><span class='ocrx_word' id='word_1_153' title='bbox 153 678 211 706; x_wconf 85' lang='lat' dir='ltr'><strong>bus</strong></span> <span class='ocrx_word' id='word_1_154' title='bbox 230 676 294 704; x_wconf 89' lang='lat' dir='ltr'><strong>suis</strong></span> <span class='ocrx_word' id='word_1_155' title='bbox 317 675 421 703; x_wconf 85' lang='lat' dir='ltr'><strong>abesse</strong></span> <span class='ocrx_word' id='word_1_156' title='bbox 441 673 588 707; x_wconf 86' lang='lat' dir='ltr'><strong>uidisset,</strong></span> <span class='ocrx_word' id='word_1_157' title='bbox 621 677 656 699; x_wconf 78' lang='lat' dir='ltr'><strong>at</strong></span> <span class='ocrx_word' id='word_1_158' title='bbox 675 671 728 699; x_wconf 84' lang='lat' dir='ltr'><strong>ille</strong></span> <span class='ocrx_word' id='word_1_159' title='bbox 748 669 945 698; x_wconf 85' lang='lat' dir='ltr'><strong>scribendum</strong></span> <span class='ocrx_word' id='word_1_160' title='bbox 965 679 1032 697; x_wconf 88' lang='lat' dir='ltr'><strong>esse</strong></span> <span class='ocrx_word' id='word_1_161' title='bbox 1052 669 1183 697; x_wconf 88' lang='lat' dir='ltr'><strong>monuit.</strong></span> <span class='ocrx_word' id='word_1_162' title='bbox 1223 668 1331 706; x_wconf 88' lang='lat' dir='ltr'><strong>Itaque</strong></span> <span class='ocrx_word' id='word_1_163' title='bbox 1357 668 1418 697; x_wconf 97' lang='grc'>1100</span> <span class='ocrx_word' id='word_1_164' title='bbox 1438 669 1538 697; x_wconf 90' lang='lat' dir='ltr'><strong>solum</strong></span> <span class='ocrx_word' id='word_1_165' title='bbox 1557 673 1669 706; x_wconf 86' lang='lat' dir='ltr'><strong>restat,</strong></span> <span class='ocrx_word' id='word_1_166' title='bbox 1702 675 1738 698; x_wconf 90' lang='lat' dir='ltr'><strong>ut</strong></span> <span class='ocrx_word' id='word_1_167' title='bbox 1757 680 1812 699; x_wconf 88' lang='lat' dir='ltr'><strong>cur</strong></span> <span class='ocrx_word' id='word_1_168' title='bbox 1831 671 1940 700; x_wconf 75' lang='lat' dir='ltr'><strong>aedilis</strong></span> <span class='ocrx_word' id='word_1_169' title='bbox 1959 680 1978 699; x_wconf 88' lang='lat' dir='ltr'><strong>a</strong></span> <span class='ocrx_word' id='word_1_170' title='bbox 1995 669 2034 698; x_wconf 85' lang='lat' dir='ltr'><strong>L.</strong></span> 
     </span>
     <span class='ocr_line' id='line_1_12' title="bbox 153 716 1269 758; baseline -0.007 -5"><span class='ocrx_word' id='word_1_171' title='bbox 153 724 268 754; x_wconf 86' lang='lat' dir='ltr'><strong>Pisone</strong></span> <span class='ocrx_word' id='word_1_172' title='bbox 289 721 351 750; x_wconf 84' lang='lat' dir='ltr'><strong>dici</strong></span> <span class='ocrx_word' id='word_1_173' title='bbox 371 731 435 749; x_wconf 90' lang='lat' dir='ltr'><strong>non</strong></span> <span class='ocrx_word' id='word_1_174' title='bbox 453 719 596 758; x_wconf 86' lang='lat' dir='ltr'><strong>potuerit</strong></span> <span class='ocrx_word' id='word_1_175' title='bbox 614 718 759 747; x_wconf 86' lang='lat' dir='ltr'><strong>habuisse</strong></span> <span class='ocrx_word' id='word_1_176' title='bbox 778 717 834 745; x_wconf 81' lang='lat' dir='ltr'><strong>illa</strong></span> <span class='ocrx_word' id='word_1_177' title='bbox 854 717 995 753; x_wconf 87' lang='lat' dir='ltr'><strong>comitia,</strong></span> <span class='ocrx_word' id='word_1_178' title='bbox 1016 716 1269 745; x_wconf 84' lang='lat' dir='ltr'><strong>demonstremus.</strong></span> 
     </span>
    </p>

    <p class='ocr_par' dir='ltr' id='par_1_3' title="bbox 152 762 2037 906">
     <span class='ocr_line' id='line_1_13' title="bbox 228 762 2037 806; baseline -0.004 -6"><span class='ocrx_word' id='word_1_179' title='bbox 228 771 334 800; x_wconf 83' lang='lat' dir='ltr'><strong>Prima</strong></span> <span class='ocrx_word' id='word_1_180' title='bbox 351 778 455 797; x_wconf 84' lang='lat' dir='ltr'><strong>caussa</strong></span> <span class='ocrx_word' id='word_1_181' title='bbox 475 777 569 806; x_wconf 80' lang='lat' dir='ltr'><strong>eaque</strong></span> <span class='ocrx_word' id='word_1_182' title='bbox 589 765 777 804; x_wconf 79' lang='lat' dir='ltr'><strong>grauissuma</strong></span> <span class='ocrx_word' id='word_1_183' title='bbox 802 764 877 793; x_wconf 84' lang='lat' dir='ltr'><strong>haec</strong></span> <span class='ocrx_word' id='word_1_184' title='bbox 898 770 961 800; x_wconf 84' lang='lat' dir='ltr'><strong>est,</strong></span> <span class='ocrx_word' id='word_1_185' title='bbox 990 764 1074 803; x_wconf 87' lang='lat' dir='ltr'><strong>quod</strong></span> <span class='ocrx_word' id='word_1_186' title='bbox 1093 767 1235 791; x_wconf 84' lang='lat' dir='ltr'><strong>ueterum</strong></span> <span class='ocrx_word' id='word_1_187' title='bbox 1255 762 1444 801; x_wconf 86' lang='lat' dir='ltr'><strong>scriptorum</strong></span> <span class='ocrx_word' id='word_1_188' title='bbox 1463 764 1650 793; x_wconf 84' lang='lat' dir='ltr'><strong>testimoniis</strong></span> <span class='ocrx_word' id='word_1_189' title='bbox 1676 769 1860 804; x_wconf 83' lang='lat' dir='ltr'><strong>conpertum</strong></span> <span class='ocrx_word' id='word_1_190' title='bbox 1877 764 2037 801; x_wconf 78' lang='lat' dir='ltr'><strong>habemus,</strong></span> 
     </span>
     <span class='ocr_line' id='line_1_14' title="bbox 154 809 2035 854; baseline -0.003 -6"><span class='ocrx_word' id='word_1_191' title='bbox 154 819 306 849; x_wconf 87' lang='lat' dir='ltr'><strong>aedilibus</strong></span> <span class='ocrx_word' id='word_1_192' title='bbox 335 817 384 846; x_wconf 91' lang='lat' dir='ltr'><strong>ius</strong></span> <span class='ocrx_word' id='word_1_193' title='bbox 411 826 481 845; x_wconf 88' lang='lat' dir='ltr'><strong>cum</strong></span> <span class='ocrx_word' id='word_1_194' title='bbox 507 814 625 854; x_wconf 88' lang='lat' dir='ltr'><strong>populo</strong></span> <span class='ocrx_word' id='word_1_195' title='bbox 652 812 762 852; x_wconf 78' lang='lat' dir='ltr'><strong>agendi</strong></span> <span class='ocrx_word' id='word_1_196' title='bbox 789 823 854 842; x_wconf 87' lang='grc'>11011</span> <span class='ocrx_word' id='word_1_197' title='bbox 878 814 992 850; x_wconf 83' lang='lat' dir='ltr'><strong>fuisse3</strong></span> <span class='ocrx_word' id='word_1_198' title='bbox 1020 822 1060 841; x_wconf 82' lang='lat' dir='ltr'><strong>ex</strong></span> <span class='ocrx_word' id='word_1_199' title='bbox 1088 822 1150 851; x_wconf 87' lang='lat' dir='ltr'><strong>quo</strong></span> <span class='ocrx_word' id='word_1_200' title='bbox 1176 821 1242 839; x_wconf 86' lang='lat' dir='ltr'><strong>non</strong></span> <span class='ocrx_word' id='word_1_201' title='bbox 1269 809 1379 839; x_wconf 84' lang='lat' dir='ltr'><strong>haberi</strong></span> <span class='ocrx_word' id='word_1_202' title='bbox 1406 812 1443 840; x_wconf 90' lang='lat' dir='ltr'><strong>ab</strong></span> <span class='ocrx_word' id='word_1_203' title='bbox 1471 812 1510 840; x_wconf 85' lang='lat' dir='ltr'><strong>iis</strong></span> <span class='ocrx_word' id='word_1_204' title='bbox 1537 812 1664 841; x_wconf 87' lang='lat' dir='ltr'><strong>comitia</strong></span> <span class='ocrx_word' id='word_1_205' title='bbox 1687 812 1845 851; x_wconf 84' lang='lat' dir='ltr'><strong>potuisse,</strong></span> <span class='ocrx_word' id='word_1_206' title='bbox 1870 813 2035 842; x_wconf 68' lang='lat' dir='ltr'><strong>manifesto</strong></span> 
     </span>
     <span class='ocr_line' id='line_1_15' title="bbox 152 870 289 906; baseline -0.022 -10"><span class='ocrx_word' id='word_1_207' title='bbox 152 870 289 906; x_wconf 83' lang='lat' dir='ltr'><strong>apparet.</strong></span> 
     </span>
    </p>

    <p class='ocr_par' dir='ltr' id='par_1_4' title="bbox 150 906 2036 1048">
     <span class='ocr_line' id='line_1_16' title="bbox 228 906 2036 950; baseline -0.003 -8"><span class='ocrx_word' id='word_1_208' title='bbox 228 912 340 942; x_wconf 83' lang='lat' dir='ltr'><strong>Cicero</strong></span> <span class='ocrx_word' id='word_1_209' title='bbox 363 912 400 941; x_wconf 86' lang='lat' dir='ltr'><strong>de</strong></span> <span class='ocrx_word' id='word_1_210' title='bbox 418 911 514 950; x_wconf 83' lang='lat' dir='ltr'><strong>Legg.</strong></span> <span class='ocrx_word' id='word_1_211' title='bbox 534 910 597 946; x_wconf 84' lang='lat' dir='ltr'><strong>HI,</strong></span> <span class='ocrx_word' id='word_1_212' title='bbox 615 909 642 938; x_wconf 81' lang='lat'><strong>4.</strong></span> <span class='ocrx_word' id='word_1_213' title='bbox 669 910 747 939; x_wconf 82' lang='lat' dir='ltr'><strong>Cum</strong></span> <span class='ocrx_word' id='word_1_214' title='bbox 760 908 880 946; x_wconf 79' lang='lat' dir='ltr'><strong>populo</strong></span> <span class='ocrx_word' id='word_1_215' title='bbox 902 906 1110 946; x_wconf 78' lang='lat' dir='ltr'><strong>patribusque</strong></span> <span class='ocrx_word' id='word_1_216' title='bbox 1128 906 1245 944; x_wconf 78' lang='lat' dir='ltr'><strong>agendi</strong></span> <span class='ocrx_word' id='word_1_217' title='bbox 1264 907 1314 934; x_wconf 76' lang='lat' dir='ltr'><strong>ias</strong></span> <span class='ocrx_word' id='word_1_218' title='bbox 1335 911 1397 935; x_wconf 82' lang='lat' dir='ltr'><strong>esto</strong></span> <span class='ocrx_word' id='word_1_219' title='bbox 1418 908 1553 940; x_wconf 69' lang='lat' dir='ltr'><strong>consuli,</strong></span> <span class='ocrx_word' id='word_1_220' title='bbox 1574 909 1734 946; x_wconf 82' lang='lat' dir='ltr'><strong>praetori,</strong></span> <span class='ocrx_word' id='word_1_221' title='bbox 1759 909 1909 945; x_wconf 72' lang='lat' dir='ltr'><strong>magistro</strong></span> <span class='ocrx_word' id='word_1_222' title='bbox 1924 907 2036 944; x_wconf 73' lang='lat' dir='ltr'><strong>populi</strong></span> 
     </span>
     <span class='ocr_line' id='line_1_17' title="bbox 153 954 2035 1001; baseline -0.005 -10"><span class='ocrx_word' id='word_1_223' title='bbox 153 963 368 1001; x_wconf 81' lang='lat' dir='ltr'><strong>equitumque,</strong></span> <span class='ocrx_word' id='word_1_224' title='bbox 388 962 492 998; x_wconf 82' lang='lat' dir='ltr'><strong>eique,</strong></span> <span class='ocrx_word' id='word_1_225' title='bbox 522 969 610 998; x_wconf 78' lang='lat' dir='ltr'><strong>quem</strong></span> <span class='ocrx_word' id='word_1_226' title='bbox 627 963 737 995; x_wconf 82' lang='lat' dir='ltr'><strong>patres</strong></span> <span class='ocrx_word' id='word_1_227' title='bbox 749 956 891 994; x_wconf 76' lang='lat' dir='ltr'><strong>produnt</strong></span> <span class='ocrx_word' id='word_1_228' title='bbox 911 955 1072 983; x_wconf 75' lang='lat' dir='ltr'><strong>consulum</strong></span> <span class='ocrx_word' id='word_1_229' title='bbox 1092 954 1304 992; x_wconf 76' lang='lat' dir='ltr'><strong>rogandarum</strong></span> <span class='ocrx_word' id='word_1_230' title='bbox 1324 964 1411 992; x_wconf 81' lang='lat' dir='ltr'><strong>ergo,</strong></span> <span class='ocrx_word' id='word_1_231' title='bbox 1440 955 1653 993; x_wconf 74' lang='lat' dir='ltr'><strong>tribunisque,</strong></span> <span class='ocrx_word' id='word_1_232' title='bbox 1682 965 1757 993; x_wconf 84' lang='lat' dir='ltr'><strong>quos</strong></span> <span class='ocrx_word' id='word_1_233' title='bbox 1781 954 1842 984; x_wconf 75' lang='lat' dir='ltr'><strong>sibi</strong></span> <span class='ocrx_word' id='word_1_234' title='bbox 1860 954 1964 992; x_wconf 80' lang='lat' dir='ltr'><strong>plebes</strong></span> <span class='ocrx_word' id='word_1_235' title='bbox 1982 963 2035 982; x_wconf 86' lang='lat' dir='ltr'><strong>ro-</strong></span> 
     </span>
     <span class='ocr_line' id='line_1_18' title="bbox 150 999 1607 1048; baseline -0.006 -12"><span class='ocrx_word' id='word_1_236' title='bbox 150 1011 267 1048; x_wconf 79' lang='lat' dir='ltr'><strong>gassit,</strong></span> <span class='ocrx_word' id='word_1_237' title='bbox 287 1009 335 1035; x_wconf 72' lang='lat' dir='ltr'><strong>ias</strong></span> <span class='ocrx_word' id='word_1_238' title='bbox 355 1013 416 1034; x_wconf 82' lang='lat' dir='ltr'><strong>esto</strong></span> <span class='ocrx_word' id='word_1_239' title='bbox 436 1017 506 1034; x_wconf 73' lang='lat' dir='ltr'><strong>cum</strong></span> <span class='ocrx_word' id='word_1_240' title='bbox 522 1005 667 1043; x_wconf 73' lang='lat' dir='ltr'><strong>patribus</strong></span> <span class='ocrx_word' id='word_1_241' title='bbox 687 1003 822 1041; x_wconf 76' lang='lat' dir='ltr'><strong>agentli;</strong></span> <span class='ocrx_word' id='word_1_242' title='bbox 842 1004 925 1032; x_wconf 76' lang='lat' dir='ltr'><strong>idem</strong></span> <span class='ocrx_word' id='word_1_243' title='bbox 943 1003 988 1030; x_wconf 81' lang='lat' dir='ltr'><strong>acl</strong></span> <span class='ocrx_word' id='word_1_244' title='bbox 1002 1000 1137 1039; x_wconf 80' lang='lat' dir='ltr'><strong>plebem,</strong></span> <span class='ocrx_word' id='word_1_245' title='bbox 1158 999 1241 1038; x_wconf 82' lang='lat' dir='ltr'><strong>quod</strong></span> <span class='ocrx_word' id='word_1_246' title='bbox 1258 1009 1344 1028; x_wconf 74' lang='lat' dir='ltr'><strong>oeszts</strong></span> <span class='ocrx_word' id='word_1_247' title='bbox 1365 1002 1442 1035; x_wconf 86' lang='lat' dir='ltr'><strong>erit,</strong></span> <span class='ocrx_word' id='word_1_248' title='bbox 1461 1001 1607 1039; x_wconf 77' lang='lat' dir='ltr'><strong>firnnto,</strong></span> 
     </span>
    </p>

    <p class='ocr_par' dir='ltr' id='par_1_5' title="bbox 152 1046 2037 1330">
     <span class='ocr_line' id='line_1_19' title="bbox 226 1046 2036 1092; baseline -0.004 -9"><span class='ocrx_word' id='word_1_249' title='bbox 226 1055 406 1092; x_wconf 76' lang='lat' dir='ltr'><strong>Eodemque</strong></span> <span class='ocrx_word' id='word_1_250' title='bbox 425 1052 516 1081; x_wconf 87' lang='lat' dir='ltr'><strong>modo</strong></span> <span class='ocrx_word' id='word_1_251' title='bbox 538 1052 570 1080; x_wconf 84' lang='lat' dir='ltr'><strong>in</strong></span> <span class='ocrx_word' id='word_1_252' title='bbox 591 1050 732 1079; x_wconf 84' lang='lat' dir='ltr'><strong>omnibus</strong></span> <span class='ocrx_word' id='word_1_253' title='bbox 752 1055 896 1079; x_wconf 87' lang='lat' dir='ltr'><strong>ueterum</strong></span> <span class='ocrx_word' id='word_1_254' title='bbox 915 1050 1105 1088; x_wconf 86' lang='lat' dir='ltr'><strong>scriptorum</strong></span> <span class='ocrx_word' id='word_1_255' title='bbox 1124 1048 1213 1082; x_wconf 83' lang='lat' dir='ltr'><strong>locis,</strong></span> <span class='ocrx_word' id='word_1_256' title='bbox 1242 1046 1276 1074; x_wconf 90' lang='grc'><strong>111</strong></span> <span class='ocrx_word' id='word_1_257' title='bbox 1297 1047 1419 1084; x_wconf 87' lang='lat' dir='ltr'><strong>quibus,</strong></span> <span class='ocrx_word' id='word_1_258' title='bbox 1441 1048 1494 1086; x_wconf 86' lang='lat' dir='ltr'><strong>qui</strong></span> <span class='ocrx_word' id='word_1_259' title='bbox 1515 1059 1583 1077; x_wconf 88' lang='lat' dir='ltr'><strong>cum</strong></span> <span class='ocrx_word' id='word_1_260' title='bbox 1602 1049 1720 1088; x_wconf 87' lang='lat' dir='ltr'><strong>populo</strong></span> <span class='ocrx_word' id='word_1_261' title='bbox 1741 1049 1849 1087; x_wconf 78' lang='lat' dir='ltr'><strong>agendi</strong></span> <span class='ocrx_word' id='word_1_262' title='bbox 1869 1048 1918 1076; x_wconf 89' lang='lat' dir='ltr'><strong>ius</strong></span> <span class='ocrx_word' id='word_1_263' title='bbox 1937 1047 2036 1076; x_wconf 83' lang='lat' dir='ltr'><strong>habe-</strong></span> 
     </span>
     <span class='ocr_line' id='line_1_20' title="bbox 152 1094 2036 1139; baseline -0.004 -8"><span class='ocrx_word' id='word_1_264' title='bbox 152 1105 244 1139; x_wconf 85' lang='lat' dir='ltr'><strong>bant,</strong></span> <span class='ocrx_word' id='word_1_265' title='bbox 271 1105 556 1136; x_wconf 76' lang='lat' dir='ltr'><strong>conmemorantur,</strong></span> <span class='ocrx_word' id='word_1_266' title='bbox 591 1104 627 1128; x_wconf 91' lang='lat' dir='ltr'><strong>ut</strong></span> <span class='ocrx_word' id='word_1_267' title='bbox 654 1099 687 1127; x_wconf 88' lang='lat' dir='ltr'><strong>in</strong></span> <span class='ocrx_word' id='word_1_268' title='bbox 713 1102 836 1126; x_wconf 86' lang='lat' dir='ltr'><strong>senatus</strong></span> <span class='ocrx_word' id='word_1_269' title='bbox 863 1096 1031 1133; x_wconf 87' lang='lat' dir='ltr'><strong>consultis,</strong></span> <span class='ocrx_word' id='word_1_270' title='bbox 1063 1105 1230 1134; x_wconf 85' lang='lat' dir='ltr'><strong>numquam</strong></span> <span class='ocrx_word' id='word_1_271' title='bbox 1255 1104 1319 1122; x_wconf 90' lang='lat' dir='ltr'><strong>non</strong></span> <span class='ocrx_word' id='word_1_272' title='bbox 1346 1094 1461 1123; x_wconf 86' lang='lat' dir='ltr'><strong>aediles</strong></span> <span class='ocrx_word' id='word_1_273' title='bbox 1488 1096 1683 1125; x_wconf 83' lang='lat' dir='ltr'><strong>omittuntur.</strong></span> <span class='ocrx_word' id='word_1_274' title='bbox 1710 1096 1785 1124; x_wconf 88' lang='lat' dir='ltr'><strong>Liu.</strong></span> <span class='ocrx_word' id='word_1_275' title='bbox 1810 1095 1963 1131; x_wconf 82' lang='lat' dir='ltr'>XXVII,</span> <span class='ocrx_word' id='word_1_276' title='bbox 1991 1095 2036 1124; x_wconf 86' lang='lat'><strong>5.:</strong></span> 
     </span>
     <span class='ocr_line' id='line_1_21' title="bbox 153 1142 2036 1186; baseline -0.004 -7"><span class='ocrx_word' id='word_1_277' title='bbox 153 1152 202 1179; x_wconf 83' lang='lat' dir='ltr'><strong>M.</strong></span> <span class='ocrx_word' id='word_1_278' title='bbox 219 1151 387 1178; x_wconf 76' lang='lat' dir='ltr'><strong>Lucretius</strong></span> <span class='ocrx_word' id='word_1_279' title='bbox 407 1148 551 1176; x_wconf 79' lang='lat' dir='ltr'><strong>tribunus</strong></span> <span class='ocrx_word' id='word_1_280' title='bbox 567 1148 613 1186; x_wconf 78' lang='lat' dir='ltr'><strong>pl.</strong></span> <span class='ocrx_word' id='word_1_281' title='bbox 634 1157 704 1175; x_wconf 80' lang='lat' dir='ltr'><strong>cum</strong></span> <span class='ocrx_word' id='word_1_282' title='bbox 723 1146 760 1174; x_wconf 75' lang='lat' dir='ltr'><strong>cle</strong></span> <span class='ocrx_word' id='word_1_283' title='bbox 779 1152 817 1173; x_wconf 79' lang='lat' dir='ltr'><strong>ea</strong></span> <span class='ocrx_word' id='word_1_284' title='bbox 834 1155 866 1173; x_wconf 84' lang='lat' dir='ltr'><strong>re</strong></span> <span class='ocrx_word' id='word_1_285' title='bbox 886 1145 1074 1178; x_wconf 80' lang='lat' dir='ltr'><strong>consuleret,</strong></span> <span class='ocrx_word' id='word_1_286' title='bbox 1093 1145 1140 1172; x_wconf 79' lang='lat' dir='ltr'><strong>ita</strong></span> <span class='ocrx_word' id='word_1_287' title='bbox 1160 1144 1297 1171; x_wconf 79' lang='lat' dir='ltr'><strong>decreuit</strong></span> <span class='ocrx_word' id='word_1_288' title='bbox 1317 1148 1461 1175; x_wconf 80' lang='lat' dir='ltr'><strong>senatus,</strong></span> <span class='ocrx_word' id='word_1_289' title='bbox 1481 1150 1517 1171; x_wconf 73' lang='lat' dir='ltr'><strong>ut</strong></span> <span class='ocrx_word' id='word_1_290' title='bbox 1537 1145 1644 1172; x_wconf 81' lang='lat' dir='ltr'><strong>consul</strong></span> <span class='ocrx_word' id='word_1_291' title='bbox 1656 1146 1769 1181; x_wconf 80' lang='lat' dir='ltr'><strong>prius,</strong></span> <span class='ocrx_word' id='word_1_292' title='bbox 1789 1153 1882 1182; x_wconf 84' lang='lat' dir='ltr'><strong>quam</strong></span> <span class='ocrx_word' id='word_1_293' title='bbox 1901 1142 1939 1171; x_wconf 87' lang='lat' dir='ltr'><strong>ab</strong></span> <span class='ocrx_word' id='word_1_294' title='bbox 1959 1142 2036 1171; x_wconf 78' lang='lat' dir='ltr'><strong>urbe</strong></span> 
     </span>
     <span class='ocr_line' id='line_1_22' title="bbox 153 1191 2037 1233; baseline -0.005 -6"><span class='ocrx_word' id='word_1_295' title='bbox 153 1198 340 1233; x_wconf 68' lang='lat' dir='ltr'><strong>diseederet,</strong></span> <span class='ocrx_word' id='word_1_296' title='bbox 363 1197 516 1233; x_wconf 83' lang='lat' dir='ltr'><strong>populum</strong></span> <span class='ocrx_word' id='word_1_297' title='bbox 534 1201 679 1233; x_wconf 81' lang='lat' dir='ltr'><strong>rogaret,</strong></span> <span class='ocrx_word' id='word_1_298' title='bbox 710 1204 799 1232; x_wconf 86' lang='lat' dir='ltr'><strong>quem</strong></span> <span class='ocrx_word' id='word_1_299' title='bbox 819 1193 1001 1221; x_wconf 80' lang='lat' dir='ltr'><strong>dictatorem</strong></span> <span class='ocrx_word' id='word_1_300' title='bbox 1022 1191 1085 1219; x_wconf 73' lang='lat' dir='ltr'><strong>dici</strong></span> <span class='ocrx_word' id='word_1_301' title='bbox 1106 1191 1249 1228; x_wconf 79' lang='lat' dir='ltr'><strong>placeret</strong></span> <span class='ocrx_word' id='word_1_302' title='bbox 1257 1199 1270 1224; x_wconf 88' lang='lat'><em>;</em></span> <span class='ocrx_word' id='word_1_303' title='bbox 1306 1200 1452 1228; x_wconf 81' lang='lat' dir='ltr'><strong>eumque,</strong></span> <span class='ocrx_word' id='word_1_304' title='bbox 1480 1202 1568 1229; x_wconf 82' lang='lat' dir='ltr'><strong>quem</strong></span> <span class='ocrx_word' id='word_1_305' title='bbox 1583 1192 1719 1229; x_wconf 77' lang='lat' dir='ltr'><strong>populus</strong></span> <span class='ocrx_word' id='word_1_306' title='bbox 1737 1192 1895 1226; x_wconf 69' lang='lat' dir='ltr'><strong>iussisset,</strong></span> <span class='ocrx_word' id='word_1_307' title='bbox 1920 1191 2037 1219; x_wconf 72' lang='lat' dir='ltr'><strong>(liceret.</strong></span> 
     </span>
     <span class='ocr_line' id='line_1_23' title="bbox 153 1238 2037 1279; baseline -0.004 -6"><span class='ocrx_word' id='word_1_308' title='bbox 153 1246 344 1274; x_wconf 82' lang='lat' dir='ltr'><strong>dictatorem.</strong></span> <span class='ocrx_word' id='word_1_309' title='bbox 382 1242 416 1270; x_wconf 84' lang='lat' dir='ltr'><strong>Si</strong></span> <span class='ocrx_word' id='word_1_310' title='bbox 437 1243 545 1271; x_wconf 81' lang='lat' dir='ltr'><strong>consul</strong></span> <span class='ocrx_word' id='word_1_311' title='bbox 564 1243 729 1275; x_wconf 75' lang='lat' dir='ltr'><strong>noluisset,</strong></span> <span class='ocrx_word' id='word_1_312' title='bbox 750 1246 880 1279; x_wconf 81' lang='lat' dir='ltr'><strong>praetor</strong></span> <span class='ocrx_word' id='word_1_313' title='bbox 896 1239 1051 1277; x_wconf 81' lang='lat' dir='ltr'><strong>populum</strong></span> <span class='ocrx_word' id='word_1_314' title='bbox 1071 1243 1219 1276; x_wconf 79' lang='lat' dir='ltr'><strong>rogaret;</strong></span> <span class='ocrx_word' id='word_1_315' title='bbox 1249 1239 1277 1266; x_wconf 75' lang='lat' dir='ltr'><strong>si</strong></span> <span class='ocrx_word' id='word_1_316' title='bbox 1295 1248 1333 1266; x_wconf 78' lang='lat' dir='ltr'><strong>ne</strong></span> <span class='ocrx_word' id='word_1_317' title='bbox 1352 1239 1378 1265; x_wconf 81' lang='lat' dir='ltr'><strong>is</strong></span> <span class='ocrx_word' id='word_1_318' title='bbox 1399 1238 1523 1275; x_wconf 77' lang='lat' dir='ltr'><strong>quidem</strong></span> <span class='ocrx_word' id='word_1_319' title='bbox 1545 1240 1652 1275; x_wconf 83' lang='lat' dir='ltr'><strong>uellet,</strong></span> <span class='ocrx_word' id='word_1_320' title='bbox 1681 1244 1747 1266; x_wconf 84' lang='lat' dir='ltr'><strong>tum</strong></span> <span class='ocrx_word' id='word_1_321' title='bbox 1768 1238 1889 1277; x_wconf 68' lang='lat' dir='ltr'><strong>tribuni</strong></span> <span class='ocrx_word' id='word_1_322' title='bbox 1908 1238 1953 1266; x_wconf 84' lang='lat' dir='ltr'><strong>ad</strong></span> <span class='ocrx_word' id='word_1_323' title='bbox 1963 1238 2037 1275; x_wconf 80' lang='lat' dir='ltr'><strong>ple-</strong></span> 
     </span>
     <span class='ocr_line' id='line_1_24' title="bbox 153 1281 2035 1330; baseline -0.005 -9"><span class='ocrx_word' id='word_1_324' title='bbox 153 1293 219 1321; x_wconf 82' lang='lat' dir='ltr'><strong>bem</strong></span> <span class='ocrx_word' id='word_1_325' title='bbox 237 1291 374 1330; x_wconf 80' lang='lat' dir='ltr'><strong>ferrent.</strong></span> <span class='ocrx_word' id='word_1_326' title='bbox 412 1290 496 1318; x_wconf 74' lang='lat' dir='ltr'><strong>Uide</strong></span> <span class='ocrx_word' id='word_1_327' title='bbox 523 1290 616 1320; x_wconf 85' lang='lat' dir='ltr'><strong>etiam</strong></span> <span class='ocrx_word' id='word_1_328' title='bbox 643 1295 766 1320; x_wconf 88' lang='lat' dir='ltr'><strong>senatus</strong></span> <span class='ocrx_word' id='word_1_329' title='bbox 794 1288 985 1324; x_wconf 80' lang='lat' dir='ltr'><strong>consultum,</strong></span> <span class='ocrx_word' id='word_1_330' title='bbox 1014 1286 1098 1326; x_wconf 88' lang='lat' dir='ltr'><strong>quod</strong></span> <span class='ocrx_word' id='word_1_331' title='bbox 1123 1287 1168 1315; x_wconf 87' lang='lat' dir='ltr'><strong>M.</strong></span> <span class='ocrx_word' id='word_1_332' title='bbox 1189 1284 1314 1315; x_wconf 79' lang='lat' dir='ltr'><strong>Caelius</strong></span> <span class='ocrx_word' id='word_1_333' title='bbox 1341 1295 1411 1314; x_wconf 86' lang='lat' dir='ltr'><strong>cum</strong></span> <span class='ocrx_word' id='word_1_334' title='bbox 1431 1286 1584 1316; x_wconf 83' lang='lat' dir='ltr'><strong>Cicerone</strong></span> <span class='ocrx_word' id='word_1_335' title='bbox 1611 1285 1683 1326; x_wconf 83' lang='lat' dir='ltr'><strong>(Ep.</strong></span> <span class='ocrx_word' id='word_1_336' title='bbox 1710 1286 1757 1315; x_wconf 84' lang='lat' dir='ltr'><strong>ad.</strong></span> <span class='ocrx_word' id='word_1_337' title='bbox 1776 1286 1853 1314; x_wconf 83' lang='lat' dir='ltr'><strong>Diu.</strong></span> <span class='ocrx_word' id='word_1_338' title='bbox 1874 1284 1973 1321; x_wconf 89' lang='lat' dir='ltr'>VIII,</span> <span class='ocrx_word' id='word_1_339' title='bbox 1992 1281 2035 1323; x_wconf 69' lang='lat'><strong>82)</strong></span> 
     </span>
    </p>
   </div>
   <div class='ocr_carea' id='block_1_3' title="bbox 152 1338 2034 1421">
    <p class='ocr_par' dir='ltr' id='par_1_6' title="bbox 152 1338 2034 1421">
     <span class='ocr_line' id='line_1_25' title="bbox 152 1338 392 1368; baseline -0.008 0"><span class='ocrx_word' id='word_1_340' title='bbox 152 1338 392 1368; x_wconf 86' lang='lat' dir='ltr'><strong>conmunicauit.</strong></span> 
     </span>
     <span class='ocr_line' id='line_1_26' title="bbox 226 1380 2034 1421; baseline -0.003 -7"><span class='ocrx_word' id='word_1_341' title='bbox 226 1387 325 1414; x_wconf 82' lang='lat' dir='ltr'><strong>Porro</strong></span> <span class='ocrx_word' id='word_1_342' title='bbox 352 1395 416 1414; x_wconf 90' lang='grc'>11011</span> <span class='ocrx_word' id='word_1_343' title='bbox 441 1385 586 1416; x_wconf 83' lang='lat' dir='ltr'><strong>habuisse</strong></span> <span class='ocrx_word' id='word_1_344' title='bbox 613 1386 720 1415; x_wconf 87' lang='lat' dir='ltr'><strong>aedilis</strong></span> <span class='ocrx_word' id='word_1_345' title='bbox 740 1385 790 1413; x_wconf 88' lang='lat' dir='ltr'><strong>ius</strong></span> <span class='ocrx_word' id='word_1_346' title='bbox 812 1393 881 1412; x_wconf 88' lang='lat' dir='ltr'><strong>cum</strong></span> <span class='ocrx_word' id='word_1_347' title='bbox 901 1381 1019 1421; x_wconf 86' lang='lat' dir='ltr'><strong>populo</strong></span> <span class='ocrx_word' id='word_1_348' title='bbox 1042 1380 1170 1420; x_wconf 83' lang='lat' dir='ltr'><strong>agendi,</strong></span> <span class='ocrx_word' id='word_1_349' title='bbox 1196 1391 1236 1410; x_wconf 83' lang='lat' dir='ltr'><strong>ex</strong></span> <span class='ocrx_word' id='word_1_350' title='bbox 1255 1381 1302 1411; x_wconf 87' lang='lat' dir='ltr'><strong>M.</strong></span> <span class='ocrx_word' id='word_1_351' title='bbox 1320 1380 1474 1410; x_wconf 81' lang='lat' dir='ltr'><strong>Uarronis</strong></span> <span class='ocrx_word' id='word_1_352' title='bbox 1502 1380 1585 1409; x_wconf 89' lang='lat' dir='ltr'><strong>libro</strong></span> <span class='ocrx_word' id='word_1_353' title='bbox 1611 1391 1676 1410; x_wconf 87' lang='lat' dir='ltr'><strong>uno</strong></span> <span class='ocrx_word' id='word_1_354' title='bbox 1703 1385 1735 1410; x_wconf 77' lang='lat' dir='ltr'><strong>et</strong></span> <span class='ocrx_word' id='word_1_355' title='bbox 1759 1380 1909 1410; x_wconf 73' lang='lat' dir='ltr'><strong>uicesimo</strong></span> <span class='ocrx_word' id='word_1_356' title='bbox 1927 1389 2034 1410; x_wconf 81' lang='lat' dir='ltr'><strong>rerum</strong></span> 
     </span>
    </p>
   </div>
   <div class='ocr_carea' id='block_1_4' title="bbox 146 1429 2036 2513">
    <p class='ocr_par' dir='ltr' id='par_1_7' title="bbox 151 1429 1245 1470">
     <span class='ocr_line' id='line_1_27' title="bbox 151 1429 1245 1470; baseline -0.005 -8"><span class='ocrx_word' id='word_1_357' title='bbox 151 1435 353 1464; x_wconf 82' lang='lat' dir='ltr'><strong>humanarum</strong></span> <span class='ocrx_word' id='word_1_358' title='bbox 372 1433 411 1461; x_wconf 91' lang='lat' dir='ltr'><strong>A.</strong></span> <span class='ocrx_word' id='word_1_359' title='bbox 433 1434 555 1462; x_wconf 85' lang='lat' dir='ltr'><strong>Gellius</strong></span> <span class='ocrx_word' id='word_1_360' title='bbox 576 1433 698 1468; x_wconf 78' lang='lat' dir='ltr'><strong>docuit,</strong></span> <span class='ocrx_word' id='word_1_361' title='bbox 719 1432 771 1470; x_wconf 89' lang='lat' dir='ltr'><strong>qui</strong></span> <span class='ocrx_word' id='word_1_362' title='bbox 791 1431 832 1459; x_wconf 82' lang='lat' dir='ltr'><strong>N.</strong></span> <span class='ocrx_word' id='word_1_363' title='bbox 852 1430 892 1458; x_wconf 91' lang='lat' dir='ltr'><strong>A.</strong></span> <span class='ocrx_word' id='word_1_364' title='bbox 911 1429 1013 1465; x_wconf 83' lang='lat' dir='ltr'><strong>XIII,</strong></span> <span class='ocrx_word' id='word_1_365' title='bbox 1042 1431 1084 1458; x_wconf 84' lang='lat'><strong>13.</strong></span> <span class='ocrx_word' id='word_1_366' title='bbox 1105 1429 1245 1468; x_wconf 76' lang='lat' dir='ltr'><strong>scripsit=</strong></span> 
     </span>
    </p>

    <p class='ocr_par' dir='ltr' id='par_1_8' title="bbox 146 1474 2036 2132">
     <span class='ocr_line' id='line_1_28' title="bbox 227 1474 2036 1518; baseline -0.003 -8"><span class='ocrx_word' id='word_1_367' title='bbox 227 1482 304 1510; x_wconf 87' lang='lat' dir='ltr'><strong>Cum</strong></span> <span class='ocrx_word' id='word_1_368' title='bbox 330 1491 366 1509; x_wconf 80' lang='lat' dir='ltr'><strong>ex</strong></span> <span class='ocrx_word' id='word_1_369' title='bbox 394 1482 520 1518; x_wconf 78' lang='lat' dir='ltr'><strong>angulis</strong></span> <span class='ocrx_word' id='word_1_370' title='bbox 548 1483 731 1518; x_wconf 78' lang='lat' dir='ltr'><strong>secretisque</strong></span> <span class='ocrx_word' id='word_1_371' title='bbox 756 1478 906 1508; x_wconf 79' lang='lat' dir='ltr'><strong>librorum</strong></span> <span class='ocrx_word' id='word_1_372' title='bbox 932 1487 970 1504; x_wconf 81' lang='lat' dir='ltr'><strong>ac</strong></span> <span class='ocrx_word' id='word_1_373' title='bbox 997 1479 1222 1515; x_wconf 80' lang='lat' dir='ltr'><strong>magistrorum</strong></span> <span class='ocrx_word' id='word_1_374' title='bbox 1247 1479 1282 1505; x_wconf 79' lang='lat' dir='ltr'><strong>in</strong></span> <span class='ocrx_word' id='word_1_375' title='bbox 1308 1477 1445 1506; x_wconf 81' lang='lat' dir='ltr'><strong>medium</strong></span> <span class='ocrx_word' id='word_1_376' title='bbox 1470 1478 1534 1505; x_wconf 85' lang='lat' dir='ltr'><strong>iam</strong></span> <span class='ocrx_word' id='word_1_377' title='bbox 1559 1474 1721 1504; x_wconf 80' lang='lat' dir='ltr'><strong>hominnm</strong></span> <span class='ocrx_word' id='word_1_378' title='bbox 1745 1482 1775 1504; x_wconf 84' lang='lat' dir='ltr'><strong>et</strong></span> <span class='ocrx_word' id='word_1_379' title='bbox 1793 1477 1827 1505; x_wconf 84' lang='lat' dir='ltr'><strong>in</strong></span> <span class='ocrx_word' id='word_1_380' title='bbox 1853 1477 1952 1505; x_wconf 82' lang='lat' dir='ltr'><strong>lucem</strong></span> <span class='ocrx_word' id='word_1_381' title='bbox 1962 1475 2036 1514; x_wconf 80' lang='lat' dir='ltr'><strong>fori</strong></span> 
     </span>
     <span class='ocr_line' id='line_1_29' title="bbox 146 1522 2036 1569; baseline -0.004 -12"><span class='ocrx_word' id='word_1_382' title='bbox 146 1530 339 1569; x_wconf 67' lang='lat' dir='ltr'><strong>prodi-seem,</strong></span> <span class='ocrx_word' id='word_1_383' title='bbox 369 1530 544 1565; x_wconf 75' lang='lat' dir='ltr'><strong>quaesitum</strong></span> <span class='ocrx_word' id='word_1_384' title='bbox 564 1539 626 1556; x_wconf 81' lang='lat' dir='ltr'><strong>esse</strong></span> <span class='ocrx_word' id='word_1_385' title='bbox 645 1528 773 1556; x_wconf 80' lang='lat' dir='ltr'><strong>memini</strong></span> <span class='ocrx_word' id='word_1_386' title='bbox 792 1528 827 1554; x_wconf 79' lang='lat' dir='ltr'><strong>in</strong></span> <span class='ocrx_word' id='word_1_387' title='bbox 842 1526 1000 1562; x_wconf 74' lang='lat' dir='ltr'><strong>plerisque</strong></span> <span class='ocrx_word' id='word_1_388' title='bbox 1020 1526 1138 1553; x_wconf 80' lang='lat' dir='ltr'><strong>Romae</strong></span> <span class='ocrx_word' id='word_1_389' title='bbox 1157 1525 1345 1553; x_wconf 83' lang='lat' dir='ltr'><strong>stationibus</strong></span> <span class='ocrx_word' id='word_1_390' title='bbox 1363 1527 1413 1553; x_wconf 83' lang='lat' dir='ltr'><strong>ius</strong></span> <span class='ocrx_word' id='word_1_391' title='bbox 1429 1524 1555 1562; x_wconf 77' lang='lat' dir='ltr'><strong>publice</strong></span> <span class='ocrx_word' id='word_1_392' title='bbox 1575 1524 1749 1552; x_wconf 81' lang='lat' dir='ltr'><strong>docentium</strong></span> <span class='ocrx_word' id='word_1_393' title='bbox 1773 1530 1830 1552; x_wconf 82' lang='lat' dir='ltr'><strong>aut</strong></span> <span class='ocrx_word' id='word_1_394' title='bbox 1848 1522 2036 1561; x_wconf 59' lang='lat' dir='ltr'><strong>respondean</strong></span> 
     </span>
     <span class='ocr_line' id='line_1_30' title="bbox 152 1572 2035 1613; baseline -0.003 -9"><span class='ocrx_word' id='word_1_395' title='bbox 152 1579 249 1609; x_wconf 83' lang='lat' dir='ltr'><strong>tium,</strong></span> <span class='ocrx_word' id='word_1_396' title='bbox 269 1586 312 1604; x_wconf 84' lang='lat' dir='ltr'><strong>an</strong></span> <span class='ocrx_word' id='word_1_397' title='bbox 332 1581 475 1613; x_wconf 81' lang='lat' dir='ltr'><strong>quaestor</strong></span> <span class='ocrx_word' id='word_1_398' title='bbox 489 1576 601 1613; x_wconf 79' lang='lat' dir='ltr'><strong>populi</strong></span> <span class='ocrx_word' id='word_1_399' title='bbox 619 1576 656 1603; x_wconf 84' lang='lat' dir='ltr'><strong>R.</strong></span> <span class='ocrx_word' id='word_1_400' title='bbox 677 1574 721 1602; x_wconf 82' lang='lat' dir='ltr'><strong>ad</strong></span> <span class='ocrx_word' id='word_1_401' title='bbox 732 1579 911 1611; x_wconf 79' lang='lat' dir='ltr'><strong>praetorem</strong></span> <span class='ocrx_word' id='word_1_402' title='bbox 929 1573 965 1599; x_wconf 88' lang='lat' dir='ltr'><strong>in</strong></span> <span class='ocrx_word' id='word_1_403' title='bbox 984 1573 1033 1600; x_wconf 77' lang='lat' dir='ltr'><strong>ius</strong></span> <span class='ocrx_word' id='word_1_404' title='bbox 1053 1575 1162 1600; x_wconf 80' lang='lat' dir='ltr'><strong>uocari</strong></span> <span class='ocrx_word' id='word_1_405' title='bbox 1175 1579 1288 1610; x_wconf 82' lang='lat' dir='ltr'><strong>posset.</strong></span> <span class='ocrx_word' id='word_1_406' title='bbox 1326 1573 1368 1603; x_wconf 81' lang='lat' dir='ltr'><strong>Id</strong></span> <span class='ocrx_word' id='word_1_407' title='bbox 1387 1577 1491 1600; x_wconf 79' lang='lat' dir='ltr'><strong>autem</strong></span> <span class='ocrx_word' id='word_1_408' title='bbox 1511 1581 1572 1599; x_wconf 85' lang='lat' dir='ltr'><strong>non</strong></span> <span class='ocrx_word' id='word_1_409' title='bbox 1591 1581 1628 1599; x_wconf 77' lang='lat' dir='ltr'><strong>ex</strong></span> <span class='ocrx_word' id='word_1_410' title='bbox 1648 1572 1747 1599; x_wconf 83' lang='lat' dir='ltr'><strong>otiosa</strong></span> <span class='ocrx_word' id='word_1_411' title='bbox 1766 1573 1944 1610; x_wconf 81' lang='lat' dir='ltr'><strong>quaestione</strong></span> <span class='ocrx_word' id='word_1_412' title='bbox 1962 1572 2035 1609; x_wconf 81' lang='lat' dir='ltr'><strong>agi-</strong></span> 
     </span>
     <span class='ocr_line' id='line_1_31' title="bbox 152 1618 2035 1660; baseline -0.003 -9"><span class='ocrx_word' id='word_1_413' title='bbox 152 1624 298 1656; x_wconf 83' lang='lat' dir='ltr'><strong>tabatur,</strong></span> <span class='ocrx_word' id='word_1_414' title='bbox 317 1629 362 1650; x_wconf 83' lang='lat' dir='ltr'><strong>set</strong></span> <span class='ocrx_word' id='word_1_415' title='bbox 382 1633 457 1650; x_wconf 77' lang='lat' dir='ltr'><strong>usu-⁹</strong></span> <span class='ocrx_word' id='word_1_416' title='bbox 468 1623 558 1660; x_wconf 76' lang='lat' dir='ltr'><strong>forte</strong></span> <span class='ocrx_word' id='word_1_417' title='bbox 579 1629 674 1651; x_wconf 88' lang='lat' dir='ltr'><strong>natae</strong></span> <span class='ocrx_word' id='word_1_418' title='bbox 695 1624 741 1650; x_wconf 86' lang='lat' dir='ltr'><strong>rei</strong></span> <span class='ocrx_word' id='word_1_419' title='bbox 760 1622 807 1648; x_wconf 86' lang='lat' dir='ltr'><strong>ita</strong></span> <span class='ocrx_word' id='word_1_420' title='bbox 827 1625 894 1648; x_wconf 85' lang='lat' dir='ltr'><strong>erat</strong></span> <span class='ocrx_word' id='word_1_421' title='bbox 901 1640 911 1653; x_wconf 87' lang='lat'><em>‚</em></span> <span class='ocrx_word' id='word_1_422' title='bbox 940 1624 975 1647; x_wconf 86' lang='lat' dir='ltr'><strong>ut</strong></span> <span class='ocrx_word' id='word_1_423' title='bbox 994 1620 1155 1648; x_wconf 70' lang='lat' dir='ltr'><strong>novandus</strong></span> <span class='ocrx_word' id='word_1_424' title='bbox 1175 1626 1252 1648; x_wconf 86' lang='lat' dir='ltr'><strong>esset</strong></span> <span class='ocrx_word' id='word_1_425' title='bbox 1271 1622 1306 1648; x_wconf 84' lang='lat' dir='ltr'><strong>in</strong></span> <span class='ocrx_word' id='word_1_426' title='bbox 1325 1621 1376 1648; x_wconf 79' lang='lat' dir='ltr'><strong>ias</strong></span> <span class='ocrx_word' id='word_1_427' title='bbox 1396 1625 1549 1657; x_wconf 79' lang='lat' dir='ltr'><strong>quaestor.</strong></span> <span class='ocrx_word' id='word_1_428' title='bbox 1586 1618 1662 1646; x_wconf 70' lang='lat' dir='ltr'><strong>ZVon</strong></span> <span class='ocrx_word' id='word_1_429' title='bbox 1675 1621 1776 1656; x_wconf 74' lang='lat' dir='ltr'><strong>pauci</strong></span> <span class='ocrx_word' id='word_1_430' title='bbox 1795 1621 1897 1656; x_wconf 71' lang='lat' dir='ltr'><strong>igitur</strong></span> <span class='ocrx_word' id='word_1_431' title='bbox 1915 1619 2035 1647; x_wconf 77' lang='lat' dir='ltr'><strong>existu-</strong></span> 
     </span>
     <span class='ocr_line' id='line_1_32' title="bbox 151 1660 2034 1706; baseline -0.003 -8"><span class='ocrx_word' id='word_1_432' title='bbox 151 1670 301 1702; x_wconf 82' lang='lat' dir='ltr'><strong>mabant,</strong></span> <span class='ocrx_word' id='word_1_433' title='bbox 318 1671 368 1697; x_wconf 76' lang='grc' dir='ltr'><strong>ἰιιε</strong></span> <span class='ocrx_word' id='word_1_434' title='bbox 387 1672 559 1698; x_wconf 79' lang='lat' dir='ltr'><strong>uocationis</strong></span> <span class='ocrx_word' id='word_1_435' title='bbox 578 1672 613 1698; x_wconf 87' lang='lat' dir='ltr'><strong>in</strong></span> <span class='ocrx_word' id='word_1_436' title='bbox 633 1680 701 1698; x_wconf 89' lang='lat' dir='ltr'><strong>eum</strong></span> <span class='ocrx_word' id='word_1_437' title='bbox 716 1668 861 1706; x_wconf 82' lang='lat' dir='ltr'><strong>praetori</strong></span> <span class='ocrx_word' id='word_1_438' title='bbox 877 1677 939 1695; x_wconf 83' lang='lat' dir='ltr'><strong>non</strong></span> <span class='ocrx_word' id='word_1_439' title='bbox 966 1677 1044 1698; x_wconf 81' lang='lat' dir='ltr'><strong>esse,</strong></span> <span class='ocrx_word' id='word_1_440' title='bbox 1072 1670 1220 1706; x_wconf 80' lang='lat' dir='ltr'><strong>quoniam</strong></span> <span class='ocrx_word' id='word_1_441' title='bbox 1238 1669 1445 1704; x_wconf 77' lang='lat' dir='ltr'><strong>magistratus</strong></span> <span class='ocrx_word' id='word_1_442' title='bbox 1460 1667 1575 1704; x_wconf 79' lang='lat' dir='ltr'><strong>populi</strong></span> <span class='ocrx_word' id='word_1_443' title='bbox 1593 1667 1629 1693; x_wconf 78' lang='lat' dir='ltr'><strong>R.</strong></span> <span class='ocrx_word' id='word_1_444' title='bbox 1644 1660 1869 1703; x_wconf 62' lang='lat' dir='ltr'><strong>procusdubio</strong></span> <span class='ocrx_word' id='word_1_445' title='bbox 1890 1671 1983 1702; x_wconf 83' lang='lat' dir='ltr'><strong>esset,</strong></span> <span class='ocrx_word' id='word_1_446' title='bbox 2004 1670 2034 1693; x_wconf 68' lang='lat' dir='ltr'><strong>et</strong></span> 
     </span>
     <span class='ocr_line' id='line_1_33' title="bbox 153 1713 2035 1755; baseline -0.002 -11"><span class='ocrx_word' id='word_1_447' title='bbox 153 1727 249 1755; x_wconf 80' lang='lat' dir='ltr'><strong>neque</strong></span> <span class='ocrx_word' id='word_1_448' title='bbox 269 1718 394 1751; x_wconf 77' lang='lat' dir='ltr'><strong>uocari,</strong></span> <span class='ocrx_word' id='word_1_449' title='bbox 423 1728 536 1755; x_wconf 81' lang='lat' dir='ltr'><strong>neque,</strong></span> <span class='ocrx_word' id='word_1_450' title='bbox 561 1719 589 1746; x_wconf 73' lang='lat' dir='ltr'><strong>si</strong></span> <span class='ocrx_word' id='word_1_451' title='bbox 608 1718 715 1744; x_wconf 79' lang='lat' dir='ltr'><strong>uenire</strong></span> <span class='ocrx_word' id='word_1_452' title='bbox 734 1716 846 1747; x_wconf 78' lang='lat' dir='ltr'><strong>nollet,</strong></span> <span class='ocrx_word' id='word_1_453' title='bbox 876 1716 949 1751; x_wconf 77' lang='lat' dir='ltr'><strong>capi</strong></span> <span class='ocrx_word' id='word_1_454' title='bbox 968 1721 1024 1742; x_wconf 83' lang='lat' dir='ltr'><strong>aut</strong></span> <span class='ocrx_word' id='word_1_455' title='bbox 1039 1715 1173 1752; x_wconf 73' lang='lat' dir='ltr'><strong>prendi,</strong></span> <span class='ocrx_word' id='word_1_456' title='bbox 1199 1716 1291 1743; x_wconf 79' lang='lat' dir='ltr'><strong>salua</strong></span> <span class='ocrx_word' id='word_1_457' title='bbox 1311 1716 1410 1751; x_wconf 79' lang='lat' dir='ltr'><strong>ipsius</strong></span> <span class='ocrx_word' id='word_1_458' title='bbox 1430 1715 1635 1751; x_wconf 82' lang='lat' dir='ltr'><strong>magistratus</strong></span> <span class='ocrx_word' id='word_1_459' title='bbox 1653 1714 1814 1741; x_wconf 77' lang='lat' dir='ltr'><strong>maiestate</strong></span> <span class='ocrx_word' id='word_1_460' title='bbox 1830 1718 1942 1749; x_wconf 77' lang='lat' dir='ltr'><strong>posset.</strong></span> <span class='ocrx_word' id='word_1_461' title='bbox 1979 1713 2035 1741; x_wconf 77' lang='lat' dir='ltr'><strong>Set</strong></span> 
     </span>
     <span class='ocr_line' id='line_1_34' title="bbox 153 1760 2035 1802; baseline -0.001 -11"><span class='ocrx_word' id='word_1_462' title='bbox 153 1774 216 1801; x_wconf 74' lang='lat' dir='ltr'><strong>ego,</strong></span> <span class='ocrx_word' id='word_1_463' title='bbox 236 1765 291 1802; x_wconf 86' lang='lat' dir='ltr'><strong>qui</strong></span> <span class='ocrx_word' id='word_1_464' title='bbox 309 1769 376 1791; x_wconf 83' lang='lat' dir='ltr'><strong>tum</strong></span> <span class='ocrx_word' id='word_1_465' title='bbox 397 1764 549 1793; x_wconf 78' lang='lat' dir='ltr'><strong>adsiduus</strong></span> <span class='ocrx_word' id='word_1_466' title='bbox 575 1766 611 1792; x_wconf 83' lang='lat' dir='ltr'><strong>in</strong></span> <span class='ocrx_word' id='word_1_467' title='bbox 631 1763 722 1792; x_wconf 81' lang='lat' dir='ltr'><strong>tibris</strong></span> <span class='ocrx_word' id='word_1_468' title='bbox 740 1763 790 1791; x_wconf 71' lang='grc' dir='ltr'><strong>ῘΙῙ.</strong></span> <span class='ocrx_word' id='word_1_469' title='bbox 817 1763 970 1791; x_wconf 82' lang='lat' dir='ltr'><strong>Uarronis</strong></span> <span class='ocrx_word' id='word_1_470' title='bbox 989 1762 1058 1800; x_wconf 78' lang='lat' dir='ltr'><strong>fui,</strong></span> <span class='ocrx_word' id='word_1_471' title='bbox 1079 1773 1149 1790; x_wconf 81' lang='lat' dir='ltr'><strong>cum</strong></span> <span class='ocrx_word' id='word_1_472' title='bbox 1167 1762 1226 1790; x_wconf 77' lang='lat' dir='ltr'><strong>hoc·</strong></span> <span class='ocrx_word' id='word_1_473' title='bbox 1245 1763 1356 1800; x_wconf 82' lang='lat' dir='ltr'><strong>quaeri</strong></span> <span class='ocrx_word' id='word_1_474' title='bbox 1374 1760 1573 1798; x_wconf 77' lang='lat' dir='ltr'><strong>dubitarique</strong></span> <span class='ocrx_word' id='word_1_475' title='bbox 1592 1760 1889 1795; x_wconf 78' lang='lat' dir='ltr'><strong>animaduertissem,</strong></span> <span class='ocrx_word' id='word_1_476' title='bbox 1910 1763 2035 1799; x_wconf 80' lang='lat' dir='ltr'><strong>protuli</strong></span> 
     </span>
     <span class='ocr_line' id='line_1_35' title="bbox 153 1808 2034 1847; baseline 0 -9"><span class='ocrx_word' id='word_1_477' title='bbox 153 1821 249 1839; x_wconf 80' lang='lat' dir='ltr'><strong>unum</strong></span> <span class='ocrx_word' id='word_1_478' title='bbox 269 1817 298 1839; x_wconf 87' lang='lat' dir='ltr'><strong>et</strong></span> <span class='ocrx_word' id='word_1_479' title='bbox 317 1813 498 1839; x_wconf 77' lang='lat' dir='ltr'><strong>uicesimum</strong></span> <span class='ocrx_word' id='word_1_480' title='bbox 517 1821 620 1839; x_wconf 77' lang='lat' dir='ltr'><strong>rerum</strong></span> <span class='ocrx_word' id='word_1_481' title='bbox 640 1810 868 1844; x_wconf 72' lang='lat' dir='ltr'><strong>humanarum,</strong></span> <span class='ocrx_word' id='word_1_482' title='bbox 894 1811 930 1839; x_wconf 82' lang='lat' dir='ltr'><strong>in</strong></span> <span class='ocrx_word' id='word_1_483' title='bbox 949 1820 1007 1847; x_wconf 78' lang='lat' dir='ltr'><strong>quo</strong></span> <span class='ocrx_word' id='word_1_484' title='bbox 1028 1811 1075 1837; x_wconf 82' lang='lat' dir='ltr'><strong>ita</strong></span> <span class='ocrx_word' id='word_1_485' title='bbox 1101 1811 1253 1846; x_wconf 80' lang='lat' dir='ltr'><strong>scriptum</strong></span> <span class='ocrx_word' id='word_1_486' title='bbox 1270 1808 1361 1846; x_wconf 73' lang='lat' dir='ltr'><strong>ficit.-</strong></span> <span class='ocrx_word' id='word_1_487' title='bbox 1393 1808 1473 1845; x_wconf 78' lang='lat' dir='ltr'><strong>Qui</strong></span> <span class='ocrx_word' id='word_1_488' title='bbox 1491 1812 1741 1845; x_wconf 74' lang='lat' dir='ltr'><strong>potestatem</strong></span> <span class='ocrx_word' id='word_1_489' title='bbox 1765 1817 1890 1846; x_wconf 77' lang='lat' dir='ltr'><strong>neque</strong></span> <span class='ocrx_word' id='word_1_490' title='bbox 1915 1819 2034 1838; x_wconf 80' lang='lat' dir='ltr'><strong>uoca-</strong></span> 
     </span>
     <span class='ocr_line' id='line_1_36' title="bbox 154 1850 2033 1895; baseline -0.001 -9"><span class='ocrx_word' id='word_1_491' title='bbox 154 1859 285 1886; x_wconf 83' lang='lat' dir='ltr'><strong>tionis</strong></span> <span class='ocrx_word' id='word_1_492' title='bbox 307 1850 452 1895; x_wconf 65' lang='grc' dir='ltr'><em>ροριιίἰ</em></span> <span class='ocrx_word' id='word_1_493' title='bbox 471 1858 636 1886; x_wconf 78' lang='lat' dir='ltr'><strong>uiritim</strong></span> <span class='ocrx_word' id='word_1_494' title='bbox 660 1857 811 1885; x_wconf 78' lang='lat' dir='ltr'><strong>habent</strong></span> <span class='ocrx_word' id='word_1_495' title='bbox 837 1868 963 1895; x_wconf 81' lang='lat' dir='ltr'><strong>neque</strong></span> <span class='ocrx_word' id='word_1_496' title='bbox 991 1858 1240 1894; x_wconf 75' lang='lat' dir='ltr'><strong>prensionis,</strong></span> <span class='ocrx_word' id='word_1_497' title='bbox 1268 1866 1330 1885; x_wconf 85' lang='lat' dir='ltr'><strong>eos</strong></span> <span class='ocrx_word' id='word_1_498' title='bbox 1354 1858 1632 1894; x_wconf 78' lang='lat' dir='ltr'><strong>magistratus</strong></span> <span class='ocrx_word' id='word_1_499' title='bbox 1659 1863 1679 1882; x_wconf 83' lang='lat' dir='ltr'><em>a</em></span> <span class='ocrx_word' id='word_1_500' title='bbox 1698 1855 1873 1891; x_wconf 81' lang='lat' dir='ltr'><strong>priuato</strong></span> <span class='ocrx_word' id='word_1_501' title='bbox 1901 1858 1943 1885; x_wconf 84' lang='lat' dir='ltr'><strong>in</strong></span> <span class='ocrx_word' id='word_1_502' title='bbox 1969 1858 2033 1885; x_wconf 71' lang='lat' dir='ltr'><strong>ius</strong></span> 
     </span>
     <span class='ocr_line' id='line_1_37' title="bbox 153 1903 2033 1943; baseline 0.001 -11"><span class='ocrx_word' id='word_1_503' title='bbox 153 1915 310 1943; x_wconf 75' lang='lat' dir='ltr'><strong>quoque</strong></span> <span class='ocrx_word' id='word_1_504' title='bbox 336 1907 484 1933; x_wconf 77' lang='lat' dir='ltr'><strong>uocari</strong></span> <span class='ocrx_word' id='word_1_505' title='bbox 510 1911 567 1933; x_wconf 83' lang='lat' dir='ltr'><strong>est</strong></span> <span class='ocrx_word' id='word_1_506' title='bbox 588 1911 784 1943; x_wconf 80' lang='lat' dir='ltr'><strong>potestas.</strong></span> <span class='ocrx_word' id='word_1_507' title='bbox 822 1904 871 1932; x_wconf 84' lang='lat' dir='ltr'><strong>M.</strong></span> <span class='ocrx_word' id='word_1_508' title='bbox 897 1906 1110 1933; x_wconf 79' lang='lat' dir='ltr'><strong>Laeuinus</strong></span> <span class='ocrx_word' id='word_1_509' title='bbox 1136 1904 1288 1932; x_wconf 76' lang='lat' dir='ltr'><strong>aeditis</strong></span> <span class='ocrx_word' id='word_1_510' title='bbox 1311 1906 1470 1933; x_wconf 71' lang='lat' dir='ltr'><strong>curulis</strong></span> <span class='ocrx_word' id='word_1_511' title='bbox 1496 1915 1516 1933; x_wconf 91' lang='lat' dir='ltr'><strong>a</strong></span> <span class='ocrx_word' id='word_1_512' title='bbox 1538 1905 1710 1941; x_wconf 82' lang='lat' dir='ltr'><strong>priuato</strong></span> <span class='ocrx_word' id='word_1_513' title='bbox 1730 1903 1783 1930; x_wconf 80' lang='lat' dir='ltr'><strong>ad</strong></span> <span class='ocrx_word' id='word_1_514' title='bbox 1803 1909 2033 1940; x_wconf 79' lang='lat' dir='ltr'><strong>praetorem</strong></span> 
     </span>
     <span class='ocr_line' id='line_1_38' title="bbox 153 1950 2034 1990; baseline -0.001 -10"><span class='ocrx_word' id='word_1_515' title='bbox 153 1954 195 1981; x_wconf 77' lang='lat' dir='ltr'><strong>in</strong></span> <span class='ocrx_word' id='word_1_516' title='bbox 215 1953 280 1980; x_wconf 75' lang='lat' dir='ltr'><strong>ius</strong></span> <span class='ocrx_word' id='word_1_517' title='bbox 299 1957 359 1980; x_wconf 81' lang='lat' dir='ltr'><strong>est</strong></span> <span class='ocrx_word' id='word_1_518' title='bbox 378 1952 555 1980; x_wconf 71' lang='lat' dir='ltr'><strong>eductas.</strong></span> <span class='ocrx_word' id='word_1_519' title='bbox 593 1953 712 1981; x_wconf 74' lang='lat' dir='ltr'><em>Nunc</em></span> <span class='ocrx_word' id='word_1_520' title='bbox 737 1953 893 1990; x_wconf 76' lang='lat' dir='ltr'><strong>stipati</strong></span> <span class='ocrx_word' id='word_1_521' title='bbox 917 1954 1054 1981; x_wconf 79' lang='lat' dir='ltr'><strong>seruis</strong></span> <span class='ocrx_word' id='word_1_522' title='bbox 1069 1951 1248 1989; x_wconf 84' lang='lat' dir='ltr'><strong>publicis</strong></span> <span class='ocrx_word' id='word_1_523' title='bbox 1267 1961 1340 1979; x_wconf 83' lang='lat' dir='ltr'><strong>non</strong></span> <span class='ocrx_word' id='word_1_524' title='bbox 1362 1953 1472 1980; x_wconf 83' lang='lat' dir='ltr'><strong>modo</strong></span> <span class='ocrx_word' id='word_1_525' title='bbox 1487 1950 1638 1990; x_wconf 82' lang='lat' dir='ltr'><strong>prendi</strong></span> <span class='ocrx_word' id='word_1_526' title='bbox 1658 1959 1734 1977; x_wconf 85' lang='lat' dir='ltr'><strong>non</strong></span> <span class='ocrx_word' id='word_1_527' title='bbox 1753 1957 1947 1987; x_wconf 81' lang='lat' dir='ltr'><strong>possunt,</strong></span> <span class='ocrx_word' id='word_1_528' title='bbox 1973 1957 2034 1979; x_wconf 73' lang='lat' dir='ltr'><strong>see</strong></span> 
     </span>
     <span class='ocr_line' id='line_1_39' title="bbox 153 1996 2033 2037; baseline -0.001 -9"><span class='ocrx_word' id='word_1_529' title='bbox 153 2001 277 2028; x_wconf 85' lang='lat' dir='ltr'><strong>etiam</strong></span> <span class='ocrx_word' id='word_1_530' title='bbox 302 2000 414 2028; x_wconf 82' lang='lat' dir='ltr'><strong>ultro</strong></span> <span class='ocrx_word' id='word_1_531' title='bbox 441 1999 673 2028; x_wconf 71' lang='lat' dir='ltr'><strong>submonent</strong></span> <span class='ocrx_word' id='word_1_532' title='bbox 693 2002 899 2037; x_wconf 76' lang='lat' dir='ltr'><strong>populum.</strong></span> <span class='ocrx_word' id='word_1_533' title='bbox 936 2001 1008 2028; x_wconf 79' lang='lat' dir='ltr'><strong>Hoc</strong></span> <span class='ocrx_word' id='word_1_534' title='bbox 1035 2000 1135 2027; x_wconf 71' lang='lat' dir='ltr'><strong>Uarro</strong></span> <span class='ocrx_word' id='word_1_535' title='bbox 1163 2000 1197 2027; x_wconf 82' lang='lat' dir='ltr'><strong>in</strong></span> <span class='ocrx_word' id='word_1_536' title='bbox 1225 2008 1262 2027; x_wconf 85' lang='lat' dir='ltr'><strong>ea</strong></span> <span class='ocrx_word' id='word_1_537' title='bbox 1282 1998 1357 2026; x_wconf 70' lang='lat' dir='ltr'><strong>libri</strong></span> <span class='ocrx_word' id='word_1_538' title='bbox 1376 2005 1472 2036; x_wconf 81' lang='lat' dir='ltr'><strong>parte</strong></span> <span class='ocrx_word' id='word_1_539' title='bbox 1498 2000 1534 2027; x_wconf 82' lang='lat' dir='ltr'><strong>de</strong></span> <span class='ocrx_word' id='word_1_540' title='bbox 1553 1996 1728 2030; x_wconf 82' lang='lat' dir='ltr'><strong>aedilibas;</strong></span> <span class='ocrx_word' id='word_1_541' title='bbox 1755 2007 1853 2035; x_wconf 74' lang='lat' dir='ltr'><strong>supra</strong></span> <span class='ocrx_word' id='word_1_542' title='bbox 1872 2004 1978 2027; x_wconf 81' lang='lat' dir='ltr'><strong>autem</strong></span> <span class='ocrx_word' id='word_1_543' title='bbox 1997 1999 2033 2026; x_wconf 83' lang='lat' dir='ltr'><strong>in</strong></span> 
     </span>
     <span class='ocr_line' id='line_1_40' title="bbox 153 2045 2033 2085; baseline 0.001 -12"><span class='ocrx_word' id='word_1_544' title='bbox 153 2047 255 2074; x_wconf 78' lang='lat' dir='ltr'><strong>eodem</strong></span> <span class='ocrx_word' id='word_1_545' title='bbox 274 2046 351 2074; x_wconf 79' lang='lat' dir='ltr'><strong>libro</strong></span> <span class='ocrx_word' id='word_1_546' title='bbox 371 2052 546 2084; x_wconf 78' lang='lat' dir='ltr'><strong>quaestores</strong></span> <span class='ocrx_word' id='word_1_547' title='bbox 564 2058 661 2085; x_wconf 74' lang='lat' dir='ltr'><strong>neque</strong></span> <span class='ocrx_word' id='word_1_548' title='bbox 681 2050 873 2075; x_wconf 80' lang='lat' dir='ltr'><strong>uocationem</strong></span> <span class='ocrx_word' id='word_1_549' title='bbox 891 2047 1004 2075; x_wconf 77' lang='lat' dir='ltr'><strong>habere</strong></span> <span class='ocrx_word' id='word_1_550' title='bbox 1024 2057 1120 2084; x_wconf 79' lang='lat' dir='ltr'><strong>neque</strong></span> <span class='ocrx_word' id='word_1_551' title='bbox 1136 2047 1333 2083; x_wconf 75' lang='lat' dir='ltr'><strong>prensionem</strong></span> <span class='ocrx_word' id='word_1_552' title='bbox 1352 2046 1438 2075; x_wconf 79' lang='lat' dir='ltr'><strong>dic-it.</strong></span> <span class='ocrx_word' id='word_1_553' title='bbox 1473 2047 1612 2083; x_wconf 84' lang='lat' dir='ltr'><strong>Utraque</strong></span> <span class='ocrx_word' id='word_1_554' title='bbox 1632 2046 1733 2082; x_wconf 73' lang='lat' dir='ltr'><strong>igitar</strong></span> <span class='ocrx_word' id='word_1_555' title='bbox 1750 2045 1825 2073; x_wconf 82' lang='lat' dir='ltr'><strong>libri</strong></span> <span class='ocrx_word' id='word_1_556' title='bbox 1839 2050 1932 2082; x_wconf 77' lang='lat' dir='ltr'><strong>parte</strong></span> <span class='ocrx_word' id='word_1_557' title='bbox 1950 2046 2033 2074; x_wconf 68' lang='lat' dir='ltr'><strong>reet-</strong></span> 
     </span>
     <span class='ocr_line' id='line_1_41' title="bbox 153 2093 1854 2132; baseline 0 -10"><span class='ocrx_word' id='word_1_558' title='bbox 153 2101 223 2122; x_wconf 76' lang='lat' dir='ltr'><strong>tam</strong></span> <span class='ocrx_word' id='word_1_559' title='bbox 241 2095 276 2122; x_wconf 88' lang='lat' dir='ltr'><strong>in</strong></span> <span class='ocrx_word' id='word_1_560' title='bbox 301 2094 452 2121; x_wconf 72' lang='lat' dir='ltr'><strong>Uarronis</strong></span> <span class='ocrx_word' id='word_1_561' title='bbox 474 2103 576 2122; x_wconf 77' lang='lat' dir='ltr'><strong>omne-s</strong></span> <span class='ocrx_word' id='word_1_562' title='bbox 594 2096 780 2122; x_wconf 79' lang='lat' dir='ltr'><strong>sententiam</strong></span> <span class='ocrx_word' id='word_1_563' title='bbox 800 2100 1013 2123; x_wconf 77' lang='lat' dir='ltr'><strong>concesserunt</strong></span> <span class='ocrx_word' id='word_1_564' title='bbox 1022 2105 1035 2128; x_wconf 75' lang='lat'><strong>‚⁸</strong></span> <span class='ocrx_word' id='word_1_565' title='bbox 1054 2100 1257 2132; x_wconf 78' lang='lat' dir='ltr'><strong>quaestorque</strong></span> <span class='ocrx_word' id='word_1_566' title='bbox 1276 2094 1310 2121; x_wconf 85' lang='lat' dir='ltr'><strong>in</strong></span> <span class='ocrx_word' id='word_1_567' title='bbox 1329 2095 1380 2121; x_wconf 83' lang='lat' dir='ltr'><strong>ius</strong></span> <span class='ocrx_word' id='word_1_568' title='bbox 1398 2093 1444 2121; x_wconf 84' lang='lat' dir='ltr'><strong>ad</strong></span> <span class='ocrx_word' id='word_1_569' title='bbox 1454 2099 1631 2131; x_wconf 80' lang='lat' dir='ltr'><strong>praetorem</strong></span> <span class='ocrx_word' id='word_1_570' title='bbox 1653 2099 1783 2121; x_wconf 77' lang='lat' dir='ltr'><strong>uocatus</strong></span> <span class='ocrx_word' id='word_1_571' title='bbox 1801 2098 1854 2122; x_wconf 85' lang='lat' dir='ltr'><strong>est.</strong></span> 
     </span>
    </p>

    <p class='ocr_par' dir='ltr' id='par_1_9' title="bbox 151 2139 2031 2274">
     <span class='ocr_line' id='line_1_42' title="bbox 227 2139 2031 2180; baseline 0.001 -12"><span class='ocrx_word' id='word_1_572' title='bbox 227 2141 281 2169; x_wconf 90' lang='lat' dir='ltr'><strong>Set</strong></span> <span class='ocrx_word' id='word_1_573' title='bbox 301 2140 376 2178; x_wconf 82' lang='lat' dir='ltr'><strong>quid</strong></span> <span class='ocrx_word' id='word_1_574' title='bbox 395 2150 473 2179; x_wconf 89' lang='lat' dir='ltr'><strong>opus</strong></span> <span class='ocrx_word' id='word_1_575' title='bbox 494 2146 554 2176; x_wconf 81' lang='lat' dir='ltr'><strong>est,</strong></span> <span class='ocrx_word' id='word_1_576' title='bbox 583 2141 615 2168; x_wconf 87' lang='lat' dir='ltr'><strong>id</strong></span> <span class='ocrx_word' id='word_1_577' title='bbox 636 2141 704 2169; x_wconf 83' lang='lat' dir='ltr'><strong>fuse</strong></span> <span class='ocrx_word' id='word_1_578' title='bbox 725 2141 935 2180; x_wconf 85' lang='lat' dir='ltr'><strong>conprobare,</strong></span> <span class='ocrx_word' id='word_1_579' title='bbox 971 2141 1054 2179; x_wconf 88' lang='lat' dir='ltr'><strong>quod</strong></span> <span class='ocrx_word' id='word_1_580' title='bbox 1073 2140 1097 2168; x_wconf 89' lang='lat' dir='ltr'><strong>ii</strong></span> <span class='ocrx_word' id='word_1_581' title='bbox 1118 2140 1180 2179; x_wconf 88' lang='lat' dir='ltr'><strong>ipsi</strong></span> <span class='ocrx_word' id='word_1_582' title='bbox 1201 2140 1356 2177; x_wconf 78' lang='lat' dir='ltr'><strong>cognitum</strong></span> <span class='ocrx_word' id='word_1_583' title='bbox 1377 2140 1509 2175; x_wconf 82' lang='lat' dir='ltr'><strong>habent,</strong></span> <span class='ocrx_word' id='word_1_584' title='bbox 1537 2139 1589 2178; x_wconf 86' lang='lat' dir='ltr'><strong>qui</strong></span> <span class='ocrx_word' id='word_1_585' title='bbox 1610 2140 1718 2169; x_wconf 86' lang='lat' dir='ltr'><strong>aedilis</strong></span> <span class='ocrx_word' id='word_1_586' title='bbox 1737 2140 1877 2179; x_wconf 82' lang='lat' dir='ltr'><strong>potuisse</strong></span> <span class='ocrx_word' id='word_1_587' title='bbox 1895 2139 2031 2170; x_wconf 75' lang='lat' dir='ltr'><strong>comitiis</strong></span> 
     </span>
     <span class='ocr_line' id='line_1_43' title="bbox 152 2187 2028 2226; baseline -0.001 -9"><span class='ocrx_word' id='word_1_588' title='bbox 152 2188 303 2217; x_wconf 79' lang='lat' dir='ltr'><strong>aediliciis</strong></span> <span class='ocrx_word' id='word_1_589' title='bbox 323 2197 466 2226; x_wconf 87' lang='lat' dir='ltr'><strong>praeesse</strong></span> <span class='ocrx_word' id='word_1_590' title='bbox 493 2188 702 2225; x_wconf 79' lang='lat' dir='ltr'><strong>arbitrantur,</strong></span> <span class='ocrx_word' id='word_1_591' title='bbox 738 2200 802 2218; x_wconf 87' lang='lat' dir='ltr'><strong>non</strong></span> <span class='ocrx_word' id='word_1_592' title='bbox 829 2189 1062 2226; x_wconf 81' lang='lat' dir='ltr'><strong>intellegentes,</strong></span> <span class='ocrx_word' id='word_1_593' title='bbox 1096 2187 1180 2226; x_wconf 88' lang='lat' dir='ltr'><strong>quod</strong></span> <span class='ocrx_word' id='word_1_594' title='bbox 1205 2187 1367 2216; x_wconf 84' lang='lat' dir='ltr'><strong>intellectu</strong></span> <span class='ocrx_word' id='word_1_595' title='bbox 1393 2188 1633 2223; x_wconf 84' lang='lat' dir='ltr'><strong>facillumumst,</strong></span> <span class='ocrx_word' id='word_1_596' title='bbox 1667 2188 1720 2226; x_wconf 83' lang='lat' dir='ltr'><strong>qui</strong></span> <span class='ocrx_word' id='word_1_597' title='bbox 1746 2188 1794 2216; x_wconf 88' lang='lat' dir='ltr'><strong>ius</strong></span> <span class='ocrx_word' id='word_1_598' title='bbox 1817 2199 1886 2217; x_wconf 87' lang='lat' dir='ltr'><strong>cum</strong></span> <span class='ocrx_word' id='word_1_599' title='bbox 1909 2187 2028 2226; x_wconf 77' lang='lat' dir='ltr'><strong>populo</strong></span> 
     </span>
     <span class='ocr_line' id='line_1_44' title="bbox 151 2234 1974 2274; baseline 0 -11"><span class='ocrx_word' id='word_1_600' title='bbox 151 2235 261 2273; x_wconf 83' lang='lat' dir='ltr'><strong>agendi</strong></span> <span class='ocrx_word' id='word_1_601' title='bbox 279 2245 343 2263; x_wconf 88' lang='grc'>11011</span> <span class='ocrx_word' id='word_1_602' title='bbox 363 2234 540 2271; x_wconf 86' lang='lat' dir='ltr'><strong>habuerint,</strong></span> <span class='ocrx_word' id='word_1_603' title='bbox 559 2246 610 2264; x_wconf 86' lang='lat' dir='ltr'><strong>eos</strong></span> <span class='ocrx_word' id='word_1_604' title='bbox 630 2237 861 2274; x_wconf 81' lang='lat' dir='ltr'><strong>magistratuum</strong></span> <span class='ocrx_word' id='word_1_605' title='bbox 883 2236 1009 2264; x_wconf 84' lang='lat' dir='ltr'><strong>comitia</strong></span> <span class='ocrx_word' id='word_1_606' title='bbox 1027 2235 1142 2263; x_wconf 77' lang='lat' dir='ltr'><strong>habere</strong></span> <span class='ocrx_word' id='word_1_607' title='bbox 1160 2244 1224 2263; x_wconf 84' lang='lat' dir='ltr'><strong>non</strong></span> <span class='ocrx_word' id='word_1_608' title='bbox 1244 2235 1407 2274; x_wconf 84' lang='lat' dir='ltr'><strong>potuisse?</strong></span> <span class='ocrx_word' id='word_1_609' title='bbox 1434 2235 1517 2263; x_wconf 66' lang='lat' dir='ltr'><strong>ride</strong></span> <span class='ocrx_word' id='word_1_610' title='bbox 1538 2234 1701 2263; x_wconf 84' lang='lat' dir='ltr'><strong>Schubert.</strong></span> <span class='ocrx_word' id='word_1_611' title='bbox 1720 2246 1751 2274; x_wconf 92' lang='lat' dir='ltr'><strong>p.</strong></span> <span class='ocrx_word' id='word_1_612' title='bbox 1772 2235 1828 2264; x_wconf 82' lang='lat'><strong>542</strong></span> <span class='ocrx_word' id='word_1_613' title='bbox 1845 2250 1883 2257; x_wconf 91' lang='lat'>—</span> <span class='ocrx_word' id='word_1_614' title='bbox 1900 2235 1974 2264; x_wconf 80' lang='lat'><strong>544..</strong></span> 
     </span>
    </p>

    <p class='ocr_par' dir='ltr' id='par_1_10' title="bbox 148 2281 2028 2418">
     <span class='ocr_line' id='line_1_45' title="bbox 225 2281 2028 2323; baseline 0 -13"><span class='ocrx_word' id='word_1_615' title='bbox 225 2283 337 2321; x_wconf 86' lang='lat' dir='ltr'><strong>Neque</strong></span> <span class='ocrx_word' id='word_1_616' title='bbox 356 2292 431 2311; x_wconf 85' lang='lat' dir='ltr'><strong>uero</strong></span> <span class='ocrx_word' id='word_1_617' title='bbox 451 2282 478 2311; x_wconf 81' lang='lat' dir='ltr'><strong>si</strong></span> <span class='ocrx_word' id='word_1_618' title='bbox 497 2282 648 2312; x_wconf 83' lang='lat' dir='ltr'><strong>aedilibus</strong></span> <span class='ocrx_word' id='word_1_619' title='bbox 669 2284 716 2312; x_wconf 82' lang='lat' dir='ltr'><strong>ius</strong></span> <span class='ocrx_word' id='word_1_620' title='bbox 738 2294 807 2312; x_wconf 86' lang='grc'>011111</span> <span class='ocrx_word' id='word_1_621' title='bbox 826 2285 945 2323; x_wconf 88' lang='lat' dir='ltr'><strong>populo</strong></span> <span class='ocrx_word' id='word_1_622' title='bbox 966 2283 1075 2321; x_wconf 84' lang='lat' dir='ltr'><strong>agendi</strong></span> <span class='ocrx_word' id='word_1_623' title='bbox 1095 2282 1221 2318; x_wconf 84' lang='lat' dir='ltr'><strong>suisset,</strong></span> <span class='ocrx_word' id='word_1_624' title='bbox 1242 2283 1325 2321; x_wconf 79' lang='lat' dir='ltr'><strong>quod</strong></span> <span class='ocrx_word' id='word_1_625' title='bbox 1344 2293 1406 2311; x_wconf 89' lang='lat' dir='ltr'><strong>non</strong></span> <span class='ocrx_word' id='word_1_626' title='bbox 1426 2284 1497 2319; x_wconf 86' lang='lat' dir='ltr'><strong>fuit,</strong></span> <span class='ocrx_word' id='word_1_627' title='bbox 1518 2284 1643 2312; x_wconf 76' lang='lat' dir='ltr'><strong>comitia</strong></span> <span class='ocrx_word' id='word_1_628' title='bbox 1662 2283 1776 2312; x_wconf 88' lang='lat' dir='ltr'><strong>habere</strong></span> <span class='ocrx_word' id='word_1_629' title='bbox 1794 2281 1931 2321; x_wconf 75' lang='lat' dir='ltr'><strong>potuisse</strong></span> <span class='ocrx_word' id='word_1_630' title='bbox 1951 2291 2028 2310; x_wconf 78' lang='lat' dir='ltr'><strong>cen-</strong></span> 
     </span>
     <span class='ocr_line' id='line_1_46' title="bbox 150 2329 2027 2370; baseline -0.001 -10"><span class='ocrx_word' id='word_1_631' title='bbox 150 2330 238 2360; x_wconf 80' lang='lat' dir='ltr'><strong>sendi</strong></span> <span class='ocrx_word' id='word_1_632' title='bbox 258 2335 346 2366; x_wconf 86' lang='lat' dir='ltr'><strong>sunt,</strong></span> <span class='ocrx_word' id='word_1_633' title='bbox 366 2329 519 2367; x_wconf 83' lang='lat' dir='ltr'><strong>siquidem</strong></span> <span class='ocrx_word' id='word_1_634' title='bbox 540 2335 688 2359; x_wconf 84' lang='lat' dir='ltr'><strong>certumst</strong></span> <span class='ocrx_word' id='word_1_635' title='bbox 708 2332 983 2370; x_wconf 72' lang='lat' dir='ltr'><strong>exploratumque,</strong></span> <span class='ocrx_word' id='word_1_636' title='bbox 1010 2340 1049 2358; x_wconf 70' lang='lat' dir='ltr'><strong>ex</strong></span> <span class='ocrx_word' id='word_1_637' title='bbox 1069 2329 1235 2358; x_wconf 88' lang='lat' dir='ltr'><strong>ordinariis</strong></span> <span class='ocrx_word' id='word_1_638' title='bbox 1254 2331 1480 2368; x_wconf 76' lang='lat' dir='ltr'><strong>magistratibus</strong></span> <span class='ocrx_word' id='word_1_639' title='bbox 1500 2331 1656 2360; x_wconf 82' lang='lat' dir='ltr'><strong>neminem</strong></span> <span class='ocrx_word' id='word_1_640' title='bbox 1676 2331 1738 2359; x_wconf 89' lang='lat' dir='ltr'><strong>nisi</strong></span> <span class='ocrx_word' id='word_1_641' title='bbox 1757 2329 1897 2359; x_wconf 82' lang='lat' dir='ltr'><strong>consules</strong></span> <span class='ocrx_word' id='word_1_642' title='bbox 1917 2334 1948 2359; x_wconf 84' lang='lat' dir='ltr'><strong>et</strong></span> <span class='ocrx_word' id='word_1_643' title='bbox 1966 2329 2027 2359; x_wconf 77' lang='lat' dir='ltr'><strong>tri-</strong></span> 
     </span>
     <span class='ocr_line' id='line_1_47' title="bbox 148 2377 1592 2418; baseline -0.001 -11"><span class='ocrx_word' id='word_1_644' title='bbox 148 2379 251 2407; x_wconf 84' lang='lat' dir='ltr'><strong>bunos</strong></span> <span class='ocrx_word' id='word_1_645' title='bbox 268 2378 312 2416; x_wconf 90' lang='lat' dir='ltr'><strong>pl.</strong></span> <span class='ocrx_word' id='word_1_646' title='bbox 333 2378 457 2407; x_wconf 84' lang='lat' dir='ltr'><strong>comitia</strong></span> <span class='ocrx_word' id='word_1_647' title='bbox 476 2377 592 2407; x_wconf 83' lang='lat' dir='ltr'><strong>habere</strong></span> <span class='ocrx_word' id='word_1_648' title='bbox 611 2378 721 2407; x_wconf 83' lang='lat' dir='ltr'><strong>solitos</strong></span> <span class='ocrx_word' id='word_1_649' title='bbox 741 2388 814 2407; x_wconf 88' lang='lat' dir='ltr'><strong>esse.</strong></span> <span class='ocrx_word' id='word_1_650' title='bbox 836 2379 900 2407; x_wconf 86' lang='lat' dir='ltr'><strong>Cfr.</strong></span> <span class='ocrx_word' id='word_1_651' title='bbox 921 2378 1083 2406; x_wconf 81' lang='lat' dir='ltr'><strong>Schulzius</strong></span> <span class='ocrx_word' id='word_1_652' title='bbox 1104 2377 1141 2405; x_wconf 90' lang='lat' dir='ltr'><strong>de</strong></span> <span class='ocrx_word' id='word_1_653' title='bbox 1162 2377 1249 2406; x_wconf 85' lang='lat' dir='ltr'><strong>Com.</strong></span> <span class='ocrx_word' id='word_1_654' title='bbox 1269 2378 1360 2407; x_wconf 84' lang='lat' dir='ltr'><strong>Rom.</strong></span> <span class='ocrx_word' id='word_1_655' title='bbox 1379 2389 1410 2417; x_wconf 87' lang='lat' dir='ltr'><strong>p.</strong></span> <span class='ocrx_word' id='word_1_656' title='bbox 1430 2389 1496 2418; x_wconf 83' lang='lat'><strong>279.</strong></span> <span class='ocrx_word' id='word_1_657' title='bbox 1516 2384 1592 2407; x_wconf 85' lang='lat' dir='ltr'><strong>not..</strong></span> 
     </span>
    </p>

    <p class='ocr_par' dir='ltr' id='par_1_11' title="bbox 147 2423 2025 2513">
     <span class='ocr_line' id='line_1_48' title="bbox 223 2423 2025 2465; baseline -0.001 -11"><span class='ocrx_word' id='word_1_658' title='bbox 223 2425 286 2454; x_wconf 86' lang='lat' dir='ltr'><strong>Iam</strong></span> <span class='ocrx_word' id='word_1_659' title='bbox 305 2435 381 2453; x_wconf 76' lang='lat' dir='ltr'><strong>nero</strong></span> <span class='ocrx_word' id='word_1_660' title='bbox 402 2427 543 2455; x_wconf 83' lang='lat' dir='ltr'><strong>consules</strong></span> <span class='ocrx_word' id='word_1_661' title='bbox 563 2426 716 2455; x_wconf 85' lang='lat' dir='ltr'><strong>aedilibus</strong></span> <span class='ocrx_word' id='word_1_662' title='bbox 736 2426 896 2455; x_wconf 80' lang='lat' dir='ltr'><strong>curulibus</strong></span> <span class='ocrx_word' id='word_1_663' title='bbox 916 2425 1057 2456; x_wconf 85' lang='lat' dir='ltr'><strong>creandis</strong></span> <span class='ocrx_word' id='word_1_664' title='bbox 1078 2425 1204 2453; x_wconf 83' lang='lat' dir='ltr'><strong>comitia</strong></span> <span class='ocrx_word' id='word_1_665' title='bbox 1223 2425 1385 2463; x_wconf 87' lang='lat' dir='ltr'><strong>habuisse,</strong></span> <span class='ocrx_word' id='word_1_666' title='bbox 1410 2427 1545 2465; x_wconf 87' lang='lat' dir='ltr'><strong>primum</strong></span> <span class='ocrx_word' id='word_1_667' title='bbox 1564 2429 1704 2454; x_wconf 88' lang='lat' dir='ltr'><strong>ueterum</strong></span> <span class='ocrx_word' id='word_1_668' title='bbox 1726 2423 1914 2461; x_wconf 83' lang='lat' dir='ltr'><strong>scriptorum</strong></span> <span class='ocrx_word' id='word_1_669' title='bbox 1933 2423 2025 2452; x_wconf 75' lang='lat' dir='ltr'><strong>testi-</strong></span> 
     </span>
     <span class='ocr_line' id='line_1_49' title="bbox 147 2470 2025 2513; baseline 0 -11"><span class='ocrx_word' id='word_1_670' title='bbox 147 2472 279 2509; x_wconf 85' lang='lat' dir='ltr'><strong>moniis,</strong></span> <span class='ocrx_word' id='word_1_671' title='bbox 312 2482 389 2511; x_wconf 86' lang='lat' dir='ltr'><strong>quae</strong></span> <span class='ocrx_word' id='word_1_672' title='bbox 409 2473 575 2502; x_wconf 83' lang='lat' dir='ltr'><strong>adtulimus</strong></span> <span class='ocrx_word' id='word_1_673' title='bbox 595 2484 704 2513; x_wconf 87' lang='lat' dir='ltr'><strong>supra,</strong></span> <span class='ocrx_word' id='word_1_674' title='bbox 734 2474 922 2513; x_wconf 77' lang='lat' dir='ltr'><strong>patefactum</strong></span> <span class='ocrx_word' id='word_1_675' title='bbox 941 2479 995 2504; x_wconf 87' lang='lat' dir='ltr'><strong>est.</strong></span> <span class='ocrx_word' id='word_1_676' title='bbox 1035 2473 1122 2503; x_wconf 84' lang='lat' dir='ltr'><strong>Idem</strong></span> <span class='ocrx_word' id='word_1_677' title='bbox 1141 2474 1292 2513; x_wconf 84' lang='lat' dir='ltr'><strong>probatur</strong></span> <span class='ocrx_word' id='word_1_678' title='bbox 1312 2484 1367 2511; x_wconf 84' lang='lat' dir='ltr'><strong>eo,</strong></span> <span class='ocrx_word' id='word_1_679' title='bbox 1402 2474 1484 2512; x_wconf 86' lang='lat' dir='ltr'><strong>quod</strong></span> <span class='ocrx_word' id='word_1_680' title='bbox 1503 2477 1686 2511; x_wconf 79' lang='lat' dir='ltr'><strong>conpertum</strong></span> <span class='ocrx_word' id='word_1_681' title='bbox 1705 2470 1868 2507; x_wconf 87' lang='lat' dir='ltr'><strong>habemus,</strong></span> <span class='ocrx_word' id='word_1_682' title='bbox 1902 2471 2025 2502; x_wconf 77' lang='lat' dir='ltr'><strong>eosdem</strong></span> 
     </span>
    </p>
   </div>
  </div>
 </body>
</html>
