2185 2720
172 158 274 188 XXII
856 158 1398 189 PROLEGOMENA.·

173 238 333 262 stumctur.
371 233 421 262 En
443 232 541 261 onmis
561 231 632 260 illos
653 231 756 268 locos,
784 232 818 261 iu
838 233 950 272 quibus
970 235 1135 263 manifesto
1156 236 1181 262 B
1202 239 1233 262 et
1253 234 1279 262 E
1301 245 1370 262 cum
1400 234 1558 272 plerisque
1586 235 1720 265 familiae
1746 237 1869 270 tertiae*
1887 238 2048 267 codicibus

172 279 204 307 in
224 290 350 318 prauam
369 282 552 319 scripturam
573 280 788 316 consentiunt,
817 281 922 319 paucis
951 282 1086 310 eiusdem
1107 282 1242 311 familiae
1271 282 1362 310 libris
1383 282 1544 319 genuinam
1567 282 1654 310 Tulli
1675 294 1795 313 manum
1816 285 2048 313 exhibentibus.

248 328 281 356 C.
302 328 361 357 Xl.
383 329 409 368 ᾗ.
431 339 475 357 27.
514 330 591 357 Fuit
610 330 643 356 in
665 328 756 356 Creta
771 334 880 366 postea
900 329 1130 358 contubernalis
1150 332 1336 367 Saturnini,
1352 332 1525 368 propinqui
1544 332 1610 364 sui,
1630 331 1717 358 miles
1737 332 1831 360 huius
1853 332 1887 368 Q.
1908 333 2050 367 zwetel&

171 376 238 403 cui
257 386 324 403 cum
337 376 446 413 fiterit
462 376 720 413 probatissumus.
760 376 810 403 Sic
830 376 889 403 soli
909 377 974 412 Mb,
995 376 1051 412 La,
1072 382 1102 405 et
1123 378 1153 405 H
1175 378 1324 405 scribunt.
1363 377 1557 406 Erfurtensis
1581 389 1651 406 cum
1670 377 1776 405 multis
1796 379 1864 407 aliis
1884 380 1972 408 libris
1992 390 2049 418 pro

171 423 223 450 cui
242 421 334 450 habet
356 423 469 451 uitiose
490 425 564 460 qui,·
584 422 698 461 reliqui
726 423 836 461 quibus
864 424 1015 452 scribunt.
1054 425 1238 461 Bauaricus,
1267 426 1304 453 de
1331 436 1392 463 quo
1420 430 1556 461 tacetur,
1585 436 1649 454 non
1676 425 1785 453 dubito
1806 427 1881 463 quin
1901 437 1969 455 cum
1988 427 2050 455 Er·-

170 469 308 498 furiense
329 470 432 499 faciat.
470 470 576 499 Docui
604 470 637 498 in
666 471 903 506 commentario,
932 473 1105 501 necessario
1126 476 1178 501 cui
1198 484 1262 501 esse
1283 474 1490 501 scribendum.
1530 473 1639 511 Neque
1660 479 1761 502 tamen
1782 484 1847 501 eam
1868 474 2050 512 scripturam

170 517 204 544 in
224 518 289 553 Mb,
309 519 365 554 La,
386 524 418 547 et
436 520 467 547 H
488 523 565 557 puto
587 528 626 546 ex
647 517 753 545 codice
773 518 917 556 principe
938 520 1094 555 transisse,
1115 521 1147 548 in
1169 532 1228 559 quo
1256 522 1313 550 uix
1333 521 1495 559 quicquam
1517 522 1631 549 certius
1652 526 1698 549 est
1718 532 1807 559 quam
1828 523 1883 559 qui
1901 521 2052 559 scriptum

172 566 322 595 extitisse.
362 566 438 595 Illut
458 569 512 605 qui
532 576 600 594 cum
620 576 637 593 a
657 575 749 593 sensu
768 565 902 594 alienum
923 577 989 595 esse
1010 567 1205 596 intellectum
1226 573 1322 604 esset,
1359 569 1396 596 ab
1418 568 1486 596 aliis
1507 568 1540 596 in
1561 569 1689 606 quibus,
1709 570 1746 596 ab
1767 568 1836 596 aliis
1857 569 1890 596 in
1910 570 1962 596 cui
1981 578 2051 596 mu-

172 618 314 649 tatumst,
340 619 494 642 retentum
515 624 531 641 a
550 612 791 641 modestioribus
813 619 932 643 tautum
959 615 1106 643 librariis.
1148 616 1340 654 saepissume
1368 621 1469 644 autem
1496 616 1546 644 uel
1574 616 1606 644 in
1635 617 1865 654 antiquissumis
1892 615 2051 644 codicibus

170 662 378 701 palimpsestis
399 664 453 699 qui
472 672 528 699 pro
557 663 609 688 cai
635 660 785 698 scriptum
806 666 931 698 extare,
966 668 1098 691 testatur
1118 663 1156 691 A.
1177 664 1303 702 Peyron
1323 664 1360 692 ad
1380 664 1483 692 Lectt.
1504 663 1594 691 Uarr.
1616 664 1653 692 ad
1673 670 1749 692 orat.
1770 675 1826 703 pro
1849 664 1971 692 Clucnt.
1993 667 2050 691 etc.

171 720 201 749 p.
221 719 296 738 201..
335 710 424 737 Adde
447 708 650 737 Garatonium
670 708 708 736 ad
728 718 772 736 or.
793 709 896 737 Pison.
918 710 952 738 C.
972 711 1100 739 XXIII.
1129 721 1159 749 p.
1180 712 1244 740 365.
1272 712 1318 739 ed.
1339 711 1447 749 Neap..
1486 710 1586 738 Error
1613 717 1699 740 ortus
1726 711 1866 739 fortassis
1893 710 1984 738 etiam
2012 720 2052 738 ex

172 762 257 792 eost,
277 757 359 794 quod
378 757 522 795 primitus
544 759 615 794 quoi
633 756 783 794 scriptum
803 756 880 791 fuit,
910 767 967 794 qua
987 758 1085 787 forma
1105 759 1203 787 multo
1224 759 1363 798 saepius,
1392 768 1480 796 quam
1500 768 1582 786 nunc
1601 758 1749 787 uidentur
1770 759 1904 786 editores
1931 763 2052 796 putare,

173 804 284 833 Cicero
305 804 492 842 omninoque
513 804 680 842 scriptores
701 803 791 832 latini
811 803 859 831 usi
881 809 960 832 sunt.
1001 805 1065 833 Cfr.
1086 806 1281 835 Niebuhrius
1301 806 1339 834 ad
1357 806 1464 843 fragm.
1485 816 1529 834 or.
1550 805 1674 833 Fontei.
1703 816 1733 844 p.
1754 805 1787 833 61
1809 816 1869 843 sq.‚
1899 810 1931 833 et
1950 803 2050 833 Praef.

171 851 209 879 ad
229 851 318 880 Uarr.
340 852 443 880 Lecrt.
465 862 503 880 ex
524 852 590 879 cod.
611 852 677 880 Erf.
699 857 782 881 enot.
801 861 832 889 p.
851 851 995 880 LXXX.

247 900 281 927 C.
302 900 427 928 XVIII.
447 898 474 938 §.
493 901 539 928 44.
578 899 688 936 AVeque
709 909 761 937 ego
781 909 865 926 nane
885 901 1048 928 consilium
1067 901 1254 938 reprehendo
1275 908 1383 935 tuum,
1414 901 1498 939 qnod
1516 909 1566 928 eas
1586 900 1703 933 tribus,
1730 902 1764 929 in
1784 899 1893 938 quibus
1912 898 1963 926 laic
1982 908 2052 927 ma—

171 956 262 975 xume
282 953 387 982 notus,
408 959 483 976 non
503 948 644 975 edideris.
682 947 869 976 Particulam
890 948 1062 985 negatiuam
1083 960 1161 986 non,
1182 949 1219 977 ad
1239 959 1361 976 sensum
1381 959 1508 987 prorsus
1528 948 1747 983 necessariam,
1768 947 1827 975 soli
1847 947 1916 981 Ma,
1936 945 2000 981 Lc,
2020 950 2053 974 et

171 1003 195 1028 ψ
213 999 297 1021 recte
318 1000 388 1022 ante
409 995 539 1023 edideris
560 993 685 1022 habent.
724 995 749 1022 B
771 999 802 1022 et
821 994 848 1022 E
869 1004 938 1023 cum
958 996 1063 1024 multis
1090 996 1158 1024 aliis
1186 996 1276 1024 libris
1303 996 1395 1034 plane
1416 997 1580 1032 omittuut3
1615 995 1759 1023 nonnulli
1780 999 1850 1022 ante
1870 1004 1922 1021 eas
1942 992 2052 1021 conlo-

172 1045 258 1076 cant,
286 1052 346 1079 quo
373 1042 443 1069 loco
469 1041 562 1078 uolgo
592 1041 629 1068 ab
659 1041 832 1069 editoribus
858 1043 936 1070 male
962 1044 1093 1082 positam
1122 1053 1204 1079 esse,
1241 1044 1274 1071 in
1302 1044 1523 1072 commentario
1545 1043 1764 1071 demonstraui.
1803 1042 1866 1070 Iam
1886 1040 1919 1068 iu
1940 1040 2052 1078 quibus

171 1087 331 1116 codicibus
352 1094 422 1117 ante
443 1100 494 1117 eas
513 1088 614 1127 posita
633 1089 805 1126 reperitur,
826 1089 859 1116 in
881 1100 932 1118 eos
953 1101 1015 1118 non
1041 1091 1168 1119 dubium
1190 1096 1236 1119 est
1257 1091 1332 1129 quin
1352 1092 1388 1119 ab
1410 1091 1547 1119 librariis
1568 1092 1620 1119 uel
1640 1090 1864 1129 interpretibus
1884 1088 1981 1116 inlata
1999 1087 2050 1116 sit.

172 1134 265 1171 Quod
286 1146 354 1164 cum
373 1137 418 1164 ita
437 1136 496 1171 sit,
529 1146 632 1164 nonne
652 1136 781 1164 multost
801 1137 1014 1174 probabilius,
1048 1138 1081 1165 iu
1099 1140 1169 1174 Ma,
1189 1139 1255 1175 Lc,
1291 1144 1322 1167 et
1341 1149 1363 1173 ψ
1383 1140 1475 1167 etiam
1495 1138 1582 1166 felici
1605 1149 1675 1166 casu
1694 1148 1751 1177 per
1772 1138 1975 1176 interpretem
1995 1145 2050 1164 suo

171 1182 241 1211 loco
262 1183 415 1212 inuectam
436 1193 501 1212 esse
520 1184 704 1222 particulam
723 1184 826 1220 illam,
847 1195 946 1223 quam,
966 1186 992 1214 si
1012 1185 1123 1214 suisset
1141 1186 1243 1224 posita
1263 1186 1297 1214 in
1318 1186 1426 1214 codice
1445 1186 1600 1225 principe,
1619 1191 1668 1214 tot
1686 1185 1832 1214 librarios
1852 1183 2051 1213 consentien-

171 1234 220 1258 ter
240 1231 405 1259 omissuros
425 1231 545 1259 fuisse?

246 1292 367 1321 Eodem
386 1292 477 1320 modo
498 1293 534 1320 ab
555 1293 738 1332 interpretis
759 1303 850 1322 manu
870 1293 1041 1331 profectam
1061 1303 1165 1322 ueram
1185 1295 1370 1334 scripturam
1390 1301 1466 1335 puto
1487 1296 1520 1324 in
1540 1295 1589 1325 his
1610 1296 1704 1325 locis:

247 1354 281 1382 C.
302 1353 413 1382 XXII.
433 1353 459 1394 §.
481 1356 525 1383 53.
563 1356 617 1383 At
638 1356 807 1384 nonnullas
829 1357 959 1392 punctis
973 1366 1075 1393 paene
1095 1357 1242 1392 toticlem;
1269 1357 1313 1385 sic
1333 1359 1395 1394 Mc,
1415 1358 1472 1394 Le,
1493 1359 1523 1394 S,
1544 1364 1575 1387 et
1594 1368 1631 1394 ψ;
1659 1357 1773 1396 reliqui
1793 1366 1851 1395 pro
1872 1356 1919 1394 At
1936 1355 2051 1384 uitiose

172 1401 287 1430 habent
307 1402 368 1431 An.

248 1450 281 1478 C.
303 1449 429 1478 XXIII.
449 1448 476 1488 §.
497 1449 541 1478 56.
580 1451 653 1479 Non
674 1460 733 1488 quo
752 1450 901 1494 milzs'Qsas
920 1452 962 1479 sit
982 1452 1151 1489 quicquam
1169 1452 1390 1491 defugere5
1410 1452 1454 1482 sic
1473 1454 1654 1483 referuntur
1674 1453 1711 1489 S,
1731 1462 1768 1488 ψ,
1788 1457 1821 1481 et
1840 1452 1900 1481 duo
1921 1451 2050 1480 Lambb.

173 1497 325 1533 scribere;
345 1497 460 1535 reliqui
480 1509 538 1536 pro
559 1497 707 1534 defingere
727 1497 805 1524 male
826 1497 941 1525 habent
961 1498 1106 1536 effugere.

249 1545 282 1573 C.
303 1544 430 1573 XXIV.
450 1543 476 1583 §.
498 1546 543 1583 59.
581 1547 634 1574 An
655 1545 807 1583 suturam
828 1556 889 1574 esse
907 1546 981 1581 filio
1001 1556 1082 1579 meo,
1115 1550 1184 1585 qai
1204 1555 1281 1577 esset
1299 1548 1436 1586 familia
1455 1551 1631 1585 consulari;
1657 1549 1702 1577 sic
1721 1549 1791 1585 Mc,
1819 1548 1884 1583 Lc,
1909 1552 1942 1576 et
1959 1547 2051 1586 pauci

173 1592 243 1629 alii3
263 1593 353 1630 longe
372 1592 521 1630 pluruma
533 1603 604 1630 pars
623 1592 775 1621 librorum
797 1603 865 1621 cum
884 1592 910 1620 B
931 1598 962 1621 et
981 1593 1008 1620 E
1029 1594 1107 1622 male
1126 1605 1185 1633 pro
1206 1598 1261 1633 qui
1280 1596 1420 1624 scribunt
1440 1599 1522 1634 quia.

248 1640 376 1668 Ibidem.
417 1640 525 1676 Quae
543 1643 669 1678 scripsit
687 1643 800 1678 grauis
820 1647 849 1668 et
869 1642 1047 1678 ingeniosas
1061 1648 1175 1678 poeta;
1201 1642 1253 1671 hic
1273 1653 1395 1681 quoque
1414 1644 1558 1682 plerique
1578 1653 1648 1671 cum
1667 1642 1692 1670 B
1713 1647 1745 1669 et
1762 1642 1790 1670 E
1810 1642 1925 1670 uitiose
1946 1642 2050 1679 Quare

173 1697 232 1727 pro
255 1687 341 1723 Quae
361 1688 511 1716 scribunt.
549 1688 606 1717 Est
626 1693 726 1717 autem
746 1688 820 1716 haec
840 1688 1028 1725 permutatio
1048 1689 1316 1727 frequentissuma.

250 1735 283 1764 C.
304 1735 432 1763 XXVI.
451 1734 478 1774 §.
499 1736 549 1764 83(
586 1735 693 1771 Quid?
713 1737 771 1764 alii
791 1741 965 1773 quaestores
985 1745 1063 1763 non
1083 1736 1257 1773 fecerunt?
1287 1738 1338 1766 Sic
1359 1739 1442 1767 solus
1462 1738 1528 1773 Lb,
1557 1747 1647 1775 quem
1667 1748 1758 1776 supra
1779 1737 1813 1766 C.
1834 1736 1858 1765 I.
1885 1735 1912 1775 §.
1932 1737 1959 1765 3.
1980 1746 2050 1765 cer-

175 1781 310 1810 tissumis
332 1783 481 1820 exemplis
502 1793 623 1811 manum
642 1782 909 1820 interpolatricem
930 1787 1093 1820 expertum
1114 1794 1179 1812 esse
1199 1785 1493 1821 demonstrauimus;
1513 1784 1627 1822 reliqui
1646 1795 1704 1822 pro
1725 1795 1787 1813 non
1806 1784 1922 1813 habent
1941 1794 2050 1813 nonne.

251 1830 284 1857 C.
305 1829 448 1857 XXVII.
471 1829 496 1867 ς.
517 1830 562 1858 66.
601 1832 711 1858 Pressi
731 1830 893 1866 foranu
922 1832 1072 1858 neminem
1093 1837 1167 1869 etc.;
1194 1833 1239 1860 sic
1266 1832 1286 1859 S
1308 1837 1339 1860 ct
1360 1832 1387 1860 T
1409 1837 1440 1860 et
1459 1833 1588 1860 fortasse
1609 1831 1679 1868 ah'1'3
1712 1831 1803 1870 longe
1821 1831 1961 1871 plurumi
1980 1840 2049 1859 cum

175 1877 201 1905 B
221 1881 252 1904 et
271 1876 298 1903 E
318 1876 395 1903 male
415 1887 517 1904 eorum
538 1887 595 1915 pro
607 1878 720 1915 foram
739 1876 888 1905 scribunt.

250 1939 301 1967 Ex
321 1938 426 1967 codice
446 1939 589 1978 principe
608 1950 713 1968 ueram
733 1940 918 1978 scripturam
937 1940 970 1967 in
989 1939 1038 1968 his
1059 1939 1178 1969 duobus
1198 1946 1318 1970 tantum
1338 1942 1415 1970 locis
1435 1946 1632 1980 propagatam
1651 1946 1745 1980 puto:

251 2003 285 2031 C.
307 2002 468 2030 XXXVI.
488 2000 516 2041 §.
537 2004 581 2032 88.
626 2003 686 2032 Ubi
706 2006 788 2032 enim
808 2009 933 2040 praesto
952 2003 1146 2041 fuissent
1173 2004 1252 2032 mihi
1271 2011 1328 2032 aut
1348 2011 1412 2032 tam
1424 2005 1526 2042 sortis
1545 2005 1672 2038 consul;
1691 2002 1735 2031 sic
1755 2003 1801 2031 Lc
1822 2007 1853 2031 et
1871 2013 1906 2041 ψς
1935 2003 2050 2043 reliqui

175 2050 254 2080 male
274 2060 330 2088 pro
343 2049 500 2087 fuissent,
522 2050 603 2088 quod
624 2061 678 2079 cur
698 2062 714 2079 a
735 2050 888 2090 plurumis
908 2050 1044 2078 librariis
1065 2056 1215 2080 mutatum
1235 2052 1276 2080 sit
1295 2057 1406 2091 sponte
1427 2052 1636 2090 intellegitur,
1656 2050 1910 2088 l1abentficisset.

251 2098 285 2126 C.
306 2096 395 2125 XLI.
414 2094 441 2135 §.
465 2106 525 2125 100.
570 2099 618 2126 Ui
644 2109 713 2136 me,
741 2101 776 2127 ιιί
795 2109 858 2131 me,
885 2099 1030 2136 inquam,
1058 2099 1212 2127 Plancius
1231 2106 1261 2128 et
1281 2101 1431 2138 conplexu
1450 2110 1504 2127 suo
1524 2100 1673 2133 retinui&
1692 2098 1736 2126 sic
1756 2099 1825 2134 Ma,
1844 2098 1917 2135 lth,
1935 2098 2000 2135 Le,
2018 2103 2050 2127 et

176 2146 244 2182 F1;
264 2144 379 2183 reliqui
398 2144 477 2172 male
497 2145 590 2173 semel
610 2150 729 2174 tantum
750 2148 784 2174 ui
803 2157 850 2174 me
870 2137 1019 2174 scribunt.

252 2192 352 2221 Omisi
373 2201 424 2219 eos
446 2191 548 2228 locos,
583 2192 615 2220 in
636 2193 746 2230 quibus
767 2193 885 2231 aliquot
904 2192 1039 2221 familiae
1058 2193 1169 2222 tertiae
1190 2194 1312 2223 codices
1331 2194 1425 2222 uerba
1447 2193 1614 2229 omittunt,
1649 2203 1726 2232 quae
1754 2192 1931 2230 ambiguum
1945 2195 2050 2230 potest

177 2249 242 2268 esse
261 2244 366 2267 utrum
385 2238 578 2276 neglegentia
597 2239 706 2268 librari
726 2240 917 2277 exciderint,
949 2251 988 2269 an
1015 2241 1052 2270 ab
1080 2241 1253 2281 interprete
1280 2241 1384 2271 addita
1403 2241 1475 2270 sint.
1514 2241 1564 2270 De
1584 2241 1624 2270 iis
1644 2241 1725 2270 infra
1743 2241 1816 2269 Lib.
1837 2238 1877 2268 Π.
1905 2248 1932 2266 c.
1954 2247 1977 2267 ι.
1998 2237 2048 2267 di-

177 2286 268 2315 cendi
286 2287 372 2316 locus
393 2285 525 2316 dabitur.

1072 2363 1100 2404 §-
1125 2370 1152 2397 9.

251 2420 435 2449 Bauaricum
454 2425 485 2449 et
505 2421 719 2450 Erfurtensem
738 2422 908 2452 innumeris
934 2424 1012 2452 locis
1037 2424 1127 2452 aliam
1154 2429 1245 2463 atque
1265 2423 1400 2453 familiae
1419 2423 1530 2452 tertiae
1557 2423 1741 2461 scripturam
1766 2418 1929 2459 praebere,
1956 2429 2050 2458 supra

179 2467 214 2496 C.
234 2467 322 2514 II..§.
341 2477 368 2497 2.
388 2473 581 2498 ostensumst.
619 2469 730 2508 Neque
750 2470 876 2507 dubito,
897 2471 972 2509 quin
991 2472 1091 2502 cuiuis
1115 2472 1168 2501 uel
1186 2472 1288 2512 primo
1309 2476 1434 2511 aspectu
1453 2470 1606 2510 patuerit,
1635 2469 1668 2497 in
1687 2467 1764 2496 locis
1784 2467 1876 2506 longe
1893 2467 2046 2506 plurumis
