2185 2720
200 173 319 202 XXIV
869 173 1405 203 PROLEGOMENA.

202 249 248 275 ila
269 247 471 280 contendam:
491 247 534 274 sic
555 247 579 274 B
601 250 631 274 et
651 246 695 282 E3
715 245 830 284 reliqui
849 249 896 275 ita
917 254 1017 276 tecum
1037 249 1227 277 contendam.
1248 263 1286 268 --
1307 248 1340 276 C.
1356 247 1416 276 XI.
1436 246 1465 287 §.
1478 250 1523 277 28.
1545 249 1730 286 legationem
1748 261 1838 280 suam
1859 259 1888 281 et
1907 253 2079 287 mondoum

202 294 246 322 sic
268 294 292 321 B
313 298 343 321 et
363 293 406 329 E;
432 294 544 331 reliqui
565 295 752 331 legationem
773 300 801 321 et
821 296 973 323 mandata
995 306 1062 324 sua.
1082 311 1120 316 —-
1146 296 1180 324 C.
1201 295 1276 323 XII.
1305 295 1332 334 §.
1353 296 1398 324 30.
1416 297 1541 333 generis
1561 297 1628 324 dieo
1649 303 1677 324 et
1698 300 1851 333 nominis;
1871 300 1915 328 sic
1935 301 1960 328 B
1982 305 2013 328 et
2031 300 2078 334 E3

201 341 315 379 reliqui
333 344 455 378 generis
476 348 503 369 et
525 342 657 369 nominis
685 341 763 370 (lic-0.
782 356 822 361 —
842 342 875 370 C.
896 342 1005 370 XVII.
1039 341 1067 381 §.
1087 343 1132 371 43.
1148 350 1276 379 proluet·
1303 344 1558 371 necessilaclinem
1579 354 1617 372 ae
1636 345 1849 380 uicinitatem;
1872 347 1915 374 sic
1935 347 1960 375 B
1982 352 2012 374 et
2031 346 2077 383 E3

204 389 320 426 reliqui
336 396 466 425 proplcr
487 390 685 416 uicinitatem
706 399 743 416 ae
764 390 1028 418 necessitudinem.
1048 405 1086 409 —
1106 390 1139 418 C.
1161 390 1238 417 XX.
1267 388 1361 428 §.130-
1382 391 1580 426 Laterensis,
1609 394 1637 419 si
1657 392 1710 425 id;
1738 391 1782 419 sie
1801 392 1826 420 Β
1847 398 1877 420 et
1896 394 1939 430 E3
1965 393 2079 431 reliqui

203 440 231 466 si
250 438 300 469 id,
322 438 515 465 Laterensis.
536 451 573 456 —
594 436 627 464 C.
649 436 776 463 XXIII.
798 435 825 474 §.
847 437 892 463 55.
913 436 968 463 sed
986 447 1082 474 neque
1103 443 1138 464 [ιι
1160 437 1235 464 haec
1255 437 1368 471 hahes;
1388 437 1431 465 sic
1451 438 1476 465 B
1498 443 1529 466 et
1547 438 1593 476 E;
1612 439 1726 476 reliqui
1746 439 1801 467 secl
1818 450 1914 476 neque
1933 446 1967 468 m
1986 440 2081 468 habes

203 485 287 512 haec.
313 499 351 504 —
377 483 412 511 C.
433 482 560 511 XXIII.
586 481 613 521 §.
635 483 680 511 56.
711 493 792 510 more
819 493 882 510 meo
905 485 1060 520 p1·islino;
1088 484 1132 511 sie
1152 485 1177 512 B
1208 490 1239 512 ct
1266 485 1310 520 133
1337 484 1453 522 reliqui
1479 484 1569 512 aliter
1595 491 1628 513 et
1654 486 1736 514 iuter
1763 496 1795 514 se
1826 486 2022 514 dissentiunt.
2042 501 2080 508 —·

204 532 238 561 C.
257 531 368 559 XXV.
387 529 415 569 §
430 531 474 558 62.
496 540 581 557 nemo
603 536 647 557 est
666 530 779 557 honore
802 530 937 567 dignu-95
958 531 1002 558 sic
1022 531 1048 558 B
1069 536 1100 558 et
1115 532 1158 567 E3
1180 531 1293 569 reliqui
1315 531 1406 559 aliter
1426 536 1457 559 ct
1476 531 1559 560 inter
1579 543 1611 560 se
1632 533 1828 562 dissentiunt.
1848 549 1884 554 —-
1907 534 1941 562 C.
1952 532 2080 561 XXVI.

202 579 285 619 §.Gi
305 585 362 606 aut
381 579 543 606 clariorem
563 582 620 604 ant
638 579 831 613 graliorem,
851 577 894 604 sic
915 577 940 605 B
961 583 991 605 et
1011 578 1055 614 E3
1076 578 1189 616 reliqui
1209 584 1265 606 aut
1282 580 1454 615 gratiorem
1474 586 1531 607 aut
1552 581 1722 609 clarior-em.
1743 596 1781 601 -
1800 581 1834 609 C.
1848 579 1976 608 XXVI.
1995 577 2022 618 §.
2035 579 2080 608 65.

203 630 235 656 in
257 628 296 654 iis
311 627 390 654 'locis
409 626 503 652 solent
526 633 606 656 essm
628 623 672 651 sic
695 624 719 652 B
734 628 765 651 et
779 623 822 659 E;
842 624 957 662 reliqui
979 625 1069 653 aliter
1091 630 1122 653 ct
1142 626 1224 654 inter
1245 635 1276 652 se
1299 625 1543 656 dissentiunt.—-
1563 628 1596 656 C.
1612 627 1758 656 XXXII.
1779 627 1806 667 ᾗ.
1823 630 1866 663 78.
1888 628 2002 655 ideireo
2022 628 2082 655 mi-

203 685 263 703 nus
283 675 418 705 iadicem
444 671 487 698 sie
507 671 531 698 B
559 675 589 697 ct
609 670 652 705 E,
677 675 749 708 post
768 672 871 698 minus
897 671 1041 700 addentes
1064 673 1214 707 lil›enler,·
1246 673 1361 710 reliqui
1387 675 1504 703 indices
1528 677 1644 704 idcirco
1667 677 1778 703 minus.
1797 691 1835 696 -—
1855 675 1933 702 Ibid.
1957 685 2015 713 qno
2034 684 2081 702 me

205 722 327 750 tandem
357 723 391 748 in.
419 725 447 747 le
476 720 579 745 animo
608 723 706 754 putas
741 728 821 746 esse:
860 718 904 745 sic
930 718 955 746 B
984 724 1014 746 et
1041 720 1084 756 ΕΞ
1122 720 1237 758 reliqui
1266 731 1324 757 quo
1355 731 1401 748 me
1427 723 1553 750 tandem
1579 725 1682 751 animo
1709 725 1743 750 in
1772 728 1800 750 te
1821 728 1918 759 putas
1948 732 2018 750 esse.
2044 736 2082 742 —-

205 770 238 798 C.
248 765 427 796 XXXVII.
448 763 528 804 §.9st
550 767 577 792 si
593 776 740 802 umquam
757 767 843 793 uitae
863 767 1020 802 cupiditas
1042 769 1076 794 in
1096 778 1142 795 me
1153 767 1295 805 fuissem
1315 767 1358 795 sic
1384 768 1408 795 B
1430 769 1514 805 etE;
1533 769 1646 807 reliqui
1666 772 1693 798 si
1713 781 1860 808 nmquam
1876 772 1909 798 in.
1929 780 1976 798 me
1995 771 2081 797 uitae

204 817 362 853 cupiditas
377 814 505 851 sitisset.
548 813 580 841 C.
602 813 782 840 XXXVII.
809 810 837 851 §.
858 822 903 849 91.
931 814 1015 850 quod
1039 820 1067 842 te
1095 824 1156 841 esse
1177 815 1210 841 in.
1231 825 1263 842 re
1278 826 1311 852 p.
1331 816 1462 844 liberam
1483 827 1512 844 es
1528 818 1707 853 gloriata-sq
1736 818 1779 845 sic
1799 818 1824 845 Β
1846 822 1876 845 ct
1894 818 1936 853 E3
1965 815 2079 854 reliqui

203 874 265 892 esse
292 868 324 890 et
351 872 381 890 es
408 860 498 888 aliter
525 860 698 888 conlocant.
718 875 756 880 —-
783 860 818 888 C.
838 860 1032 888 XXXVIII.
1061 860 1088 900 ᾗ.
1110 871 1154 898 91.
1182 864 1232 889 sin
1259 868 1365 890 autem
1391 864 1562 901 aliquando
1588 866 1653 892 sine
1680 866 1743 893 ullo
1770 867 1816 892 rei
1838 875 1868 902 p.
1898 865 2079 892 detrimento

203 912 332 948 respicio
354 911 447 937 etiam
467 908 620 942 salutem,-
655 908 699 935 sic
719 908 744 935 B
765 912 797 935 et
816 908 859 944 E3
885 908 999 946 reliqui
1020 909 1191 946 aliquando
1215 915 1285 937 ante
1306 912 1439 939 salutem
1456 916 1587 949 ponunt.
1627 912 1660 940 C.
1681 912 1786 939 XLII.
1807 911 1834 950 §.
1858 913 1919 940 103.
1934 921 1994 948 per
2015 920 2080 946 uos,

199 969 259 997 per
271 958 442 996 fortunas,
466 966 524 993 per
545 955 655 984 liberos
675 961 815 989 uestro-35
845 955 888 983 sic
909 956 933 983 B
955 961 985 983 et
1004 956 1047 992 E3
1068 956 1181 994 reliqui
1195 968 1256 994 per
1275 968 1346 994 uos,
1368 969 1427 996 per
1445 959 1599 997 fortunas
1620 966 1758 996 uestras,
1773 970 1832 997 per
1850 959 1970 988 liberos.

277 1006 327 1033 De
347 1003 528 1042 quibusdam
548 1002 659 1032 horum
679 1002 819 1031 locorum
839 1003 922 1031 infra
941 1003 1042 1031 denuo
1064 1003 1227 1032 dicendum
1248 1005 1318 1032 erit.

1094 1098 1122 1139 §.
1143 1107 1188 1132 10.

278 1160 545 1189 Dissentientibus
572 1159 655 1188 inter
684 1170 716 1187 se
743 1159 878 1188 familiae
908 1160 1059 1188 secundae
1089 1165 1120 1189 et
1138 1161 1250 1195 tertiae
1271 1161 1430 1190 codicibus
1451 1173 1515 1192 eam
1535 1164 1601 1193 sere
1621 1163 1737 1202 ubique
1761 1164 1924 1202 genuinam
1942 1162 2077 1192 uidimus

203 1210 389 1248 scripturam
410 1217 491 1241 esse,
511 1217 600 1244 quam
621 1207 754 1235 familiae
775 1207 925 1235 secundae
947 1208 1083 1244 codices,
1106 1208 1138 1236 id
1159 1214 1205 1237 est
1224 1210 1248 1237 B
1270 1214 1301 1237 et
1320 1210 1363 1245 E,
1384 1210 1525 1240 habeant.
1566 1212 1726 1250 Sequitur,
1746 1216 1782 1239 ut
1800 1221 1985 1246 moneamus,
2002 1210 2079 1248 quid

204 1257 242 1285 de
262 1257 301 1284 iis
322 1254 485 1293 scripturis
506 1254 704 1283 iudicandum
724 1256 780 1290 sit,
802 1265 880 1293 quas
901 1256 983 1284 solus
1005 1262 1057 1284 aut
1077 1257 1242 1285 Bauaricus
1264 1263 1316 1285 aut
1335 1258 1527 1288 Erfurtensis
1548 1260 1710 1299 praebeat,
1738 1259 1834 1286 altero
1856 1269 1926 1286 cum
1944 1258 2080 1286 familiae

204 1303 356 1333 secundae
376 1302 535 1329 codicibus
557 1303 778 1330 consentiente.
819 1302 868 1329 De
889 1303 1098 1332 additionibus
1119 1309 1150 1332 ct
1170 1306 1386 1335 omissionibus
1408 1308 1524 1346 pariter
1544 1313 1633 1346 atque
1656 1306 1692 1334 de
1712 1306 1750 1333 iis
1776 1306 1981 1341 lectionibus,
2002 1314 2079 1343 quae

204 1349 456 1389 interpolationis
477 1350 685 1388 suspicionem
707 1358 831 1377 mouere
851 1350 987 1387 possint,
1023 1351 1073 1379 hie
1102 1362 1224 1390 quoque
1254 1354 1356 1382 dicere
1377 1365 1460 1383 nunc
1488 1355 1668 1383 omittimus.
1706 1355 1870 1382 Praeterea
1899 1353 1959 1381 iam
1987 1362 2080 1391 supra

205 1399 238 1427 C.
260 1399 299 1425 II.
322 1397 348 1436 §.
369 1407 395 1425 2.
416 1396 523 1424 adlatis
544 1398 695 1436 exemplis
714 1398 839 1435 planum
859 1398 1002 1434 fecimus,
1023 1409 1105 1427 nunc
1125 1400 1150 1427 Β
1171 1401 1286 1436 solum,
1306 1412 1387 1430 nunc
1408 1402 1506 1430 solum
1527 1401 1741 1429 Erfurtenscm
1761 1401 1924 1438 genuinam
1943 1402 2079 1439 seriptu-

203 1456 267 1474 ram
288 1455 442 1479 seruasse,
471 1454 717 1483 unumquemque
739 1455 843 1473 eorum
866 1452 965 1474 autem
987 1447 1097 1485 passim
1119 1449 1309 1476 amanuensis
1330 1449 1521 1486 neglegentia
1540 1449 1662 1476 leuibus
1683 1447 1863 1486 quibusdam
1882 1448 2002 1476 mendis
2023 1448 2078 1476 de-

204 1498 363 1533 prauatum
384 1501 458 1519 esse.
498 1492 548 1519 Ex
569 1503 628 1530 quo
650 1492 831 1526 conficitur,
861 1492 975 1529 singuli
1003 1494 1151 1532 cuiusque
1181 1505 1246 1523 cam
1266 1497 1479 1524 auctoritatem
1503 1505 1584 1531 esse,
1619 1500 1654 1523 ut
1673 1497 1841 1534 scriptura,
1878 1506 1968 1533 quam
1994 1496 2078 1524 solus

204 1547 257 1570 aut
275 1541 300 1568 B
321 1545 374 1568 aut
392 1539 418 1566 E
440 1538 566 1574 habeat,
593 1540 618 1567 si
639 1540 743 1567 sensui
764 1540 826 1567 loci
846 1551 974 1578 prorsus
995 1542 1035 1569 sit
1055 1544 1297 1578 accommodata,
1325 1544 1421 1571 altera
1441 1550 1540 1572 autem
1560 1553 1661 1581 neque
1681 1548 1751 1582 apta
1771 1543 1842 1571 satis
1863 1543 1904 1571 sit
1922 1548 1954 1571 et
1973 1553 2012 1571 ex
2031 1543 2079 1571 fa-

205 1588 259 1616 cili
281 1587 484 1615 describentis
505 1598 610 1616 errore
632 1588 709 1615 oriri
729 1588 884 1625 potuerit,
913 1589 980 1616 sine
1000 1590 1064 1618 ulla
1085 1591 1278 1618 dubitatione
1298 1591 1475 1628 recipienda
1497 1591 1544 1619 sit.
1585 1591 1701 1619 Contra
1722 1590 1891 1618 cauendum
1911 1589 2080 1618 uehemen-

204 1640 253 1663 ter
274 1639 337 1670 est‚
357 1643 396 1661 ne
417 1634 520 1671 aliquo
541 1636 669 1670 mendo,
691 1636 772 1673 quod
793 1641 845 1663 aut
864 1636 896 1663 iu
917 1636 941 1663 Β
963 1642 1015 1664 aut
1034 1637 1067 1665 in
1087 1638 1113 1665 E
1135 1638 1190 1673 sit,
1211 1638 1249 1665 ad
1269 1638 1514 1675 adtcmptzmdam
1534 1638 1685 1674 uolgatam
1706 1638 1890 1675 scripturam
1909 1637 2078 1666 abutamur.

205 1682 241 1710 In
262 1693 327 1710 eam
347 1686 464 1719 partem
486 1692 713 1719 nonnumquam
734 1683 875 1720 peccauit
896 1683 1090 1712 Garatonius.
1121 1684 1186 1713 Ubi
1206 1690 1335 1722 utraque
1356 1685 1509 1722 scriptura
1529 1684 1632 1712 sensui
1653 1689 1722 1722 apta
1743 1689 1816 1719 crat,
1837 1694 1900 1712 eam
1919 1684 2078 1722 recipien-

205 1730 273 1758 dam
294 1729 379 1763 duxi,
399 1739 487 1766 quam
508 1729 640 1757 familiae
660 1730 770 1758 tertiae
791 1731 912 1758 codices
933 1733 1107 1760 tuebantur.
1135 1732 1171 1759 In
1191 1733 1358 1760 uerborum
1379 1737 1479 1760 tamen
1501 1731 1713 1760 conlocatione
1733 1741 1961 1769 nonnumquam
1981 1731 2080 1759 ambi-

205 1778 364 1815 gebamus,
393 1781 496 1804 utrum
517 1777 612 1805 solius
633 1783 683 1805 aut
703 1778 728 1805 B
749 1783 801 1805 aut
820 1778 846 1804 Ε
868 1779 1081 1807 auctoritatem
1102 1790 1315 1818 sequeremur,
1343 1790 1382 1807 an
1404 1790 1473 1807 eum
1494 1779 1699 1807 retineremus
1721 1779 1877 1813 ordinem,
1904 1789 1964 1816 qno
1983 1779 2080 1807 uerba

205 1825 239 1852 in
259 1823 392 1852 familiae
412 1824 523 1851 tertiae
551 1824 709 1852 codicibus
738 1825 927 1853 adsentiente
954 1831 1005 1854 aut
1024 1827 1049 1854 B
1071 1831 1122 1854 aut
1141 1827 1167 1854 Ε
1195 1827 1296 1865 posita
1317 1832 1411 1855 erant.
1452 1827 1497 1855 Ut
1516 1836 1606 1854 omne
1625 1826 1808 1854 temeritatis
1829 1826 1945 1853 crimen
1965 1825 2079 1863 effuge—

205 1882 281 1907 rem,
301 1871 379 1899 hanc
400 1870 477 1898 mihi
497 1871 610 1909 scripsi
631 1872 737 1908 legem,
758 1877 792 1899 ut
811 1877 875 1900 tun]
895 1878 1013 1902 tautum
1033 1874 1123 1901 unius
1144 1874 1273 1902 duorum
1294 1875 1419 1902 illorum
1440 1875 1580 1903 codicum
1601 1874 1775 1902 auctoritati
1795 1874 1990 1910 obsequerer,
2009 1881 2079 1900 cum

207 1920 283 1948 ordo
304 1919 488 1953 uerborum,
509 1919 561 1956 qui
582 1919 615 1946 in
636 1919 702 1946 solo
724 1924 776 1946 aut
796 1920 820 1946 B
841 1924 893 1947 aut
912 1920 938 1947 E
959 1921 1035 1957 fuit,
1055 1926 1107 1949 aut
1129 1921 1232 1949 sensui
1252 1922 1334 1949 solus
1354 1922 1518 1950 uidebatur
1538 1921 1796 1955 accommodatus,
1816 1924 1867 1947 aut
1885 1924 1947 1946 tam
1967 1919 2079 1957 exqui-

207 1967 301 2001 situs,
330 1971 366 1993 ut
393 1966 429 1992 ab
458 1966 587 1994 librario
609 1965 769 1993 institutus
791 1967 971 1995 existumari
991 1979 1055 1996 non
1081 1974 1194 2007 posset.
1234 1969 1341 2006 Itaque
1367 1970 1433 1997 solo
1454 1969 1481 1997 E
1508 1975 1633 1998 auctore
1660 1970 1693 1997 C.
1713 1966 1875 1996 XXXIII.
1902 1964 1929 2005 §.
1950 1969 1995 1996 80.
2015 1976 2079 1996 non

207 2013 347 2042 dubitaui
368 2013 520 2041 scribere:
541 2014 624 2042 nihil
642 2019 685 2041 est
705 2014 789 2051 quod
806 2015 929 2048 malim,
957 2025 1049 2052 quam
1079 2027 1125 2044 me
1145 2023 1173 2045 et
1199 2027 1260 2044 esse
1282 2022 1414 2054 gratum.
1435 2022 1463 2044 et
1483 2018 1601 2052 uideri,
1628 2027 1697 2044 cum
1716 2016 1749 2043 in
1767 2014 1898 2052 reliquis
1919 2015 2078 2044 codicibus

208 2061 350 2089 omnibus
371 2060 567 2096 scriberetur,
588 2067 616 2089 et
632 2067 761 2098 gratum
781 2072 843 2089 esse
863 2067 892 2088 et
911 2062 1022 2090 uideri.
1062 2063 1246 2092 Tenendum
1267 2068 1377 2098 tamen,
1398 2063 1434 2090 de
1454 2064 1596 2091 Bauarici
1617 2063 1702 2091 illius
1721 2061 1783 2090 loci
1803 2061 1956 2099 scriptura
1974 2062 2078 2099 taceri,

207 2119 298 2147 quem
319 2117 373 2145 ego
394 2117 490 2146 paene
511 2107 640 2145 pignore
668 2108 770 2146 posito
792 2108 981 2136 contendere
999 2110 1095 2138 ausim
1122 2121 1190 2139 cum
1214 2112 1397 2140 Erfurtense
1416 2111 1527 2139 facere.
1569 2111 1684 2139 Contra
1703 2109 1802 2137 solum
1815 2109 1997 2138 Bauaricum
2015 2119 2079 2138 non

208 2166 276 2184 sum
294 2161 416 2184 secutus
438 2155 473 2183 C.
492 2155 657 2183 XXXIX.
685 2154 712 2194 §.
733 2157 778 2193 93.
799 2166 855 2193 pro
876 2156 999 2193 uolgato
1021 2157 1130 2185 ordine
1149 2161 1328 2187 memoriam
1347 2164 1376 2187 et
1392 2161 1535 2195 gratiam
1555 2163 1710 2196 quaerunt
1729 2157 1932 2184 scribentem:
1964 2166 2078 2184 memo-

209 2206 291 2232 riam
310 2209 463 2240 quaerunt
485 2208 514 2230 et
530 2204 681 2240 gratiam.
719 2203 890 2231 Facillumc
911 2204 992 2231 enim
1023 2204 1226 2233 describentis
1254 2205 1361 2234 oculus
1388 2216 1405 2233 a
1431 2205 1527 2233 uerbo
1555 2207 1733 2233 memoriam
1759 2203 1925 2233 statimad
1947 2203 2078 2232 uerbum

210 2256 365 2288 quaerunt
383 2249 489 2288 potuit
507 2249 665 2284 aberrare,
700 2250 740 2278 ita
759 2255 795 2278 ut
815 2251 1006 2279 amanuensis
1026 2251 1144 2289 scripto
1165 2252 1286 2281 demum
1306 2253 1402 2281 uerbo
1423 2257 1578 2291 quaerunt
1598 2251 1762 2282 interiecta
1780 2253 1877 2281 uerba
1895 2255 1924 2279 et
1938 2252 2078 2287 gratiam

210 2306 242 2325 se
263 2296 401 2325 omisisse
421 2296 618 2334 intellegeret
637 2302 667 2325 et
685 2302 758 2335 post
775 2304 931 2336 quaerunt
951 2298 1136 2327 conlocaret.

1091 2383 1119 2424 §-
1149 2392 1193 2417 11.

285 2433 350 2462 Ubi
366 2434 390 2462 B
408 2439 438 2462 et
452 2434 478 2462 E
496 2435 538 2463 ita
557 2445 574 2463 a
593 2444 625 2463 se
645 2434 780 2463 inuicem
801 2435 1004 2472 dissentiunt,
1024 2442 1059 2465 ut
1078 2437 1287 2477 unusquisque
1307 2443 1426 2476 partem
1447 2438 1638 2476 reliquorum
1652 2437 1804 2465 librorum
1820 2445 1924 2464 secum
1944 2446 2076 2466 eonsen-

212 2480 340 2510 tientem
359 2480 478 2516 habeat,
499 2491 515 2509 c
534 2482 599 2511 sola
617 2482 680 2511 loci
696 2483 853 2527 'sententia
873 2483 1022 2513 iudicium
1039 2484 1107 2514 fieri
1123 2490 1237 2524 potest,
1256 2490 1328 2515 utro
1348 2485 1439 2514 modo
1457 2485 1582 2514 Tullius
1597 2483 1764 2523 scripserit.
1785 2483 1938 2520 Quotiens
1951 2494 1969 2512 a
1984 2494 2076 2513 sensu
