2185 2720
147 197 202 224 240
797 187 1368 219 COMMENTARIUS.

149 265 211 298 etsi
241 263 348 308 probe
375 263 583 296 intellectum
612 263 855 296 dubitationem
877 270 991 296 tamen
1017 264 1165 306 aliquam
1191 264 1316 304 mouit,
1349 264 1504 308 pluribus
1533 264 1698 308 exemplis
1720 264 1878 298 inlustrat
1902 266 2008 298 editor

149 319 266 361 Eclog.
291 318 361 350 Cic.
386 316 502 348 Turici
529 317 619 350 1820.
642 329 676 361 p.
701 318 770 350 28..
801 318 1002 350 ORELLms.
1047 317 1155 359 Quid,
1191 318 1278 359 quod
1303 317 1474 360 Uergilius
1501 330 1591 350 unus
1613 317 1714 349 etiam
1737 317 1779 349 ad
1801 319 2009 362 conparatiui

150 373 223 404 uim
246 369 434 414 augendam
456 370 652 413 usurpauit,
673 370 762 403 Aen.
785 371 819 411 I,
846 371 895 403 15.
916 381 1055 403 canens:
1086 371 1201 411 Quam
1220 370 1310 403 Iuno
1322 369 1448 415 fertur
1472 371 1575 404 terris
1597 370 1711 414 magis
1729 370 1884 404 omnihus
1904 383 2010 406 unam

152 424 362 458 Postlzabita
383 423 527 455 coluisse
549 422 664 456 Samo.

237 476 334 516 Quae
359 487 394 507 se
416 475 474 507 uel
490 477 612 519 potius
635 477 790 517 excindi,
826 488 929 520 quam
950 487 968 509 e
984 487 1045 509 suo
1067 475 1232 519 conplexu
1253 482 1293 509 ut
1316 477 1484 522 eriperer,
1507 475 1622 520 facile
1639 476 1834 522 pateretur)
1875 478 2012 509 Durum

153 536 203 561 est
226 529 283 561 uel
297 529 435 572 potius,
471 539 547 559 cum
575 529 608 560 id
632 529 731 560 etiam
754 539 857 560 uersu
878 539 1047 571 proxume
1068 528 1235 570 superiori
1256 529 1310 562 sit.
1353 530 1569 562 Alterutrum
1598 530 1656 562 uel
1678 536 1736 561 aut
1751 530 1873 573 potius
1895 529 2012 562 delen-

152 583 232 613 dum
253 586 349 623 puto.
392 581 547 622 Languet
569 581 670 612 etiam
693 581 826 625 facile,
863 580 953 623 quod
973 592 1043 612 nou
1071 586 1138 619 est,
1176 580 1203 612 si
1219 583 1340 625 potius
1361 582 1521 614 deleatur.
1555 583 1779 614 ERNEsa—ms.
1822 582 1927 614 Recta
1951 588 2011 623 est,

152 642 201 668 set
235 633 335 665 nimis
371 633 549 664 arbitraria
578 634 715 665 Schutzi
749 634 929 666 correctio:
971 646 1057 678 quae
1093 645 1128 665 se
1164 634 1223 665 uel
1251 635 1405 675 excindi,
1442 648 1546 680 quam
1573 653 1616 659 —
1634 634 1787 678 facilius
1817 641 2010 679 pateretur.

152 689 271 728 Longe
294 685 415 717 melior
438 691 488 717 est
509 686 648 719 vVeiski
670 686 832 718 medella:
865 698 951 731 quae
973 698 1007 717 se
1024 686 1144 729 potius
1166 687 1225 718 uel
1245 688 1381 720 excindi
1400 694 1474 728 etc„
1498 700 1517 720 a
1539 699 1604 732 qua
1625 687 1814 729 recipienda
1834 699 1903 719 non
1924 689 2008 720 alie-

152 752 216 772 nus
240 750 342 770 eram.
373 738 574 770 ORELLIUS.
618 739 723 771 Bakio
745 739 889 782 placuit:
924 751 1010 782 quae
1031 750 1066 770 se
1097 739 1154 771 uel
1183 740 1335 780 excindi,
1363 742 1483 784 potius
1503 754 1606 785 quam
1628 739 1796 784 —facile
1814 746 2007 784 pateretur.

151 794 226 835 Ego
252 791 340 822 nihil
365 789 479 821 uerius
503 796 605 833 puto,
640 803 739 834 quam
756 793 877 836 potius
899 803 968 823 non
990 801 1059 822 esse
1084 802 1103 822 a
1126 791 1288 823 Cicerone
1310 793 1490 836 scriptumg,
1521 793 1608 836 quod
1630 799 1669 824 ut
1689 799 1845 833 statuam,
1876 793 2006 837 duplex

152 858 208 879 me
230 855 343 876 caussa
364 849 488 874 mouet.
530 844 684 875 Primum
706 857 871 887 nusquam
892 844 997 875 uerba
1021 843 1080 875 uel
1100 845 1221 887 potius
1252 844 1299 876 sic
1326 851 1366 877 ut
1392 846 1457 877 hoe
1481 847 1556 878 loco
1585 851 1744 888 usurpata
1764 846 1920 887 memini,
1958 853 2010 879 set

152 909 287 941 semper
308 896 549 939 particularum
571 897 847 929 disiunctiuarum
868 897 974 928 instar
995 895 1128 926 initium
1150 896 1294 927 membri
1317 897 1479 930 eiusmodi
1505 904 1685 941 occupant,
1717 898 1804 940 quod
1825 898 1924 930 alteri
1945 911 2010 942 op-

152 952 311 996 ponitur,
340 954 378 980 ut
400 948 501 990 paulo
524 955 619 988 ante,
641 950 885 982 Brundusium
907 949 1004 988 ueni,
1035 949 1092 981 uel
1106 949 1227 992 potius
1247 950 1295 981 acl
1315 951 1448 983 moenia
1469 951 1606 983 accessi.
1649 952 1769 993 Neque
1788 962 1870 982 uero
1896 951 2009 984 lucra-

152 1015 231 1035 mur
260 1002 438 1044 quicquam
466 1002 736 1044 transpositione.
781 1004 870 1035 Nam
899 1001 1084 1033 coniunctis
1109 1001 1220 1033 uerbis
1250 1003 1309 1034 uel
1329 1004 1465 1035 excindi
1495 1003 1659 1046 particula
1688 1003 1821 1045 quidem
1843 1004 1901 1037 uel
1921 1004 2006 1036 nihi]

152 1056 252 1089 habet
276 1053 479 1092 offensionis,
503 1060 551 1085 set
570 1056 704 1098 potius,
729 1056 801 1088 siue
822 1062 899 1087 ante
922 1056 979 1087 uel
998 1055 1070 1086 siue
1091 1060 1168 1096 post
1190 1055 1326 1087 exc-indi
1346 1061 1502 1097 ponatur,
1528 1067 1598 1086 non
1619 1061 1709 1086 recte
1731 1055 1883 1088 additum
1904 1063 2008 1100 patet.

155 1107 241 1150 Quis
265 1106 355 1137 enim
376 1117 536 1148 umquam
552 1108 674 1150 potius
689 1107 804 1151 facile
820 1109 901 1152 pati
921 1120 984 1150 pro
997 1106 1150 1151 facilius
1169 1108 1249 1151 pati
1269 1107 1393 1139 dixisse
1414 1107 1625 1150 reperietur?
1669 1109 1818 1148 Accedit,
1842 1109 1930 1151 quod
1951 1110 2011 1144 uel

152 1159 319 1204 particula
340 1170 378 1189 eo
400 1158 456 1189 hic
477 1170 575 1190 sensu
596 1160 755 1202 positast,
778 1167 817 1192 ut
838 1161 990 1203 procliue
1016 1160 1252 1202 interpretibus
1275 1166 1377 1200 esset,
1410 1172 1481 1191 eam
1499 1162 1619 1205 potius
1642 1161 1806 1204 particula
1828 1162 2009 1205 explicare.

152 1214 236 1245 Illut
256 1218 369 1243 autem
391 1211 586 1253 ambiguum
608 1212 714 1244 fateor
737 1224 823 1253 esse,
856 1219 971 1244 utrum
991 1213 1106 1257 facile
1132 1219 1314 1257 pateretur
1341 1225 1382 1244 an
1399 1213 1551 1257 facilius
1569 1219 1752 1258 pateretur
1780 1225 1799 1244 a
1819 1214 1867 1246 M.
1891 1215 2008 1247 Tullio

153 1266 316 1308 scriptum
339 1264 392 1295 sit.
436 1265 526 1296 Nam
548 1264 612 1295 hoc
634 1266 768 1308 quidem
790 1272 967 1305 certumst,
981 1267 1133 1311 facilius
1155 1266 1184 1298 si
1205 1266 1270 1298 fuit
1292 1266 1470 1310 scriptum,
1492 1266 1638 1310 procliui
1661 1278 1773 1298 errore
1794 1266 1826 1297 id
1847 1266 1882 1297 in
1896 1266 2012 1311 facile

152 1318 276 1352 mutari
303 1329 322 1348 a
344 1316 487 1348 librariis
518 1317 677 1358 potuisse.
722 1320 827 1362 Saepe
853 1319 943 1350 enim
975 1333 1015 1351 us
1038 1320 1166 1362 syllaba
1195 1319 1303 1351 finalis
1327 1320 1467 1359 excidit,
1503 1331 1580 1350 cum
1602 1319 1726 1351 lineola
1754 1325 1886 1350 tantum
1907 1331 2010 1363 super

153 1370 406 1403 antecedentem
433 1369 580 1400 litteram
609 1371 716 1413 posita
745 1372 887 1403 indicari
916 1372 1050 1403 soleret.
1095 1372 1263 1415 Exempla
1284 1372 1383 1404 huius
1407 1372 1529 1404 erroris
1552 1383 1595 1403 ex
1618 1372 1731 1404 codice
1751 1372 1945 1405 Erfurtensi
1971 1373 2010 1405 in

153 1422 264 1455 Praef.
287 1422 328 1454 ad
352 1424 452 1455 Uarr.
475 1423 583 1454 Lectt.
607 1435 650 1454 ex
674 1435 711 1456 eo
735 1431 823 1456 enot.
846 1437 881 1468 p.
897 1425 1070 1457 XXXVI.
1084 1425 1290 1458 XXXVIII.
1314 1426 1413 1468 plura
1433 1424 1545 1457 adtuli.
1591 1425 1724 1457 Omissa
1746 1431 1859 1457 autem
1881 1426 2010 1469 syllaba

153 1477 213 1508 illa
236 1475 316 1518 quid
338 1475 477 1518 pronius
501 1481 570 1506 erat
590 1476 752 1516 librariis,
789 1489 888 1519 quam
918 1489 980 1520 pro
1002 1477 1113 1521 facili
1142 1478 1283 1509 scribere
1302 1478 1441 1521 facile?
1483 1477 1693 1509 Probabilius
1722 1484 1834 1509 tamen
1856 1478 2011 1521 equidem

152 1530 239 1562 mihi
261 1535 403 1561 statuere
425 1528 561 1568 uideor,
588 1534 620 1559 et
637 1530 758 1572 potius
781 1541 850 1561 esse
875 1529 1054 1561 delendum
1076 1540 1137 1560 nec
1149 1529 1264 1573 facile
1290 1542 1359 1563 esse
1382 1530 1588 1569 mutandum,
1611 1530 1658 1561 ita
1683 1536 1721 1564 ut
1746 1544 1849 1575 quam
1869 1530 1909 1562 ad
1929 1543 2013 1575 sup-

153 1594 302 1626 pressam
330 1582 447 1625 potius
477 1581 676 1624 particulam
708 1582 922 1615 referendum
952 1583 1010 1622 sit,
1046 1594 1128 1624 quae
1161 1594 1199 1613 eo
1228 1581 1358 1614 facilius
1385 1583 1551 1626 supprimi
1573 1582 1627 1614 hic
1649 1583 1778 1626 potuit,
1811 1595 1877 1626 quo
1905 1585 2011 1627 magis

155 1634 363 1677 conparatiui
392 1635 484 1665 notio
513 1635 623 1667 uerbis
653 1637 712 1668 uel
732 1636 868 1668 excindi
897 1636 962 1667 iam
986 1636 1229 1667 continebatur.
1274 1637 1434 1668 Pluruma
1456 1636 1612 1678 exempla
1637 1635 1735 1667 huius
1757 1647 1836 1667 usus
1858 1637 2012 1671 Kritzius

154 1687 194 1718 ad
216 1687 349 1718 Sallust.
377 1687 474 1718 Catil.
500 1687 537 1718 C.
562 1689 656 1722 VIII.
681 1690 710 1731 §.
739 1701 764 1722 1.
787 1695 820 1719 et
842 1689 899 1730 qui
921 1689 961 1720 ab
986 1700 1024 1719 eo
1048 1689 1285 1721 conmemorati
1310 1689 1462 1720 homines
1486 1688 1573 1719 docti
1595 1693 1673 1719 sunt
1693 1687 1896 1720 adtulerunt.

238 1739 303 1772 Cui
325 1753 401 1772 cum
424 1752 536 1772 omnes
558 1742 680 1783 metus)
726 1741 780 1773 Sic
800 1753 859 1783 ego
884 1742 1014 1784 primus
1039 1741 1146 1780 edidi,
1170 1753 1233 1784 pro
1256 1742 1387 1784 uolgato
1410 1742 1517 1773 omnis
1540 1751 1583 1771 ex
1606 1740 1665 1771 Mb
1691 1746 1724 1770 et
1747 1741 1797 1771 Lc
1819 1752 1932 1774 omnes
1952 1753 2011 1774 re-

153 1792 316 1832 stituens,
344 1804 444 1834 quem
466 1805 645 1825 numerum
667 1794 812 1826 latinitas
839 1795 893 1826 hic
922 1794 1058 1837 flagitat.
1106 1793 1176 1825 Cfr.
1206 1794 1245 1825 de
1272 1806 1382 1837 arusp.
1410 1804 1559 1835 respons.
1592 1792 1629 1823 C.
1652 1792 1772 1824 XXV.
1804 1793 1834 1834 §.
1857 1794 1908 1825 55.
1939 1795 2011 1829 iam

155 1857 268 1877 omnes
291 1846 368 1885 isti,
392 1847 452 1890 qui
472 1849 743 1890 portenduntur,
773 1853 883 1880 metus
907 1849 1164 1891 extinguentur.
1193 1859 1255 1890 pro
1279 1847 1386 1878 Sestio
1410 1848 1446 1878 C.
1469 1846 1552 1879 XV.
1577 1844 1607 1887 §.
1631 1844 1681 1876 55.
1711 1850 1762 1876 set
1781 1857 1834 1878 me
1852 1847 1918 1879 alii
1940 1858 2012 1882 me-

155 1903 211 1930 tus
233 1904 335 1941 atque
357 1900 449 1932 aliae
471 1913 574 1932 curae
598 1906 790 1933 mouerunt.

239 1951 304 1983 Cui
326 1965 403 1983 cum
424 1971 466 1976 --
492 1954 574 1985 haec
590 1953 745 1996 perpeti,
777 1954 809 1985 si
829 1954 1041 1994 acciderent,
1070 1955 1212 1994 maluit,
1246 1966 1348 1998 quam
1370 1951 1561 1985 custodiam
1584 1950 1652 1983 mei
1673 1951 1798 1994 capitis
1820 1951 2009 1996 dimittere)

154 2004 248 2036 Haec
278 2004 390 2035 uerbis
421 2004 549 2035 maiora
578 2016 647 2036 non
679 2004 766 2042 fieri,
811 2006 903 2036 testis
935 2007 1077 2049 epistula
1107 2014 1153 2039 est
1183 2007 1224 2038 ad
1252 2017 1393 2038 uxorem
1414 2005 1521 2044 XIV,
1558 2003 1589 2035 4.
1622 2003 1700 2036 Nos
1721 2004 1904 2037 Brundusi
1925 2013 2012 2051 aput

154 2057 206 2088 Μ.
227 2057 402 2088 Laenium
425 2058 592 2090 Flaccum
624 2058 696 2089 dies
718 2058 826 2091 XIII.
845 2058 988 2102 ficimus
1019 2059 1075 2103 (ex
1101 2066 1178 2091 ante
1208 2059 1296 2090 diem
1320 2059 1419 2090 XIV.
1443 2057 1520 2089 Kal.
1543 2056 1649 2089 Elaias
1677 2056 1716 2087 ad
1745 2063 1822 2088 ante
1851 2057 1942 2090 diem
1964 2059 2011 2092 V.

154 2109 232 2141 Kal.
256 2109 402 2148 easdem,
426 2116 463 2141 ut
486 2122 528 2141 ex
551 2111 613 2142 hac
636 2110 777 2152 epistula
800 2118 830 2142 et
853 2112 913 2142 III.
938 2112 979 2143 ad
1002 2114 1077 2145 Att.
1102 2125 1130 2154 7.
1154 2111 1342 2149 conficitur,
1371 2110 1485 2141 decem
1507 2109 1568 2140 uix
1591 2115 1684 2146 sunt3
1713 2108 1856 2141 reiectus
1877 2109 2016 2143 fortasse

154 2167 257 2192 uento
282 2162 405 2193 mansit
426 2162 467 2193 ad
489 2163 596 2206 pridie
619 2163 712 2201 Kal„
751 2163 808 2204 qui
832 2163 901 2196 dies
925 2165 1086 2207 epistulae
1108 2164 1345 2201 subscribitur3
1383 2163 1430 2194 ita
1449 2168 1538 2193 certe
1562 2161 1631 2194 dies
1654 2163 1752 2193 XIII.
1775 2161 1927 2205 fuerunt)
1955 2163 2012 2195 ui-

155 2225 233 2245 rum
255 2220 451 2257 optumum,
482 2216 542 2259 qui
558 2216 756 2259 periculum
769 2215 999 2259 fortunarum
1023 2224 1055 2249 et
1077 2219 1201 2261 capitis
1224 2217 1280 2249 sui
1293 2229 1381 2260 prae
1403 2228 1477 2248 ntea
1499 2215 1611 2247 salute
1632 2215 1806 2257 neglexit3
1836 2226 1943 2258 neque
1961 2214 2011 2246 Ie-

152 2267 211 2309 gis
237 2267 507 2310 inprobissumae
523 2282 637 2313 poena
659 2269 825 2300 deductus
848 2275 914 2308 est,
938 2271 1117 2313 quominus
1140 2270 1268 2312 hospiti
1290 2275 1321 2300 et
1343 2270 1519 2301 amicitiae
1540 2269 1594 2300 ius
1617 2268 1832 2312 officiumque
1846 2271 2010 2310 praesta-

156 2324 217 2351 ret.
259 2320 355 2351 Huic
378 2322 512 2352 utinam
532 2322 719 2364 aliquando
740 2322 897 2363 gratiam
920 2322 1050 2366 referre
1066 2323 1239 2366 possimus
1246 2334 1258 2361 ,-
1291 2321 1486 2354 habebimus
1509 2321 1645 2364 quidem
1667 2331 1807 2363 semper.
1849 2317 2012 2351 Brundu-

154 2371 242 2403 sium
269 2371 387 2413 igitur,
412 2373 499 2414 quod
522 2373 609 2404 intra
637 2372 711 2404 finis
736 2379 807 2404 erat
835 2374 908 2415 lege
930 2375 1165 2416 praestitutos,
1196 2386 1234 2405 ea
1256 2374 1331 2406 iam'
1346 2375 1410 2406 lata
1431 2373 1596 2417 peruenit.
1642 2373 1899 2404 GARATONIUS.

241 2422 385 2467 Optumi
406 2426 515 2464 senis,
549 2431 581 2458 et
593 2425 728 2469 fratris
750 2431 783 2458 et
805 2427 986 2470 utriusque
998 2426 1176 2469 filiorum)
1220 2428 1435 2470 Quamquam
1456 2426 1583 2458 additio
1606 2425 1664 2457 illa
1687 2423 1895 2467 egregiorum
1917 2421 2013 2454 codi-

155 2488 249 2517 cum,
293 2477 374 2508 Bau.
405 2483 436 2509 et
465 2477 556 2519 Erf„
599 2485 633 2511 et
651 2478 787 2522 fratris
818 2490 837 2509 a
864 2480 1078 2520 sequentibus
1106 2486 1139 2511 et
1171 2481 1351 2524 utriusque
1368 2479 1533 2524 filiorum
1560 2477 1737 2510 manifesto
1767 2475 2009 2520 postulabatur,
