2185 2720
870 160 908 189 L.
929 159 954 188 1.
994 159 1029 187 c.
1050 157 1106 186 111.
1146 155 1174 197 ς.
1198 168 1222 187 1.
1242 167 1269 187 2.
1934 160 2019 190 xix

127 242 163 266 ut
182 246 222 265 ex
241 234 420 264 coniectura
438 233 577 263 feliciter
597 244 631 262 ea
650 234 870 263 restitueretur
889 234 1058 273 scriptura,
1093 242 1171 271 quae
1190 243 1254 261 non
1275 238 1322 261 est
1342 232 1469 261 dubium
1490 233 1565 271 quin
1584 232 1618 261 in
1639 232 1746 261 codice
1766 234 1910 273 principe
1932 235 2015 263 exti-

126 284 210 313 terit.
249 283 285 311 Id
305 283 420 311 factum
440 283 531 310 uerbi
552 293 656 311 caussa
677 283 710 310 in
732 283 839 311 codice
859 282 1000 317 uidetur,
1022 292 1061 310 ex
1081 292 1141 320 quo
1164 281 1362 309 oxonienses
1384 281 1417 315 C,
1438 281 1486 316 H,
1509 282 1544 316 S,
1565 287 1596 309 et
1617 281 1644 308 T
1665 286 1738 309 sunt
1757 282 1828 309 orti.
1867 283 1912 310 Hi
1933 283 2016 311 enim

125 331 202 360 libri
221 331 381 360 nonnullis
401 330 435 358 in
454 330 532 358 locis
551 331 611 359 soli
631 340 737 359 ueram
758 330 873 359 habent
892 330 1078 368 scripturam
1099 340 1169 358 cum
1189 330 1214 357 B
1235 334 1267 357 et
1286 328 1323 363 E,
1345 328 1399 356 ubi
1419 328 1535 366 reliqui
1556 339 1660 357 omnes
1683 330 1825 368 corrupti
1846 335 1926 358 sunL
1966 330 2016 358 Ex

126 390 186 419 qua
204 390 240 408 re
259 379 342 418 quod
362 378 519 416 conligere
539 378 607 416 quis
627 379 743 416 possit,
771 389 822 407 eos
850 388 1004 417 proxume
1025 383 1171 416 cognatos
1198 387 1268 405 cum
1288 375 1458 414 exemplari
1479 385 1560 410 esse,
1583 378 1665 414 quod
1685 388 1725 406 ex
1745 378 1852 406 codice
1871 377 2018 416 principe

125 427 224 457 fuerit
244 427 449 465 descriptum,
482 431 649 464 propterea
675 437 802 465 prorsus
830 426 1063 461 incredibilest,
1101 425 1184 464 quod
1211 425 1245 454 in
1272 425 1341 453 aliis
1362 424 1460 452 multo
1480 424 1625 462 pluribus
1646 425 1723 453 locis
1744 431 1796 454 aut
1816 425 2019 454 consentiunt

127 486 198 505 cum
215 474 347 513 reliquis
367 473 503 502 familiae
530 474 642 502 tertiae
663 475 821 503 codicibus
841 474 875 501 in
895 473 999 512 prauis
1021 473 1202 512 scripturis,
1223 478 1276 501 aut
1295 472 1394 501 multo
1417 471 1614 509 grauioribus
1636 473 1727 501 efiam
1749 484 1838 511 quam
1857 473 1912 501 affl
1933 472 2018 501 eius-

127 524 197 552 dem
216 523 352 552 familiae
373 521 496 549 codices
518 523 706 561 corruptelis
726 521 882 560 inquinati
908 521 1194 560 deprehenduntur.
1235 521 1323 557 Quae
1350 530 1420 548 cum
1448 520 1491 548 ita
1517 519 1597 556 sint,
1630 530 1730 558 neque
1752 520 1906 558 quomodo
1934 520 2018 548 inter

127 582 160 600 se
184 570 307 610 cognati
326 569 391 597 sint
409 569 545 597 familiae
565 571 677 599 tertiae
696 570 837 605 codices,
858 579 960 607 neque
980 569 1105 607 quinam
1120 579 1274 607 proxume
1294 578 1333 597 ex
1353 568 1451 603 libro,
1472 568 1526 606 qni
1547 568 1720 607 descriptus
1742 579 1780 597 ex
1801 568 1908 596 codice
1928 568 2018 606 prin-

128 619 199 658 cipe
219 623 280 654 est,
310 617 372 646 orti
393 617 541 645 censendi
561 618 640 653 sint,
677 618 743 646 ullo
763 617 854 645 modo
876 617 983 645 doceri
1003 622 1116 656 potest.
1156 616 1233 644 Illut
1258 621 1361 643 tamen
1383 625 1441 653 pro
1463 620 1548 643 certo
1570 615 1732 644 adfirmare
1754 617 1866 651 ausim,
1897 617 2018 644 nullum

128 677 168 695 ex
188 666 362 700 codicibus,
393 675 524 703 quorum
544 665 647 693 uariae
668 665 819 693 lectiones
840 675 856 693 a
875 674 924 692 me
945 670 1017 693 sunt
1037 670 1217 703 congestae,
1254 664 1444 702 descriptum
1465 663 1628 703 expaliquo
1651 673 1775 699 eorum,
1814 665 1925 702 quibus
1946 675 2018 693 usus

127 724 210 749 sum,
231 713 294 741 dici
314 722 412 751 posse.
454 712 634 751 Tantopere
647 724 664 741 a
677 723 708 741 se
727 713 843 751 singuli
864 712 1062 748 dissentiunt,
1083 722 1266 751 quamquam
1286 712 1392 740 multis
1412 711 1446 739 in
1466 711 1545 739 locis
1567 711 1668 739 denuo
1688 712 1766 739 mire
1786 711 1870 740 inter
1890 722 1922 740 se
1943 722 2018 740 con—

127 761 275 789 sentiunt.
314 761 361 788 Ac
391 770 468 799 quae
495 760 532 789 de
559 761 753 800 quorundam
778 760 862 790 inter
889 770 922 789 se
948 770 1102 790 consensu
1122 760 1252 789 dicenda
1273 764 1374 795 erant,
1403 769 1437 788 ea
1462 759 1524 788 iam
1547 770 1640 798 supra
1660 760 1694 788 C.
1716 760 1740 788 I.
1760 757 1788 799 §.
1808 760 1834 788 3.
1856 759 1919 788 suis
1940 759 2017 788 locis

127 813 200 838 sunt
220 808 370 848 exposita.

954 923 1075 958 CAP.
1126 922 1188 957 III.

610 1005 686 1034 DE
731 1004 1199 1034 AUCTORITATE
1240 1004 1532 1035 CODICUM

1025 1063 1118 1081 811‘1:

534 1100 590 1126 DE
615 1100 834 1133 RATIONE,
856 1102 944 1135 QUA
969 1101 1026 1126 IIS
1051 1102 1109 1126 AD
1136 1101 1458 1127 EMENDANDAM
1483 1101 1605 1127 HANC

753 1145 1031 1171 ORATIONEM
1057 1145 1283 1171 UTENDUM
1308 1145 1390 1172 SIT.

1027 1249 1055 1290 §.
1087 1259 1112 1283 1.

205 1303 292 1340 Quae
312 1302 485 1342 scripturae
507 1303 721 1332 consentiente
741 1303 950 1332 Ambrosiano
977 1304 1113 1332 familiae
1133 1305 1301 1341 secundae,
1329 1311 1360 1334 et
1380 1306 1516 1335 familiae
1535 1305 1647 1334 tertiae
1668 1304 1811 1333 codicum
1831 1306 2017 1335 auctoritate

128 1350 282 1386 nituntur,
302 1361 356 1389 eae
370 1351 507 1380 dubitari
527 1351 638 1390 nequit
657 1351 733 1389 quin
754 1352 791 1380 ab
811 1351 880 1389 ipso
898 1352 1051 1381 Cicerone
1070 1353 1231 1391 profectae
1250 1353 1322 1381 sint.
1361 1354 1419 1383 Est
1439 1360 1541 1383 tamen
1560 1363 1640 1384 unus
1660 1352 1757 1388 locus,
1777 1353 1811 1381 in
1830 1364 1890 1392 qno
1911 1364 2016 1383 omnes

127 1399 264 1427 familiae
285 1399 436 1428 secundae
457 1405 489 1428 et
507 1400 620 1428 tertiae
641 1400 764 1428 codices
785 1410 853 1427 cum
873 1399 1082 1429 Ambrosiam
1106 1401 1139 1428 in
1160 1401 1266 1429 falsam
1285 1401 1435 1431 uidentur
1453 1402 1638 1440 scripturam
1659 1401 1844 1430 consentire.
1883 1402 2017 1440 Legitur

128 1447 154 1475 is
176 1447 210 1476 C.
230 1447 340 1476 XVII.
360 1446 388 1487 §.
408 1449 464 1483 41„
485 1448 540 1477 ubi
559 1458 617 1486 pro
637 1448 700 1476 An
720 1457 793 1475 uero
814 1457 913 1484 nuper
932 1452 990 1475 etc.
1011 1449 1092 1476 Ain
1112 1449 1210 1476 uero?
1234 1460 1334 1487 nuper
1357 1455 1414 1478 etc.
1436 1448 1634 1477 scribendum
1654 1458 1719 1477 esse
1739 1449 1773 1477 in
1793 1450 2015 1478 commentario

129 1495 230 1525 docui.
266 1496 321 1524 Set
338 1500 402 1523 tam
415 1495 518 1524 facilis
535 1505 624 1523 error
643 1495 703 1523 iste
721 1495 792 1531 fuit,
812 1499 848 1523 ut
862 1504 953 1523 nemo
968 1505 1031 1523 non
1045 1495 1160 1531 uideat,
1180 1506 1251 1525 eum
1270 1508 1287 1525 a
1300 1498 1444 1536 pluribus
1464 1496 1602 1525 librariis
1619 1496 1711 1525 simul
1728 1496 1850 1526 admitti
1866 1497 2014 1536 potuisse.

1032 1590 1060 1631 §.
1082 1598 1108 1624 2.

203 1649 278 1677 Non
297 1649 399 1677 minus
419 1648 570 1686 genuinae
589 1647 748 1676 habendae
774 1652 847 1676 sunt
872 1647 946 1676 illae
966 1649 1155 1688 scripturae,
1183 1660 1258 1688 quas
1284 1661 1352 1679 cum
1373 1650 1581 1680 Ambrosiano
1601 1650 1769 1679 Bauaricus
1797 1656 1828 1680 et
1846 1651 2016 1681 Erfurten-

128 1697 170 1726 sis
189 1695 315 1732 habent,
336 1696 467 1734 reliquis
487 1695 578 1725 libris
598 1695 689 1723 aliter
709 1695 928 1724 scribentibus,
968 1697 1048 1725 Nam
1068 1697 1102 1725 in
1122 1697 1171 1725 his
1191 1697 1269 1726 locis
1290 1698 1316 1725 si
1339 1698 1408 1736 quis
1429 1709 1495 1727 eam
1515 1699 1711 1738 scripturam,
1733 1709 1808 1737 quae
1828 1699 1862 1728 in
1880 1699 2017 1728 familiae

127 1744 240 1773 tertiae
260 1743 420 1772 codicibus
442 1749 506 1780 est,
533 1743 697 1781 genuinam
717 1743 862 1779 duceret,
896 1744 922 1772 is
943 1749 1079 1773 statuere
1100 1745 1242 1780 deberet,
1271 1756 1288 1773 a
1309 1745 1428 1774 duobus
1450 1747 1581 1775 diuersis
1602 1747 1739 1775 librariis
1760 1747 1861 1786 iisque
1882 1747 2016 1785 diligen-

127 1792 279 1828 tioribus,
300 1802 432 1830 quorum
452 1792 529 1820 alter
548 1791 806 1826 Ambrosianum,
827 1791 905 1819 alter
927 1801 996 1820 eum
1017 1793 1170 1829 codicem,
1192 1804 1232 1822 ex
1252 1804 1312 1831 quo
1334 1794 1359 1821 B
1381 1798 1412 1822 et
1430 1794 1457 1822 E
1478 1799 1550 1823 sunt
1571 1794 1642 1829 orti,
1663 1795 1818 1830 exarauit,
1838 1794 1917 1823 miro
1939 1804 2015 1822 con-

127 1850 219 1869 sensu
240 1839 401 1869 Ciceronis
422 1839 518 1867 uerba
538 1838 571 1866 in
592 1838 723 1866 eundem
743 1838 868 1866 modum
889 1845 1065 1868 conmutata
1085 1850 1167 1876 esse,
1200 1847 1321 1870 seruata
1341 1846 1443 1870 autem
1463 1843 1499 1870 ab
1521 1852 1574 1877 eo,
1602 1852 1692 1880 quem
1711 1843 1856 1870 uitiatum
1877 1841 2016 1870 codicem

128 1887 326 1924 neglegenter
346 1886 546 1925 descripsisse
567 1886 691 1915 scimus.
730 1886 824 1923 Quod
848 1897 917 1915 cum
937 1888 974 1915 ab
996 1888 1080 1916 omni
1099 1888 1323 1926 probabilitate
1343 1888 1524 1925 abhorreat,
1553 1889 1726 1928 scriptura,
1746 1900 1837 1928 quam
1855 1889 1901 1926 A,
1920 1889 1963 1925 Β,
1984 1894 2015 1917 et

128 1935 156 1963 E
176 1934 301 1970 habent,
319 1944 384 1962 non
403 1934 503 1962 solum
522 1934 577 1962 ubi
597 1934 700 1962 sensui
721 1934 814 1962 unice
832 1940 942 1973 aptast,
962 1945 1072 1964 uerum
1092 1936 1184 1964 etiam
1204 1937 1260 1965 ubi
1280 1937 1457 1975 ambiguum
1476 1937 1580 1965 uideri
1598 1943 1712 1976 potest,
1733 1943 1804 1966 utro
1824 1937 1916 1966 modo
1934 1936 2016 1965 Tul-

129 1982 191 2011 lius
211 1981 389 2020 scripserit,
416 1982 609 2021 reliquorum
629 1982 772 2011 codicum
793 1982 925 2010 lectioni
944 1983 1119 2011 necessario
1139 1985 1381 2022 praeferendast.
1421 1985 1605 2013 Tenendum
1626 1990 1745 2021 autem,
1778 1995 1889 2014 reuera
1909 1983 2014 2012 sensui

128 2040 294 2069 numquam
313 2039 377 2057 non
397 2031 656 2059 accommodatam
671 2031 767 2059 trium
787 2030 915 2058 illorum
936 2030 1078 2059 codicum
1098 2031 1283 2070 scripturam
1302 2041 1377 2067 esse,
1398 2033 1555 2061 aduersari
1575 2037 1677 2061 autem
1696 2042 1915 2071 saepenumero
1935 2031 2013 2060 reli-

129 2087 262 2117 quorum
281 2076 424 2106 codicum
441 2077 618 2108 lectionem.
656 2079 740 2107 Loci
760 2078 795 2107 hi
815 2083 904 2106 sunt:

204 2140 238 2169 C.
258 2139 318 2168 IX.
338 2137 366 2178 §.
385 2141 431 2169 23.
472 2141 591 2178 Quibus
611 2154 626 2172 e
640 2143 822 2180 municipiis
845 2144 900 2170 uix
920 2144 994 2175 iam,
1014 2143 1070 2180 qui
1089 2152 1215 2170 carnem
1230 2142 1496 2181 Latinis-petant,
1517 2144 1838 2181 repperiuntur;
1858 2141 1902 2170 sic
1922 2140 1961 2176 A,
1976 2141 2012 2177 B,

128 2196 159 2218 et
178 2188 205 2218 E
216 2200 224 2225 ;
243 2187 361 2226 reliqui
379 2198 436 2226 pro
456 2193 678 2227 repperiuntur
698 2190 840 2219 scribunt
859 2192 1077 2219 inueniuntur.

202 2236 332 2265 Ibidem.
370 2236 414 2264 Id
430 2237 513 2273 quod
530 2243 565 2265 tu
583 2237 658 2266 Ιιιιίε
678 2238 778 2267 obesse
802 2240 927 2267 etiam
944 2243 1059 2276 putas;
1087 2237 1131 2265 sic
1151 2237 1198 2273 A,
1218 2238 1261 2274 B,
1282 2242 1314 2266 et
1332 2237 1376 2275 Ἐς
1402 2237 1519 2276 reliqui
1540 2239 1635 2266 etiam
1654 2241 1724 2265 ante
1743 2236 1819 2265 huic
1839 2235 2010 2265 conlocant.

202 2285 237 2314 C.
258 2283 351 2313 XIV.
372 2282 400 2323 §.
420 2284 466 2312 33.
505 2285 560 2312 An
579 2286 662 2322 quod
676 2287 860 2314 reiectae
879 2287 1041 2314 auctiones
1061 2285 1183 2314 essent?
1202 2285 1246 2313 sic
1266 2285 1311 2321 A,
1330 2286 1372 2321 B,
1392 2289 1424 2313 et
1442 2285 1486 2322 E3
1511 2283 1627 2322 reliqui
1645 2286 1777 2314 reiectae
1797 2285 1954 2314 omittunt.

202 2331 331 2361 Ibidem.
370 2330 527 2368 Oppressa
546 2338 690 2360 nostra
709 2334 901 2371 adrogantia
921 2335 1036 2362 ciuitas
1045 2344 1058 2368 ;
1087 2334 1130 2362 sic
1150 2333 1196 2369 A,
1215 2334 1257 2369 B,
1278 2338 1309 2362 et
1327 2333 1372 2371 E3
1391 2333 1508 2372 reliqui
1527 2342 1585 2372 pro
1606 2337 1714 2361 nostra
1732 2331 1875 2361 scribunt
1893 2337 2010 2365 uestra,

127 2391 189 2410 uno
209 2383 339 2418 excepto
360 2390 376 2413 χ
390 2379 423 2414 3,
444 2389 534 2417 quem
555 2389 660 2408 errore
679 2379 713 2408 in
731 2389 837 2409 ueram
855 2380 1004 2409 incidisse
1023 2382 1208 2421 scripturam
1229 2387 1385 2411 certumst.

203 2428 237 2457 C.
256 2426 350 2459 XIV.
369 2424 397 2466 5.
416 2427 463 2455 35.
501 2428 566 2456 Sed
582 2433 654 2457 aut
672 2430 865 2458 contentione
884 2429 1009 2459 dicendi
1027 2435 1086 2459 aut
1103 2431 1267 2460 lacessitus
1272 2440 1286 2466 ;
1314 2429 1358 2458 sic
1377 2429 1424 2466 A,
1442 2429 1485 2464 B,
1506 2433 1538 2456 et
1556 2427 1600 2463 E,
1629 2426 1746 2465 reliqui
1766 2432 1824 2456 aut
1843 2432 1913 2456 ante
1933 2436 2007 2455 con-

129 2477 263 2505 tentione
282 2473 440 2503 omittunt.
1717 2488 1721 2489 ⁷

1542 2522 1587 2553 3*
