2185 2720
131 154 182 181 150
779 135 1354 168 COMMENTARIUS.

896 215 1056 250 CAP.
1105 214 1245 250 XXIV.

218 297 247 339 §.
273 293 322 326 58.
369 293 413 324 Ῑ..
437 287 606 331 Cassium)
652 287 723 330 Qui
748 294 816 319 erat
836 287 1039 330 subscriptor
1061 284 1261 319 Laterensis.

218 348 276 381 1Νέ
299 346 399 378 illum
422 344 559 388 quidem
581 342 785 374 quentium
808 346 918 372 tecum
940 338 1172 385 expostnlczui)
1217 338 1284 370 Pro
1300 339 1527 382 'expostulant‘
1548 338 1769 381 Pantagathus
1792 340 2010 383 expostulabo

136 401 308 445 legendum
333 397 479 441 putauit,
513 394 601 437 quod
634 393 784 437 probauit
814 393 982 424 Ernestius
1012 392 1187 433 textuique
1210 391 1322 422 intulit
1346 390 1531 422 Schutzius.
1575 392 1703 424 Mirum
1728 398 1788 429 est,
1822 404 1890 423 non
1913 393 2014 425 intel-

137 455 257 487 lexisse
287 452 377 483 uiros
410 450 537 483 doctos,
577 448 729 479 futurum
761 445 981 489 expostulabo
1002 446 1102 488 plane
1126 444 1274 474 alienum
1297 444 1337 474 ab
1362 444 1426 475 hoc
1449 443 1522 475 1000
1547 455 1626 482 esse,
1650 444 1684 474 in
1710 456 1776 486 quo
1802 455 1878 475 cum
1902 445 2013 476 Cassio

139 509 204 539 iam
226 513 463 547 responsurum
488 512 522 531 se
546 512 615 531 esse
638 501 755 531 Cicero
779 498 878 537 dicat,
920 498 1069 540 profecto
1094 508 1170 528 cum
1191 497 1373 528 Laterense
1402 507 1492 526 nunc
1513 496 1605 526 nolle
1628 508 1661 527 se
1683 496 1843 539 conloqui
1866 497 2015 529 ostendit.

138 558 244 600 Atqui
277 554 497 599 expostulabo
527 553 553 583 si
586 552 739 590 dixisset,
778 551 813 581 in
837 551 1050 593 sequentibus
1081 549 1178 580 etiam
1203 560 1279 580 cum
1302 549 1482 580 Laterense
1505 548 1747 591 disputaturum
1769 561 1804 580 se
1826 550 2014 582 declararet.

140 612 248 645 Unice
271 620 389 640 uel-um
416 607 516 648 igitur
540 605 760 649 <ax-postulaui
782 609 845 641 esi,
871 603 957 645 quod
981 602 1122 633 refertur
1145 601 1184 632 ad
1203 601 1389 632 orationem
1412 601 1635 643 superiorein,
1669 600 1704 631 in
1729 613 1793 643 qua
1815 609 1927 634 contra
1948 604 2018 636 La..

140 671 301 696 terensem
322 661 439 692 Cicero
464 658 654 701 disputauit.
701 656 870 688 Sententia
897 655 998 687 totius
1021 654 1086 686 loci
1108 655 1190 686 haec
1203 661 1268 686 est:
1295 654 1405 686 Multa
1425 653 1521 691 dete,
1546 653 1746 692 Laterensis,
1768 666 1785 685 a
1804 656 1915 687 Cassio
1932 655 2018 687 dicta

138 723 231 755 sunt,
262 726 346 756 quae
369 725 438 744 non
461 718 548 743 recte
572 722 641 741 esse
663 709 747 740 dicta
767 708 883 748 facile⁷
919 708 945 739 si
968 707 1167 745 noluissem,
1201 707 1319 739 docere
1340 706 1447 749 potui.
1491 706 1622 738 Uerum
1644 718 1686 737 ne
1709 707 1784 738 illut
1808 708 1942 750 quidem
1963 720 2020 740 re-

140 768 323 801 fellendum
352 765 487 808 putaui,
534 763 621 806 quod
652 762 708 804 qui
739 762 868 804 primus
897 761 936 792 de
960 760 1058 803 plebe
1087 760 1202 791 aedilis
1232 760 1357 791 curulis
1387 758 1427 789 sit
1457 758 1576 797 factus,
1620 770 1638 790 e
1659 767 1755 801 gente
1784 767 1838 791 tua
1867 762 2019 793 quentia

140 821 317 853 oriundum
341 819 442 850 fuisse
465 817 566 857 dixit,
605 815 747 857 ideoque
770 813 905 845 Plancio
933 819 965 844 te
988 818 1126 855 propter
1152 813 1282 855 generis
1306 811 1514 844 nobilitatem
1544 811 1646 843 fuisse
1668 813 1938 855 anteponendum
1959 813 2020 845 do-

141 885 215 905 cere
235 872 368 903 studuit.

226 926 386 959 Primum
412 923 452 955 de
473 921 569 965 plebe
591 921 737 952 aedilem
763 917 930 959 curulem)
973 917 1146 948 Ernestius
1175 917 1214 948 ad
1239 917 1272 948 h.
1296 917 1319 947 l.
1354 921 1451 958 negat
1473 915 1630 957 Pighium
1659 917 1751 948 hunc
1775 917 1944 949 Ciceronis
1966 918 2020 949 lo-

141 990 217 1010 cum
246 978 285 1008 de
315 975 469 1008 quentio
501 973 611 1016 primo
643 974 682 1004 de
712 972 810 1015 plebe
840 970 938 1001 aedili
970 969 1077 1000 curuli
1108 969 1262 1012 tetigisse.
1305 968 1353 1001 At
1378 980 1455 999 eum
1485 968 1601 1010 utique
1623 970 1728 1012 tetigit
1750 970 1787 1001 ad
1811 971 1856 1002 A.
1879 971 1923 1003 U.
1947 970 2021 1002 588.

141 1033 183 1064 Τ.
208 1032 233 1062 l.
257 1042 290 1073 p.
316 1040 387 1069 272.
413 1034 442 1057 et
466 1038 508 1057 ex
532 1026 564 1056 h.
589 1026 611 1057 1.
637 1024 808 1057 Ciceronis
839 1024 982 1054 alterum
1010 1022 1150 1053 aedilem
1183 1033 1328 1064 eumque
1349 1021 1500 1065 primum
1525 1021 1564 1052 de
1586 1022 1685 1064 plebe
1714 1022 1865 1053 nominat
1895 1023 2022 1054 quen-

141 1085 225 1116 tium
257 1083 436 1113 Thalnam.
483 1080 600 1120 Quum
627 1085 739 1109 autem
769 1077 846 1108 dicit
877 1076 1074 1107 Ciceronem
1108 1077 1231 1107 testari
1258 1076 1349 1107 hunc
1375 1074 1525 1116 primuni
1559 1074 1598 1104 de
1623 1074 1723 1116 plebe
1745 1074 1885 1106 aedilem
1908 1074 2022 1115 fuisse,

143 1149 211 1169 non
243 1132 475 1166 animaduertit
499 1131 696 1162 Ciceronem
726 1130 838 1173 ipsum
867 1128 955 1159 nihil
983 1127 1067 1159 aliut
1096 1127 1222 1167 dicere,
1262 1139 1362 1170 quam
1384 1138 1418 1157 se
1440 1126 1505 1158 hoc
1535 1127 1686 1169 primum
1707 1139 1728 1158 a
1750 1128 1862 1159 Cassio
1883 1127 2021 1169 audisse,

145 1191 241 1231 idque
267 1188 376 1230 ipsum
403 1196 484 1215 num
508 1195 628 1215 uerum
655 1189 737 1214 csset
761 1181 964 1213 addubitare.
1009 1180 1228 1212 SCIIL'TZIUS.

227 1242 270 1273 In.
295 1251 378 1284 quo,
412 1238 524 1276 Cassi,
559 1237 590 1268 si
614 1236 676 1267 tibi
700 1236 751 1267 ita
774 1235 1014 1278 respondeam,
1047 1234 1192 1265 nescisse
1216 1233 1254 1264 id
1270 1232 1441 1276 populum
1462 1234 1524 1274 R„
1558 1244 1666 1275 neque
1683 1231 1797 1274 fuisse
1819 1232 1905 1276 quid
1928 1232 2024 1265 nobis

144 1299 322 1332 narraret,
340 1291 550 1335 praesertim
573 1295 707 1321 mortno
730 1288 850 1330 Conco)
895 1288 942 1318 Iu
953 1287 1127 1318 uentiae
1151 1285 1358 1324 familiae,
1395 1297 1444 1317 ex
1469 1297 1547 1328 qua
1569 1285 1819 1317 Laterensis
1841 1290 2023 1316 contex-

147 1354 231 1379 tum
254 1344 424 1387 generis
448 1343 645 1381 habebat,
669 1341 930 1384 probaturus
952 1345 1145 1371 ueterem
1169 1337 1443 1369 nobilitatem
1468 1338 1638 1370 Cassius
1660 1338 2024 1379 praeiactauerat,

145 1400 256 1430 hunc
285 1397 466 1428 aedilem
495 1396 634 1439 primo
665 1400 756 1424 ante
789 1393 900 1424 alios
927 1393 1021 1424 loco
1053 1391 1162 1423 fieri
1190 1390 1394 1421 debuisse.
1417 1408 1460 1414 -
1480 1390 1569 1430 —¹)
1604 1390 1740 1432 igitur
1765 1390 1807 1421 in
1831 1390 2024 1422 Cassium

150 1451 300 1490 sacta2)
326 1450 373 1481 M.
399 1449 578 1480 Tullius
601 1452 741 1488 negat,
768 1446 991 1488 populum,
1029 1444 1070 1475 id
1092 1450 1153 1474 cst
1174 1443 1330 1485 uulgus
1353 1442 1666 1484 inperitorum,
1702 1442 1898 1475 iudicare
1920 1455 2024 1487 pae-

146 1503 262 1534 nitus
286 1503 330 1532 de
355 1502 558 1533 familiae
581 1498 784 1529 clarioris
809 1497 1041 1529 nobilitate
1064 1496 1278 1538 potuisse,
1312 1502 1356 1527 ut.
1381 1494 1557 1526 nonnisi
1579 1494 1813 1537 peritiores
1834 1501 2027 1527 uetusta-

148 1555 199 1585 tis
222 1561 256 1585 et
283 1554 352 1595 qui
376 1554 677 1596 antiquitatem
703 1562 778 1593 per
800 1550 1013 1582 historias
1039 1549 1221 1591 legerint
1243 1549 1342 1580 haec
1363 1547 1477 1578 scire
1499 1547 1713 1579 facillime
1736 1548 1911 1591 possint.
1945 1547 2026 1579 At·—

149 1619 228 1649 que
277 1607 372 1638 ideo
419 1606 684 1637 mentionem
722 1603 856 1635 Conci
898 1603 1072 1634 uidetur
1117 1601 1453 1644 interposuisse,
1498 1600 1569 1641 qui
1602 1611 1678 1642 per
1716 1600 1827 1632 illud
1865 1606 2028 1642 tempus

149 1660 407 1697 decesserat,
453 1658 576 1689 homo
614 1657 812 1687 curiosus
850 1662 886 1687 et
925 1654 1109 1696 diligens
1147 1653 1357 1685 eruendae
1398 1651 1636 1683 uetustatis.
1699 1654 1800 1684 Nam
1839 1651 2027 1683 histori-

150 1724 217 1743 cus
241 1729 284 1735 —
306 1729 347 1734 —
370 1728 411 1734 --
450 1711 610 1741 Sensum
637 1711 845 1742 UATICANA.
890 1707 1001 1739 Habet
1032 1706 1212 1738 Uaticanus
1243 1706 1325 1737 haec
1358 1716 1441 1747 quae
1469 1703 1632 1746 proposui
1663 1705 1764 1735 uerba
1794 1704 1889 1736 Tulli
1916 1704 1962 1734 sic
1990 1710 2026 1735 ut

149 1765 222 1795 dedi
251 1764 388 1806 scripta;
424 1774 467 1794 ex
491 1775 557 1804 quo
584 1763 647 1793 hoc
674 1763 824 1804 primum
857 1765 1011 1803 apparet,
1042 1764 1129 1790 recte
1152 1770 1207 1789 me
1233 1758 1404 1800 uolgarem
1433 1756 1629 1798 scripturam
1653 1756 1783 1798 Proleg.
1808 1758 1849 1789 L.
1874 1757 1918 1788 II.
1941 1757 1979 1789 C.
2000 1757 2027 1788 Ι.

151 1817 181 1858 ξ.
208 1817 255 1847 14.
286 1823 400 1851 contra
429 1815 582 1846 Bauarici
613 1814 790 1845 lectionem
821 1813 1014 1844 defendisse.
1060 1812 1148 1842 Nam
1179 1811 1264 1842 leuis
1296 1822 1388 1841 error
1423 1815 1486 1845 est,
1526 1809 1612 1850 quod
1645 1809 1730 1852 quid
1759 1821 1820 1851 pro
1852 1810 1914 1853 qui
1934 1809 1972 1840 iel
1993 1809 2028 1840 in

151 1870 227 1902 Uai.
252 1869 412 1911 scriptum
436 1875 492 1899 est.
538 1870 617 1900 Non
646 1867 752 1910 probo
781 1872 909 1904 autem,
947 1863 1033 1906 quod
1057 1863 1121 1895 tibi
1146 1864 1195 1895 ita
1223 1875 1284 1906 pro
1317 1863 1381 1895 ita*
1402 1862 1465 1894 tibi
1491 1862 1605 1898 habet,
1643 1872 1719 1892 cum
1741 1861 1805 1893 tibi
1828 1862 2027 1901 encliticum,

151 1922 202 1953 ila
225 1927 337 1951 autem
360 1931 435 1951 cum
460 1921 494 1951 ui
517 1921 641 1950 dictum
661 1919 711 1950 sil.
757 1919 811 1950 De
838 1918 940 1949 Conci
971 1916 1108 1947 nomine
1139 1916 1217 1957 quid
1246 1915 1353 1946 dicam
1381 1915 1502 1947 nescio.
1549 1915 1636 1946 Nam
1662 1921 1696 1946 ut
1717 1926 1759 1945 ex
1783 1915 1945 1958 Longino
1971 1925 2030 1945 ue-

153 1972 334 2004 tustissumi
364 1973 456 2003 illius
486 1973 600 2004 librari
631 1973 730 2014 culpa
762 1981 885 2002 nomen
909 1968 1011 2000 Conci
1035 1974 1144 2000 ortum
1171 1979 1240 1999 esse
1263 1968 1426 2011 suspicer,
1469 1967 1530 1999 uix
1553 1979 1689 2009 possum
1713 1966 1838 1998 adduci.
1882 1965 2030 2004 Accedit,

154 2025 240 2067 quod
273 2025 344 2068 ipse
367 2025 572 2057 Ersurtensis
604 2036 672 2056 non
701 2022 814 2055 scribit
835 2021 1017 2063 Longin‹›,
1055 2026 1102 2051 set
1135 2020 1255 2064 longe,
1293 2027 1323 2052 el
1347 2021 1452 2062 quod,
1490 2019 1669 2052 Bauaricus
1696 2019 1773 2061 quid
1795 2019 1928 2059 habeat,
1964 2030 2031 2051 non

231 2177 259 2214 1)
298 2176 414 2216 Supple
435 2178 494 2207 duo
514 2182 673 2211 uocabula.
712 2182 750 2210 A.
770 2181 889 2210 Msxrs.

230 2236 260 2274 2)
299 2236 350 2263 Sic
371 2245 424 2273 ego
446 2247 484 2265 ex
505 2239 684 2268 coniectura
704 2238 824 2277 scripsi.
865 2235 987 2271 CodOX‚
1025 2246 1115 2274 quem
1141 2241 1263 2264 secutus
1291 2241 1335 2264 est
1362 2236 1398 2264 A.
1419 2237 1536 2270 Maius,
1567 2236 1660 2265 linbct
1679 2237 1805 2275 sactum
1833 2235 1971 2266 Tullius,
2005 2233 2029 2261 si

157 2287 242 2311 recte
262 2283 336 2320 legit
357 2283 467 2312 Maius.
507 2284 579 2313 Non
601 2292 646 2314 cst
668 2291 769 2314 autem
790 2285 934 2319 dubium,
970 2283 1044 2321 quin
1064 2288 1134 2311 ante
1154 2285 1254 2321 igilur
1275 2283 1426 2311 exciderit
1447 2284 1670 2311 substantiuom
1691 2282 1829 2321 aliquod,
1859 2292 1926 2309 casu
1948 2281 2032 2308 abla—

158 2331 224 2359 tiuo
245 2331 389 2368 positum,
409 2331 445 2358 ad
466 2332 547 2368 quod
559 2332 656 2370 facta
676 2333 911 2361 refercndmnst.
951 2333 1082 2359 Factam
1102 2331 1128 2358 si
1148 2340 1221 2358 uera
1243 2335 1321 2358 essct
1341 2331 1503 2368 scriptura,
1524 2331 1616 2359 statui
1639 2331 1778 2363 deberet,
1800 2333 1869 2356 ante
1890 2329 2033 2356 substau-

159 2378 257 2407 tiuom
286 2377 373 2411 illut,
413 2378 495 2415 quod
522 2380 673 2408 excidisse
699 2379 786 2414 dico,
822 2385 894 2416 post
921 2378 1183 2417 praepositionem
1203 2377 1304 2414 ⁴fuisse
1331 2378 1472 2416 positam.
1513 2381 1554 2406 At
1581 2378 1638 2406 hoc
1665 2387 1727 2405 non
1753 2380 1856 2414 aptum
1884 2376 1964 2403 soret
1985 2375 2033 2403 lo-

161 2424 276 2464 quendi
296 2434 398 2462 genus.
