2185 2720
151 166 332 196 LXXVIII
820 148 1350 194 PRoLEc-OMENA.

146 252 236 280 posse
255 242 321 280 lege
339 239 468 268 Licinia
486 238 673 275 Plancium,
706 239 832 277 quando
850 241 914 268 sint
940 240 1025 268 aliae
1051 239 1151 268 tribus
1171 239 1291 274 editae,
1324 248 1380 267 nec
1406 238 1482 267 illae
1502 241 1726 275 potissumum,
1758 253 1837 281 quae
1856 244 2019 280 sumpsisse

146 290 312 326 pecuniam
333 289 528 319 dicerentur,
555 290 585 313 et
604 296 682 324 quas
700 286 768 314 ideo
788 287 840 315 uel
864 296 1007 315 maxume
1035 293 1163 316 senatus
1191 286 1242 314 edi
1266 286 1430 320 uoluisset,
1464 291 1499 313 ut
1520 291 1548 314 et
1567 287 1742 316 iudicarent
1762 295 1790 317 et
1811 291 2020 318 testimonium

149 337 202 364 uel
219 342 327 363 contra
345 344 433 362 reum
451 333 504 361 uel
514 343 575 371 pro
594 343 646 361 reo
665 343 702 363 ex
719 334 789 371 ipsa
808 335 942 362 ueritate
962 334 1178 372 perhiberent,
1206 335 1262 372 qui
1280 335 1348 362 sine
1376 332 1485 367 ᾱιιῦἰο,
1506 333 1585 371 quid
1607 339 1683 361 esset
1703 341 1780 372 aput
1803 336 1927 364 tribulis
1951 346 2021 365 suos

146 389 282 420 gestum,
304 387 425 419 optume
443 381 567 408 scirent.

222 438 328 476 Itaque
356 443 466 477 sponte
494 437 555 466 iam
582 436 764 473 concidunt,
797 447 874 476 quae
898 437 1059 468 Manutius
1093 441 1125 465 et
1153 435 1359 472 Garatonius,
1392 435 1514 475 decepti
1546 436 1695 467 uarietate
1721 438 1910 478 scripturae,
1944 450 2021 478 quae

149 486 182 514 C.
203 485 296 513 XVI.
315 483 343 524 ς.
363 487 409 516 38.
430 486 462 514 in
482 484 587 514 uerbis
607 494 681 512 nam
700 485 878 518 :Van-iam,
910 496 968 524 pro
989 485 1101 523 quibus
1127 483 1241 512 uitiose
1270 483 1303 512 in
1323 483 1413 512 libris
1433 483 1530 511 malae
1549 490 1639 513 notae
1659 497 1733 514 nam
1753 489 1879 515 tertiam
1897 487 2021 525 legitur,

147 532 184 559 de
205 531 304 560 tribus
331 533 474 562 tribubus
500 533 537 561 ab
565 536 756 559 accussatore
783 531 876 560 editis
903 532 1068 561 commenti
1095 536 1174 560 sunt.
1214 531 1285 569 Qua
1312 531 1349 560 de
1375 541 1479 559 caussa
1506 531 1719 562 adnotationes
1747 543 1854 563 eorum
1873 534 2021 564 inimum

145 578 313 616 marginem
332 579 383 608 hic
402 580 523 609 reicere
542 577 614 607 satis
633 578 742 616 putaui
759 577 797 617 *).

221 637 367 667 Ceterum
387 642 480 666 er1u1t
505 637 651 670 sortasse,
682 634 735 673 qui
761 634 821 664 hoc
840 641 1000 675 praeterea
1025 636 1177 676 scriptum
1204 636 1239 665 in
1258 636 1325 675 lege
1345 635 1473 664 Licinia
1498 635 1593 665 fuisse
1619 642 1747 676 putent,
1776 648 1826 667 eas
1844 643 1964 667 tantum
1982 639 2020 667 ab

145 689 334 713 accussatore
354 686 454 714 tribus
474 684 587 713 debere
608 681 674 717 edi,
695 692 766 720 quas
786 683 813 711 is
833 694 850 712 a
869 694 923 712 reo
944 690 1104 723 corruptas
1126 684 1359 719 criminaretur,
1385 693 1454 711 cum
1474 683 1508 711 id
1525 684 1706 722 frequenter
1726 685 1835 714 Cicero
1855 685 2021 714 Laterensi

149 733 336 770 exprobret,
365 731 464 770 quod,
492 741 561 759 cum
587 739 653 758 non
673 729 806 759 ediderit
825 741 898 769 quas
917 730 1082 769 largitione
1111 735 1271 770 corruptas
1291 730 1472 760 criminatus
1492 737 1588 769 esset,
1617 737 1723 761 contra
1739 733 1817 771 legis
1837 733 2021 762 sententiam

143 779 262 808 fecerit⁴
300 779 454 807 Adferent
473 777 523 805 illi
541 777 579 806 ad
598 777 813 806 stabiliendam
833 779 1016 807 sententiam
1042 789 1127 808 suam
1145 778 1202 807 hos
1222 778 1326 806 locos:

222 837 256 865 C.
275 835 368 864 XVI.
388 834 416 875 §.
437 836 482 873 39.
521 834 681 864 Dubitatis
707 837 826 873 igitur,
851 835 986 869 iudices,
1013 837 1089 873 quin
1115 846 1170 864 uos
1188 838 1237 866 M.
1256 836 1438 866 Laterensis
1457 846 1511 865 suo
1537 836 1671 873 iudicio,
1695 847 1758 866 non
1783 836 1836 866 acl
1859 841 2021 865 senten·

143 887 244 914 tiam
262 885 387 922 legis,
406 888 451 911 set
470 882 515 910 ad
531 891 620 910 suam
638 892 724 920 spem
741 883 882 920 aliquam
901 882 938 911 de
957 883 1088 911 ciuitate
1106 883 1278 921 delegerit?

218 941 252 970 C.
273 939 381 970 XVII.
401 937 428 979 §.
447 939 494 968 42.
530 940 640 977 Neque
659 949 713 978 ego
736 950 820 967 nunc
839 940 915 977 legas
933 940 1133 978 iniquitatem
1152 951 1278 979 queror,
1302 945 1348 968 set
1367 939 1498 978 factum
1516 942 1605 968 tuum
1631 951 1651 969 a
1677 952 1692 969 s
1700 953 1714 970 e
1723 952 1744 970 n
1753 947 1765 969 t
1775 953 1790 970 e
1798 952 1819 969 n
1827 947 1840 969 t
1848 942 1861 969 ι’
1869 950 1889 968 a
1914 942 1927 969 l
1934 951 1978 979 eg
1985 942 1998 969 i
2004 950 2019 968 s

143 990 233 1019 doceo
252 989 447 1025 discrepare5
472 992 502 1015 et
521 987 596 1016 illut
614 987 758 1016 acerbum
776 987 930 1016 iudicium
948 987 990 1023 si,
1027 987 1356 1026 quemadmodum
1381 992 1549 1015 senatus
1574 997 1665 1016 cens
1675 989 1735 1017 uit
1754 999 1779 1027 p
1789 999 1833 1027 op
1843 999 1864 1017 u
1874 989 2021 1027 Iusque

210 1145 232 1178 ἢ
254 1143 400 1170 Manutius:
427 1142 543 1175 „indicat
561 1141 604 1168 hic
621 1141 710 1175 locus,
734 1141 781 1168 ubi
798 1140 846 1166 tris
862 1140 946 1166 tribus
964 1145 1114 1167 accussator
1132 1141 1243 1174 ederet,
1267 1140 1372 1166 tertiam
1392 1149 1406 1166 a
1424 1148 1473 1165 reo
1490 1139 1557 1164 reici
1574 1140 1722 1174 potuisse.“
1756 1140 1884 1166 Similiter
1901 1141 2018 1167 Garato-

140 1190 199 1217 nius
223 1190 286 1215 Cur.
310 1189 369 1214 Sec.
388 1198 414 1222 p.
432 1188 555 1214 28—30.
573 1187 657 1219 „Bau-
675 1195 739 1212 nam.
757 1186 840 1212 etiam
864 1195 922 1211 cum
941 1186 998 1211 aliis
1016 1186 1158 1218 mendose,
1184 1191 1273 1212 tamen
1292 1195 1325 1211 ex
1343 1193 1407 1210 uera
1425 1184 1543 1209 lectione
1561 1184 1712 1217 Maeciam,
1738 1194 1815 1219 quam
1833 1185 1888 1211 Erf.
1907 1193 2017 1210 conser-

141 1235 229 1266 uauit,
248 1233 289 1258 cui
309 1232 415 1266 quidem
432 1231 540 1265 propius
559 1231 689 1256 accedunt
707 1230 796 1258 Oxou.
816 1231 943 1264 quinque.
977 1231 1045 1256 Tres
1065 1231 1133 1255 enim
1151 1230 1250 1256 habeut
1266 1229 1391 1259 Menam,
1408 1237 1476 1253 unus
1493 1228 1608 1253 maclam
1626 1233 1653 1253 et
1671 1229 1738 1253 alter
1756 1229 1785 1254 ui
1803 1229 1897 1255 eciam.
1927 1229 2015 1262 Atque

139 1278 201 1303 illut
219 1277 247 1301 ui
266 1286 298 1302 ex
316 1277 350 1301 M
364 1284 412 1300 seu
430 1284 456 1300 m
473 1274 612 1308 profluxit,
639 1284 671 1301 ex
689 1284 741 1309 quo
760 1276 805 1300 alii
819 1275 988 1301 numeralem
1005 1279 1094 1300 notam
1112 1274 1159 1299 111.
1178 1274 1343 1304 effecerunt,
1369 1281 1438 1306 quae
1457 1272 1544 1297 multis
1562 1273 1647 1298 fraudi
1664 1274 1728 1303 fuit;
1751 1273 1869 1307 inprimis
1889 1273 1939 1306 ipsi
1955 1272 2017 1298 Ma-

141 1322 231 1353 nutio,
250 1321 294 1354 qui
313 1329 370 1345 cum
389 1319 500 1344 tertiam
517 1318 673 1352 inuenisset,
697 1320 731 1345 de
751 1320 918 1345 Crustumina
942 1318 1090 1351 intellexit,
1115 1327 1182 1352 quae
1204 1317 1286 1342 tertio
1303 1317 1455 1341 nominatur
1471 1317 1548 1346 loco3
1575 1316 1678 1342 Maecia
1697 1322 1791 1350 quarto
1806 1326 1875 1343 nunc
1893 1317 2015 1342 additast.

142 1366 308 1398 Quamquam
327 1364 393 1388 haec
413 1372 470 1388 cum
488 1363 660 1396 sequentibus
678 1364 801 1389 uidentur
818 1372 942 1397 pugnare.
977 1363 1079 1395 Quodsi
1097 1362 1165 1387 duae
1183 1366 1283 1387 tantum
1300 1361 1384 1385 tribus
1403 1360 1436 1385 ad
1453 1360 1622 1385 iudicandum
1642 1366 1717 1386 erant
1735 1361 1868 1394 edendae,
1885 1366 1915 1385 ut
1931 1361 2019 1394 suspi-

142 1409 195 1434 cari
222 1409 301 1440 licet,
327 1406 447 1432 consulto
466 1406 599 1431 Manutius
616 1406 760 1433 lectionem
778 1409 849 1433 illam
868 1416 940 1432 suam
959 1407 1106 1440 delegerit,
1131 1415 1215 1440 eaque
1233 1405 1322 1431 uerior
1339 1404 1528 1430 existumauda.
1564 1404 1636 1436 Quid
1655 1409 1695 1429 est
1713 1405 1797 1437 enim,
1818 1405 1890 1439 quod
1904 1405 1931 1431 in
1945 1405 2018 1430 dua-

140 1454 189 1478 bus
207 1458 309 1477 tantnm
330 1451 413 1477 omnis
432 1450 498 1475 haec
518 1450 661 1483 disputat-io
681 1451 820 1476 uersatur?
850 1451 894 1476 hic
915 1455 1002 1476 autem
1019 1450 1094 1475 locus
1111 1459 1164 1475 non
1182 1458 1279 1483 anceps
1300 1449 1360 1474 est?
1391 1447 1598 1482 permutationes
1615 1456 1668 1472 non
1692 1447 1758 1473 lieet
1782 1449 1829 1475 has
1845 1450 1873 1475 in
1891 1449 2016 1475 utramuis

139 1502 241 1531 partem
261 1496 389 1521 trahere?
412 1495 481 1520 Mihi
497 1499 585 1519 tamen
605 1495 692 1520 omnia
710 1496 887 1520 consideranti
904 1502 991 1528 neque
1010 1493 1140 1519 dubitatio
1158 1493 1263 1527 penitus
1282 1493 1407 1526 eripitur,
1435 1500 1522 1524 neque
1544 1491 1643 1516 codicis
1664 1492 1720 1519 Erf.
1747 1494 1906 1526 auctoritas,
1935 1502 2014 1527 quam

139 1541 311 1574 praecipuam
329 1540 413 1571 duco,
439 1544 467 1564 et
484 1539 594 1564 aliorum
612 1539 713 1564 mendis
731 1540 819 1572 augeri
842 1538 1007 1573 probabilius
1032 1542 1097 1571 puto
1120 1545 1197 1570 quam
1221 1536 1310 1562 minui.
1344 1536 1441 1569 Neque
1469 1544 1549 1567 uero,
1576 1536 1648 1568 quod
1672 1536 1715 1561 hic
1732 1536 1850 1562 Uoltinia
1865 1542 1965 1563 tantum
1983 1546 2014 1563 ac

139 1584 286 1609 Terentina
303 1585 451 1617 profertur,
474 1582 625 1608 necessario
645 1584 830 1616 consequitur,
859 1584 922 1608 duas
941 1582 1005 1607 alias
1023 1581 1106 1605 tribus
1126 1581 1169 1605 edi
1187 1590 1239 1606 non
1256 1580 1391 1614 potuisse,
1418 1584 1447 1604 ut
1465 1588 1516 1605 uua
1534 1581 1634 1605 reiecta
1653 1585 1705 1605 tres
1725 1581 1838 1614 denique
1855 1581 2013 1607 iudicarent·

139 1628 185 1653 Set
202 1636 235 1652 ne
254 1627 305 1651 alia
323 1627 407 1652 maior
425 1631 452 1651 et
468 1627 638 1660 apertissurna
656 1627 792 1652 exoriatur
809 1626 994 1660 repugnantia,
1020 1625 1186 1650 statuendum
1203 1625 1349 1655 omninost‚
1374 1630 1567 1649 accussatorem
1585 1625 1672 1658 primo
1690 1625 1820 1657 tribuum,
1839 1634 1903 1658 quas
1921 1625 2013 1658 uellet,

138 1672 242 1697 nomina
261 1671 320 1705 lege
346 1671 450 1696 Licinia
474 1670 602 1702 edidisse,
626 1679 733 1703 quarum
756 1671 857 1695 reicere
883 1679 959 1695 unam
983 1678 1030 1694 reo
1048 1669 1170 1698 licuerit;
1196 1677 1229 1693 ex
1254 1668 1365 1701 reliquis
1390 1668 1486 1693 deinde
1510 1668 1584 1693 illum
1609 1669 1710 1693 iudices
1729 1669 1875 1701 delegisse,
1900 1678 2011 1702 quorum

137 1717 202 1742 reici
222 1726 298 1741 nemo
317 1720 415 1749 posset.
449 1715 591 1748 Postquam
610 1714 702 1748 igitur,
732 1715 787 1739 siue
808 1714 998 1739 Crustuminam
1020 1713 1093 1737 malis
1117 1713 1174 1737 siue
1192 1712 1321 1737 Maeciam
1339 1712 1461 1745 Plancius
1479 1712 1630 1744 reiecisset,
1650 1721 1683 1737 ex
1701 1713 1757 1737 aliis
1775 1713 1894 1738 tribubus
1911 1713 2012 1739 iudices

138 1761 230 1786 habuit
246 1761 409 1794 repentinos.
443 1759 480 1784 At
497 1759 549 1784 hoc
567 1763 684 1792 apertum
703 1764 756 1787 est;
775 1759 834 1783 illut
852 1759 1005 1790 obscurum,
1032 1757 1165 1791 quomodo
1183 1756 1335 1781 Laterensis
1354 1762 1454 1782 certam
1472 1757 1584 1788 tribum,
1611 1766 1677 1790 quae
1697 1767 1711 1782 a
1729 1757 1838 1782 Plancio
1854 1757 2011 1790 τείσει-ειμι,

137 1805 274 1837 designare
292 1805 419 1838 potuerit.
453 1803 552 1828 Eratne
570 1802 626 1835 ipse
646 1803 672 1827 in
690 1811 721 1827 ea
739 1802 829 1827 tribu?
857 1812 889 1827 an
907 1802 1026 1828 homines
1046 1801 1155 1826 Plancio
1182 1809 1301 1825 maxume
1322 1801 1440 1826 inimici?
1465 1801 1540 1825 Haec
1559 1806 1632 1825 certe
1649 1801 1761 1826 reiectio
1779 1809 1853 1825 reum
1871 1800 1935 1825 haut
1951 1810 2010 1826 me-

137 1850 264 1874 diocriter
282 1847 446 1873 subleuabat.
481 1847 584 1872 Tamen
601 1855 652 1872 non
671 1851 710 1871 est
729 1856 762 1872 eo
781 1852 921 1872 contentus
940 1851 1044 1877 orator,
1069 1850 1096 1870 et
1113 1845 1196 1870 tribus
1214 1854 1262 1870 reo
1281 1845 1417 1870 deuinctas
1435 1845 1633 1870 necessitudine
1653 1845 1723 1870 omni
1740 1845 1853 1878 flagitat,
1870 1844 2009 1878 legemque

135 1894 219 1928 ipsam
237 1893 384 1924 Liciniam,
411 1892 459 1917 etsi
481 1890 566 1916 uideri
589 1899 643 1915 non
667 1891 741 1922 uolt,
766 1891 923 1917 auctoritate
947 1895 1051 1916 senatus
1076 1890 1255 1922 expromenda
1276 1889 1356 1916 tacite
1374 1889 1560 1922 reprehendit,
1591 1898 1658 1922 quae
1684 1889 1717 1914 ad
1735 1889 1896 1915 uoluntatem
1913 1888 2010 1914 summi

137 1937 231 1963 consili
248 1936 392 1970 perscripta
411 1945 463 1961 non
482 1940 563 1966 esset,
582 1939 774 1959 accussatorem
790 1935 849 1959 uolt
865 1935 991 1960 senatoris
1008 1935 1034 1959 in
1052 1934 1152 1958 iudicio
1171 1943 1310 1967 personam
1327 1941 1443 1959 sumere.
1478 1932 1525 1957 Set
1543 1933 1585 1959 lex
1603 1942 1687 1966 aequa
1704 1939 1777 1962 erat3
1804 1932 1941 1965 ambitum,
1959 1941 2011 1967 pe-

137 1988 204 2008 stem
222 1981 261 2006 rei
280 1990 306 2014 p.
325 1985 526 2010 taeterrumam,
543 1983 583 2002 tot
601 1978 673 2011 leges
692 1987 819 2004 coercere
837 1989 891 2004 non
910 1983 1049 2013 poterant3
1066 1978 1182 2003 honesto
1204 1978 1282 2003 etiam
1300 1977 1488 2003 sodaliciorum
1499 1978 1608 2003 inuento
1626 1977 1731 2002 nomine
1749 1976 1902 2010 tegebatur3
1920 1985 2009 2001 reme-

137 2027 181 2052 dio
202 2030 257 2051 erat
276 2033 341 2058 opus
360 2024 450 2050 uaIIdo
470 2028 497 2048 et
513 2022 635 2051 salutari3
660 2032 746 2056 neque
765 2028 852 2048 tamen
872 2023 925 2048 ulla
943 2023 992 2048 suit
1016 2031 1139 2056 umquam
1165 2027 1236 2048 tanta
1259 2022 1346 2055 legum
1364 2022 1510 2053 acerbitas,
1541 2030 1607 2055 quae
1624 2027 1726 2054 pestem
1744 2022 1814 2046 illam
1833 2022 2009 2054 extingueret.

133 2071 212 2097 Plebs
231 2069 327 2095 etenim
344 2068 484 2100 largitione
500 2066 724 2100 corrumpebatur,
742 2076 831 2101 neque
848 2068 875 2093 in
889 2071 1026 2100 corruptos
1040 2076 1126 2100 poena
1141 2072 1206 2098 erat,
1224 2071 1265 2091 set
1282 2067 1310 2091 in
1329 2070 1513 2098 corruptorem
1532 2065 1558 2091 in
1576 2065 1608 2091 iis
1627 2071 1714 2091 autem
1731 2066 1874 2099 ordinibus,
1889 2066 1933 2100 qui
1950 2071 2006 2091 tum

134 2115 297 2146 iudicabant,
309 2112 384 2138 multi
399 2117 480 2143 erant,
499 2111 541 2144 qui
559 2110 720 2143 magistratus
734 2111 832 2136 ambitu
849 2112 972 2146 consequi
986 2111 1095 2137 uellent.
1113 2111 1141 2136 In
1155 2111 1204 2136 hac
1216 2110 1330 2143 denique
1344 2109 1530 2134 sodaliciorum
1545 2118 1634 2135 caussa
1648 2119 1706 2135 cum
1720 2111 1818 2136 crimen
1830 2116 1900 2136 esset
1914 2109 2007 2136 occul-

135 2159 195 2191 tius,
214 2158 247 2183 ad
266 2164 392 2183 conrnune
405 2155 501 2180 malum
513 2155 541 2180 id
555 2154 709 2186 accedebat,
728 2156 807 2189 quod,
819 2156 841 2180 si
858 2156 942 2182 tribus
954 2156 1099 2180 edebantur
1114 2163 1162 2180 reo
1179 2155 1334 2179 coniunctae
1350 2162 1477 2185 maxume,
1494 2154 1697 2187 indulgentiores
1711 2160 1820 2188 propter
1832 2153 2007 2181 uecessitudi-

135 2211 196 2228 nem
210 2202 291 2226 futuri
303 2200 404 2226 iudices
417 2199 582 2224 uidebantur.
598 2197 657 2223 Lex
670 2199 759 2232 itaque
776 2205 968 2225 accussatorum
983 2199 1145 2232 diligentiam
1159 2199 1301 2224 seueritate
1317 2197 1491 2223 adiuuandam
1507 2198 1620 2227 censuit3
1638 2207 1685 2223 nos
1701 2200 1840 2224 oratoriam
1855 2199 1924 2224 illam
1931 2197 2005 2222 Hor-

133 2246 201 2271 tensi
214 2244 416 2279 disputationem
434 2248 536 2268 acutam
556 2247 583 2267 et
601 2243 756 2276 speciosam,
772 2249 812 2268 set
828 2243 986 2268 accussatori
1002 2243 1065 2268 haut
1077 2243 1139 2268 satis
1154 2243 1246 2270 utilem
1265 2242 1465 2271 existumamus3
1484 2251 1560 2275 quam
1573 2242 1678 2276 quidem
1694 2243 1789 2267 Cicero
1807 2246 1891 2267 astute
1904 2241 1929 2266 in
1942 2249 2002 2267 rem

134 2299 207 2315 suam
226 2289 370 2319 conuertit,
395 2286 466 2321 quod
485 2292 634 2311 accussator
651 2287 743 2318 dabat,
765 2288 903 2320 arripiens.
938 2287 1006 2312 Nam
1024 2287 1070 2311 ille
1089 2287 1122 2311 de
1142 2286 1287 2311 Terentina
1306 2291 1332 2311 et
1349 2286 1483 2318 Uoltinia,
1503 2296 1566 2320 quas
1583 2296 1637 2311 non
1655 2278 1787 2316 ediderat,
1805 2284 2002 2315 crimin-abanim

137 2338 286 2367 suspectam
303 2332 405 2356 scilicet
423 2340 512 2357 earum
530 2331 645 2355 tribuum
663 2331 768 2364 plebem
785 2331 909 2362 habebat,
928 2336 1003 2356 caute
1021 2332 1121 2355 iudices
1139 2331 1336 2364 repudiauerat.
1369 2331 1422 2355 Hic
1441 2332 1627 2356 auctoritatem
1642 2335 1754 2359 senatus,
1773 2337 1830 2353 cum
1847 2328 1932 2362 legem
1950 2338 2002 2355 non

134 2382 241 2412 posset,
265 2376 391 2410 opponit,
417 2375 488 2408 quod
507 2375 616 2399 eaedem
635 2375 743 2400 Plancio
761 2380 832 2400 totae
850 2381 937 2400 essent
955 2375 1069 2399 deditae.
1104 2374 1163 2399 Hoc
1182 2380 1221 2399 est
1246 2376 1368 2408 profecto
1393 2376 1425 2400 ad
1444 2376 1621 2400 innocentiam
1640 2373 1765 2398 tuendam
1789 2373 1933 2405 egregium;
1959 2378 2000 2398 set

135 2420 236 2446 crimini
253 2419 411 2445 uindicando
423 2439 429 2451 ‚
447 2427 523 2451 quam
540 2419 574 2442 ob
598 2427 654 2444 rem
671 2419 716 2445 lex
737 2425 793 2445 erat
810 2420 878 2453 lata,
905 2428 960 2445 non
979 2424 1058 2444 esset.
1093 2419 1133 2444 Ita
1151 2419 1242 2444 summi
1261 2420 1376 2445 oratoris
1395 2419 1531 2445 artificium
1548 2419 1632 2443 latens
1651 2417 1764 2448 eruitur,
1789 2425 1842 2449 quo
1861 2416 1931 2442 uiam
1947 2417 1998 2443 sibi

134 2464 268 2491 conmunit
287 2463 443 2488 defensionis
461 2462 677 2495 amplissumam.“
