2185 2720
149 129 332 161 LXXXIV
824 130 1356 159 PROLEGOMENA.

150 204 372 239 intellexisset,
393 203 420 231 ei
442 213 506 230 sese
526 202 676 231 adiunxit.
717 202 750 231 Si
770 203 948 232 Laterensis
970 204 1098 232 Pedium
1125 213 1159 231 ac
1180 203 1316 231 Plotium
1344 203 1528 241 depulisset,
1558 205 1624 243 ipse
1645 217 1714 236 eum
1733 208 1861 236 Plancio
1883 208 2024 246 designa—

151 258 197 281 tus
218 250 345 280 suisset)
374 251 457 279 Hinc
479 260 503 278 e.
524 259 568 278 22.
590 251 642 278 Set
662 255 766 278 tamen
784 257 820 279 tu
839 252 880 279 A.
901 252 1056 287 Plotium,
1077 253 1182 279 uirum
1202 252 1460 286 omaticsumum,
1489 252 1523 278 in
1543 253 1624 280 idem
1643 256 1758 283 crimen
1778 256 1918 284 uocando
1939 257 2027 285 [mli—

150 310 218 331 caS,
247 309 312 326 eum
335 304 363 325 te
390 299 578 334 arripuisse,
604 308 624 325 a
644 307 702 335 quo
723 308 784 326 non
805 300 847 326 sis
872 304 1012 335 rogatus.
1039 298 1125 336 quasi
1145 297 1264 326 Plotius
1284 297 1460 335 pactionem
1490 308 1558 327 cum
1579 299 1748 329 Laterense
1767 302 1895 339 fecerit,
1927 313 1967 331 ne
1987 304 2025 332 ab

149 346 206 373 illo
233 350 451 373 accussaretur.
489 345 550 373 His
577 344 847 373 obseruationibus
874 344 959 372 hunc
986 345 1089 375 locum
1116 345 1252 374 arbitror
1280 344 1463 382 explica1·i.“

223 392 306 420 IInic
329 391 477 419 Garatoni
497 391 691 420 adnotatioui
711 392 858 420 continuo
880 401 915 420 ea
936 392 1032 429 addo,
1066 403 1142 431 quae
1162 393 1244 420 idem
1264 391 1314 423 uir
1334 391 1539 421 doctissumus
1560 393 1597 421 ad
1618 393 1652 422 C.
1673 394 1785 423 XXII.
1810 393 1837 434 §.
1858 396 1903 424 54.
1930 397 2028 426 aduo-

150 439 245 474 tauit,
266 448 335 466 011111
354 448 417 467 11011
437 444 497 467 tam
517 439 555 467 ad
575 438 680 474 illum,
710 449 801 478 quam
821 439 860 468 ad
878 438 961 467 hunc
980 440 1085 469 locum
1106 439 1333 481 explanandum
1352 439 1476 468 faciant.
1515 441 1648 479 Scripsit
1667 442 1712 469 ibi
1732 452 1763 480 p.
1782 442 1838 470 413
1852 453 1912 480 sq.:

224 486 337 522 „Hunc
366 486 405 521 Q.
432 486 562 515 Pedium
589 486 732 514 audacter
756 486 884 524 Pighius
911 487 1042 516 aedilem
1065 488 1168 526 plebis
1195 487 1358 516 constituit
1386 497 1465 516 auno
1493 487 1695 523 DCXCIX„
1730 489 1891 527 superiore
1918 500 2031 530 nempe

151 533 358 571 designatluu,
377 544 447 561 eum
467 544 537 562 011111
556 533 661 562 uideat
683 544 707 561 0.
728 544 753 571 7.
781 534 906 571 adiungi
926 534 1031 562 Plotio
1059 539 1091 562 et
1109 535 1255 571 Plancio,
1282 540 1314 563 et
1338 535 1431 563 simul
1459 534 1496 562 iis
1516 535 1653 563 comitiis
1674 535 1837 564 Laterensi
1858 537 1961 566 uideat
1980 539 2032 567 iu-

151 580 367 610 commodasse.
407 580 459 608 Set
479 590 515 608 ea
533 590 582 608 res
603 581 636 609 iu
655 581 756 619 pluris
776 581 971 610 difficultates
999 581 1142 612 incurrit.
1182 582 1249 611 Nos
1270 591 1339 613 eum
1359 582 1462 610 locum
1483 582 1574 610 aliter
1593 583 1764 621 explicasse
1785 585 1924 614 contenti
1943 596 2027 615 nune

151 639 168 657 a
188 627 298 666 Pighio
320 628 510 665 quaerimus,
538 633 641 657 utrum
662 629 862 657 Laterensem
882 629 1071 658 aedilitatem
1091 635 1253 669 utramque
1280 629 1396 669 petisse
1416 629 1604 664 arbitretur,
1631 640 1669 658 au
1689 631 1776 659 non?
1811 632 1904 660 Certe
1923 632 2035 672 plebe-

150 676 212 704 iam
231 685 293 703 non
321 675 452 713 petisse,
478 675 637 704 silentium
658 677 746 705 Tulli·
766 677 890 714 suadet3
917 677 943 705 si
962 687 1035 714 ergo
1065 676 1127 704 11011
1154 677 1287 716 petiuit,
1315 677 1390 715 quid
1410 677 1475 704 eius
1496 676 1659 713 intererat,
1693 678 1822 707 Pedium
1842 679 1927 707 illam
1947 679 2034 708 obti-

150 723 277 752 unisse?
298 722 451 760 quomodo
472 722 511 750 ob
533 733 597 752 eam
617 734 682 752 rem
703 725 810 763 potuit
829 724 995 753 Laterensi
1023 724 1107 752 obici
1127 724 1258 760 Pedius,
1288 725 1372 763 quasi
1402 724 1432 752 ei
1452 724 1578 753 fecisset
1597 723 1767 753 iniuriam'.>
1801 726 1834 754 Si
1854 737 1930 755 uero
1949 727 2035 766 peti-

152 772 213 806 uit,
234 770 310 798 alins
331 779 453 807 quoque
472 771 627 799 nominari
649 772 771 808 debuit,
792 782 881 811 quem
902 782 971 801 cum
992 772 1088 800 Pedio
1110 771 1301 809 designatum
1322 772 1473 811 oportuit,
1494 782 1509 800 a
1531 781 1592 810 qno
1611 781 1674 799 non
1694 772 1805 802 fuisset
1824 775 1926 803 minus
1946 775 2034 803 deie-

151 823 218 847 ctus
246 817 433 845 Laterensis,
472 817 583 856 Neque
609 829 685 847 uero
711 819 803 848 simul
832 830 895 847 uno
922 819 1038 848 sortitu
1063 819 1236 848 aedilitates
1264 819 1342 848 istae
1368 830 1385 847 a
1410 819 1528 858 populo
1549 818 1788 856 mandabantur,
1822 831 1923 860 neque
1942 832 2034 851 unam

151 865 306 904 repulsam
326 865 461 901 ferebat,
487 866 541 903 qui
569 871 698 904 utraque
719 866 919 895 deiciebatur.
959 866 1052 904 Quod
1079 867 1153 896 licet
1178 876 1367 905 cognoscere
1394 876 1433 894 ex
1460 865 1575 903 insigni
1601 865 1672 895 loco
1693 867 1853 897 Plutarchi
1877 869 1911 897 111
1931 870 2033 898 Mario

153 923 177 941 0,
199 914 225 942 5.
248 912 351 950 [quem
371 922 462 950 supra
481 913 692 952 adtulimus].“

229 959 368 988 Orellius
388 960 425 987 ad
446 960 479 989 C.
501 961 574 989 VII.
595 959 622 1000 §.
646 971 688 997 17.
708 972 739 1000 p.
759 962 796 990 46
817 972 860 1001 sq.
880 962 973 991 nimis
992 962 1124 991 uerbose.
1144 961 1219 991 haee
1237 961 1413 990 aduotauit:

228 1007 436 1045 „Interpretes
457 1007 524 1043 hic,
551 1018 647 1036 unum
667 1009 692 1037 si
713 1009 851 1048 excipias
873 1009 1054 1046 VVolffium,
1082 1021 1189 1050 parum
1209 1013 1415 1048 respexerunt
1434 1008 1614 1046 imaginem,
1641 1009 1773 1037 oratoris
1793 1009 1895 1038 auimo
1916 1019 2037 1049 semper

154 1056 386 1090 obuersantem,
413 1055 622 1084 multitudinis
643 1067 708 1085 sese
728 1057 863 1086 inuicem
883 1057 1065 1096 inpellentis
1086 1068 1120 1087 ac
1141 1064 1256 1087 temere
1282 1056 1534 1096 praecipitantis,
1566 1056 1617 1085 cui
1644 1057 1842 1085 comitiorum
1870 1057 2037 1086 tumultum

153 1101 454 1140 trepidationemque
482 1103 558 1131 scite
585 1111 742 1143 conparat.
781 1106 818 1134 In
844 1105 1022 1134 huiusmodi
1051 1106 1148 1143 igitur
1174 1105 1425 1135 concursantium
1451 1104 1543 1132 turba
1574 1105 1761 1142 longissume
1789 1105 1874 1142 afuit
1901 1115 1919 1132 a
1940 1104 2038 1132 Late—

154 1159 243 1178 rense
263 1149 421 1185 Plancius,
448 1149 491 1178 ita
511 1155 546 1179 ut
569 1152 620 1180 hie
640 1153 735 1182 istum
763 1153 886 1193 quidem
915 1153 1125 1183 aduersarium
1154 1162 1212 1180 nec
1240 1153 1387 1188 calcaret,
1420 1162 1477 1180 nec
1504 1157 1585 1180 statu
1614 1152 1810 1189 demoueret5
1842 1152 2038 1190 reliquorum

154 1197 262 1235 utique
283 1196 513 1234 conpetitorum
533 1208 568 1227 ea
587 1200 648 1228 fuit
671 1201 771 1239 culpa,
791 1200 818 1228 si
837 1205 939 1228 tamen
962 1201 1052 1239 culpa
1073 1205 1138 1229 erat
1157 1199 1295 1229 dicenda.
1326 1200 1397 1228 Hoc
1419 1204 1473 1235 est,
1493 1199 1698 1228 similitudine
1717 1200 1778 1228 iam
1798 1199 1835 1228 ad
1853 1209 1920 1228 rem
1939 1199 2038 1238 ipsam

154 1249 314 1273 reuocata:
334 1248 383 1272 tot
403 1248 450 1279 te,
477 1244 674 1284 Laterensis,
701 1248 847 1277 Plancius
866 1248 1016 1286 suffragiis
1045 1247 1205 1286 superauit
1234 1246 1273 1287 (c.
1294 1256 1340 1275 20.
1360 1248 1449 1285 longe
1464 1248 1648 1285 plurumum
1667 1249 1771 1276 ualuit
1790 1245 1976 1285 Plancius),
2003 1251 2039 1275 ut

155 1292 259 1320 nullus
278 1291 369 1330 plane
389 1291 447 1320 tibi
474 1291 561 1320 loeus
589 1294 630 1322 sit
656 1295 706 1323 illi
733 1295 952 1331 suscense11di;
979 1295 1019 1324 iis
1045 1295 1167 1334 potius,
1193 1294 1220 1323 si
1239 1294 1359 1333 placet,
1386 1293 1467 1323 diem
1495 1295 1560 1331 dic,
1597 1295 1650 1334 qui
1678 1295 1842 1334 propiores
1869 1294 1928 1323 tibi
1948 1303 2039 1333 quam

156 1339 310 1374 Plancius,
330 1338 351 1366 ιζ
369 1348 392 1366 e.
411 1340 610 1377 paucioribus
632 1351 720 1380 quam
741 1342 796 1370 ille
815 1343 964 1380 suffragiis
984 1353 1002 1370 a
1021 1348 1052 1371 te
1073 1343 1231 1378 distantes,
1251 1340 1447 1380 inpressione
1467 1342 1566 1370 ueluti
1586 1343 1666 1370 facta
1684 1348 1716 1371 te
1737 1343 1951 1377 demouerunt,
1970 1341 2038 1370 siue

157 1387 193 1415 ab
215 1386 372 1414 aedilitate
400 1387 606 1416 excluserunt.
646 1390 731 1418 Hinc
751 1391 835 1419 ultro
855 1390 1066 1428 intellegitur,
1086 1400 1142 1418 cur
1161 1399 1235 1418 mox
1255 1389 1386 1417 dimouit:
1406 1398 1474 1417 011111
1496 1389 1666 1418 Garatonio
1686 1389 1904 1428 praetulerim,
1931 1399 2038 1427 quam-

157 1444 246 1472 quam
274 1442 313 1460 ne
339 1433 365 1461 is
392 1434 515 1471 quidem
541 1435 605 1464 uini
632 1436 697 1464 eius
724 1437 815 1466 uerbi
834 1442 921 1466 reete
940 1437 1074 1476 ceperit,
1094 1437 1334 1476 interpretatus,
1361 1437 1496 1473 inpulit,
1523 1443 1559 1464 ut
1577 1437 1778 1465 Laterensem
1797 1437 1968 1472 deicerent,
1995 1435 2040 1464 si-

158 1481 296 1519 qnidem,
317 1485 352 1508 ut
372 1481 514 1518 uidetur,
547 1484 697 1520 credidit,
724 1485 887 1513 Plancium
908 1495 976 1513 011111
996 1484 1093 1513 Pedio
1115 1495 1149 1513 ac
1169 1485 1273 1513 Plotio
1294 1483 1439 1523 pactione
1459 1483 1537 1511 inita
1556 1483 1708 1519 effecisse,
1742 1489 1777 1512 ut
1795 1484 1911 1512 iunctis
1930 1493 2040 1512 eorum

160 1529 271 1566 opibus
292 1538 308 1556 a
328 1527 478 1565 dignitate
498 1537 714 1560 remoueretur
733 1532 922 1560 Laterensis.
963 1532 1095 1560 Omnem
1116 1542 1192 1560 uero
1214 1543 1350 1561 errorem
1377 1530 1450 1559 inde
1476 1535 1582 1559 natum
1603 1541 1731 1567 censeo,
1761 1531 1843 1570 quod
1862 1531 1955 1560 etiam
1976 1531 2041 1559 Ga-

159 1575 298 1603 ratonius
319 1575 460 1613 opinatus
488 1583 551 1614 est,
578 1579 708 1607 Pedium
734 1585 808 1608 tunc
837 1580 968 1608 aedilem
993 1580 1109 1608 sactum
1135 1590 1200 1608 11011
1220 1590 1301 1616 0550;
1335 1584 1382 1607 set
1406 1582 1491 1607 recte
1511 1577 1639 1615 Pighius
1659 1579 1772 1607 Annal.
1794 1579 1832 1607 T.
1853 1578 1909 1607 III.
1928 1588 1958 1617 p.
1977 1578 2041 1616 396.

159 1622 232 1651 anni
253 1622 316 1660 699.
338 1621 384 1660 (id
403 1628 450 1651 est
471 1634 533 1659 700.
559 1626 730 1665 Almelou.)
751 1627 858 1655 aedilis
887 1627 1003 1655 curulis
1024 1627 1133 1655 statuit
1152 1627 1207 1655 Cn..
1227 1626 1404 1661 Plancium,
1431 1626 1470 1654 A.
1490 1626 1645 1661 Plotium,
1672 1627 1780 1654 aedilis
1800 1625 1900 1664 plebis
1922 1626 1960 1662 Q.
1980 1626 2043 1654 Pe-

162 1669 246 1697 dium
267 1669 314 1707 (C.
337 1669 500 1699 Claudium
520 1673 562 1700 M.
582 1673 617 1701 F.
638 1675 680 1702 M.
703 1674 741 1702 N.
762 1673 969 1713 Marcellum).
1008 1674 1152 1702 Plancius
1180 1674 1293 1711 igitur,
1321 1673 1424 1701 eadem
1451 1673 1505 1701 illa
1532 1673 1666 1711 imagine
1686 1674 1880 1707 continuata,
1907 1671 2043 1700 dimouit

161 1716 291 1745 Pedium
319 1716 532 1756 Plotiuinque,
560 1726 709 1758 quatenus
736 1726 900 1760 utrumque
927 1722 961 1749 iu
986 1722 1198 1760 trepidatione
1223 1721 1278 1749 illa
1305 1720 1457 1749 diuersam
1485 1720 1518 1748 in
1544 1725 1662 1759 partem
1689 1720 1822 1758 inpulit,
1847 1724 2041 1747 transuersos

163 1764 242 1802 egit,
272 1764 315 1791 ita
334 1768 369 1791 ut
388 1765 454 1803 ipse
476 1776 527 1795 eos
548 1773 775 1805 anteuerteret,
802 1769 822 1797 i.
844 1779 869 1797 0.
900 1769 1011 1807 gratia,
1040 1780 1099 1808 qua
1118 1775 1192 1808 aput
1211 1769 1363 1808 populum
1382 1768 1520 1804 ualebat,
1552 1769 1704 1809 efficeret,
1728 1772 1763 1796 ut
1782 1767 1831 1795 illi
1851 1770 1922 1805 post.
1941 1765 2043 1804 ipsum

163 1812 301 1846 demum,
321 1812 518 1849 paucioribus
539 1815 648 1854 utique
668 1816 817 1854 suffragiis
838 1815 952 1845 aediles
972 1818 1235 1846 renuntiarentur.
1274 1817 1470 1845 Demouisset
1489 1817 1593 1845 ambos
1612 1826 1673 1844 uua
1692 1825 1761 1843 011111
1780 1815 1949 1843 Laterense
1968 1823 2044 1842 uere

165 1862 298 1894 demoto,
318 1855 344 1887 si
364 1866 474 1889 uenter
494 1861 644 1891 honorem
666 1864 793 1902 adeptus
820 1869 908 1892 esset.
947 1864 1019 1893 Hoc
1046 1865 1130 1893 inter
1159 1870 1324 1902 utrumqne
1350 1864 1481 1892 uerbum
1502 1863 1667 1892 discrimen
1687 1867 1828 1890 accurate
1849 1861 2045 1890 tradiderunt

165 1906 360 1935 I’orcellinus
381 1908 414 1935 in
434 1909 574 1938 demeueo
595 1916 626 1938 et
645 1910 770 1938 Ernesti
791 1912 990 1950 Synouymik
1009 1914 1091 1948 805.,
1111 1923 1179 1941 cum
1199 1923 1229 1940 11.
1250 1912 1409 1940 demouere
1429 1921 1498 1939 cum
1518 1911 1624 1939 inultis
1643 1910 1728 1946 aliis,
1757 1910 1844 1948 qnasi
1862 1909 2045 1938 Ciceronia-

166 1965 238 1984 num
259 1954 333 1983 haut
353 1961 448 1991 esset,
480 1956 624 1993 ignorent
644 1957 806 1986 Ernestius
826 1969 861 1987 ac
882 1958 1045 1988 Schutzius
1065 1960 1099 1988 111
1119 1960 1215 1988 111(1(1..
1256 1958 1341 1995 Quid
1360 1968 1436 1987 uero
1462 1958 1587 1986 intersit
1606 1957 1689 1985 inter
1714 1962 1880 1996 utrumque
1906 1957 2045 1993 uerbum,

166 2003 343 2042 perspicere
364 2003 438 2032 licet
458 2005 548 2032 ctiam
569 2015 586 2032 e
607 2005 745 2033 Sestiana
773 2016 798 2035 c.
817 2007 863 2044 47.
891 2011 1046 2043 extremo,
1073 2008 1129 2035 ubi
1157 2008 1268 2036 Cicero
1295 2017 1353 2045 pro
1374 2015 1428 2034 sua
1447 2005 1622 2034 urbanitate
1642 2004 1715 2033 satis
1735 2004 1812 2033 scite
1833 2004 1929 2033 dixit:
1957 2014 2046 2042 quem

167 2061 263 2088 neque
280 2052 415 2088 periculi
434 2057 596 2089 tempestas
615 2067 653 2073 --
666 2055 773 2089 potuit
792 2064 940 2092 umquam
960 2054 1131 2089 dimouere,
1158 2055 1179 2083 i.
1201 2066 1226 2084 e.
1246 2060 1454 2084 transuersum
1474 2061 1573 2089 agere.
1611 2051 1658 2079 Ita
1678 2050 1765 2079 codd.
1786 2055 1818 2080 et
1837 2051 1914 2080 cdd..
1953 2051 2046 2080 Nune

168 2104 269 2128 tamen
290 2098 393 2127 editur
413 2099 587 2133 demouere,
606 2099 627 2128 i.
648 2109 674 2128 e.
694 2100 812 2137 facere,
833 2105 868 2129 ut
886 2101 978 2139 plane
997 2101 1173 2139 aberraret,
1194 2102 1277 2141 quod
1296 2111 1369 2130 sane
1388 2099 1536 2129 rusticius
1557 2100 1633 2127 est.“

243 2146 329 2174 Idem
349 2145 386 2173 ad
407 2146 440 2175 C.
461 2147 572 2175 XXII.
593 2146 620 2186 §.
641 2148 686 2176 54.
707 2153 816 2177 contra
837 2149 1040 2177 Garatonium
1060 2148 1135 2177 llaec
1155 2149 1296 2188 scripsit:

245 2194 373 2229 ,‚Recte‚
393 2193 538 2230 arbitror,
557 2193 685 2231 Pighius
705 2196 836 2224 Pedium
856 2196 988 2224 aedilem
1007 2196 1080 2224 anni
1102 2206 1164 2233 700.
1187 2195 1365 2225 constituit:
1386 2193 1478 2223 nimis
1499 2193 1582 2222 enim
1602 2193 1764 2222 manifesto
1784 2191 1880 2222 uerba
1898 2191 1952 2220 illa
1972 2200 1996 2219 c.
2020 2200 2044 2227 7.

172 2241 300 2276 docent,
326 2240 409 2269 hunc
430 2250 551 2278 quoque
571 2241 747 2272 incubuisse
767 2244 800 2272 in
819 2244 1037 2280 Laterensem,
1062 2243 1096 2271 id
1115 2249 1175 2279 est,
1201 2253 1272 2272 eum
1298 2243 1335 2271 de
1363 2242 1522 2271 aedilitate
1548 2242 1714 2280 depulisse.
1754 2241 1808 2269 Set
1832 2245 1867 2268 ut
1892 2239 2045 2267 soluamus

173 2289 366 2317 difficultates
388 2298 404 2316 a
425 2288 594 2317 Garatonio
614 2295 711 2318 motas
730 2295 865 2319 statuere
884 2290 1009 2327 licebit,
1042 2291 1203 2319 Ciceronis
1221 2290 1415 2329 temporibus
1436 2300 1504 2318 cum
1525 2289 1700 2328 promiscua
1719 2289 1778 2316 iam
1798 2290 1892 2322 esset,
1913 2289 2045 2324 excepto

174 2336 299 2363 nomine
320 2347 352 2364 ac
374 2336 530 2373 dignitatis
550 2337 652 2375 aliqua
672 2337 792 2376 specie,
825 2342 955 2376 utraque
984 2338 1122 2367 aedilitas
1150 2338 1193 2377 (u.
1215 2338 1326 2367 Tabnl.
1346 2335 1559 2376 Heracleens.)
1589 2347 1675 2373 011111,
1695 2336 1748 2374 qui
1766 2334 1866 2374 prima
1885 2332 2046 2370 suffragio-

175 2393 244 2411 rum
264 2382 379 2410 latione
400 2384 507 2411 aedilis
528 2384 644 2412 curulis
665 2385 762 2413 faetus
782 2395 845 2412 non
866 2390 962 2419 esset,
987 2390 1024 2414 ut
1051 2396 1124 2414 mox
1152 2385 1259 2414 eodem
1280 2385 1329 2413 die
1349 2385 1490 2424 plebeius
1510 2385 1617 2413 saltem
1636 2384 1738 2418 fieret,
1773 2391 1894 2409 onmem
1914 2380 2047 2419 lapidem

177 2439 303 2458 monere
323 2430 448 2458 solitum
468 2431 571 2459 fuisse.
611 2431 696 2459 Idem
718 2431 784 2460 fere
802 2432 919 2461 fecerat
938 2432 1074 2468 Marius,
1096 2432 1181 2462 cuins
1203 2433 1379 2472 exemphun
1398 2432 1528 2461 meliore
1547 2435 1661 2460 euentu
1680 2428 1781 2468 pluris
1800 2433 1907 2467 postea
1927 2432 2047 2456 secutos
