2185 2720
142 160 197 190 208
787 151 1359 183 COMMENTARIUS.

142 231 302 273 lususque
324 229 497 269 Nicaeae,
520 228 556 261 in
585 228 767 267 Uaccaeis,
797 227 857 259 alii
878 227 1032 260 uiderint.
1076 229 1149 270 Ego
1171 237 1296 268 sequor
1318 233 1473 269 optumos
1496 235 1531 260 et
1550 229 1730 273 plerosque
1753 231 1890 264 codices.
1935 231 2000 264 Li-

142 283 217 315 uios
239 282 276 314 in
299 281 419 325 fragm.
441 293 476 324 p.
498 281 636 313 XXXI.
659 281 846 325 Segouiam
869 286 902 314 et
921 281 959 313 in
988 281 1196 314 Uacceorum
1220 277 1268 321 (h.
1292 290 1322 310 e.
1351 280 1582 321 Uacaeorum,
1616 282 1707 324 quod
1729 290 1868 326 optume
1889 285 1933 317 U.
1960 285 1999 316 C.

142 336 293 368 quenat.
317 333 496 376 adgnouit,
538 340 577 366 ut
597 334 634 366 in
656 334 776 377 Polyb.
800 334 868 374 III,
911 334 959 366 14.
993 333 1045 365 edi
1069 330 1259 368 Οὐακαιόυς
1278 332 1388 375 uideo)
1409 341 1547 377 gentem
1571 334 1685 374 misit,
1725 336 1894 377 quomodo
1916 337 2002 381 lapis

145 390 246 422 Grut.
269 387 492 420 CCCXXIV.
525 398 574 419 10.
597 396 646 418 EX
670 396 793 419 GENTE
816 395 1074 420 UACCAEORUM.
1116 385 1204 417 Eam
1225 390 1358 427 gentem
1382 397 1426 418 ex
1450 387 1584 419 XVIII.
1608 387 1798 419 ciuitatibus
1820 389 2003 421 constitisse

143 442 243 474 tradit
265 441 352 472 Pliu.
374 439 421 471 H.
444 439 490 471 N.
513 439 580 479 III,
612 439 643 471 5.
687 438 783 470 Idem
812 439 892 471 Liu.
915 440 999 480 XL,
1033 438 1085 481 47.
1108 443 1149 470 ut
1171 438 1208 469 in
1237 436 1408 470 Uaccaeos
1436 451 1499 483 pet·
1520 440 1746 472 Lusitaniam
1768 442 1835 473 iret
1855 441 2004 475 Albinus

144 501 225 534 etc.,
251 499 285 524 et
306 491 448 536 propius
470 491 512 523 ad
533 491 633 523 huius
654 491 721 523 1001
737 490 883 524 formam
904 493 1013 532 XXI,
1036 493 1066 524 5.
1089 489 1325 524 Hannibalem
1346 502 1541 534 regressum
1565 504 1607 524 ex
1636 493 1821 525 Uaccaeis.-
1849 493 2005 536 idemque

143 547 231 579 Plin.
251 546 359 585 XVI,
383 545 435 588 59.
458 546 496 577 in
518 545 698 588 Hispania
719 557 942 590 maxumeque
963 545 1138 583 Uaccaeis,
1161 542 1252 585 quod
1274 555 1317 574 ex
1339 544 1487 586 uestigiis
1509 545 1665 576 Msorum
1691 546 1777 577 eruit
1798 545 2004 586 Harduinus,

145 610 230 642 quae
252 604 331 630 sunt
354 597 466 629 eadem
490 597 526 628 111
549 595 601 627 ed.
625 597 759 628 Taruis.
785 603 817 628 et
837 597 872 629 in
895 598 964 630 cod.
988 596 1086 629 Barb.
1110 607 1144 627 11.
1169 595 1258 638 754.,
1280 595 1506 639 similiterque
1527 597 1582 629 hic
1605 599 1653 630 eis
1675 599 1828 630 auolsum
1856 597 1947 629 uides
1967 597 2005 629 111

143 651 355 685 Erfurtense.
402 650 578 692 Singulare
598 655 663 690 est,
699 649 788 692 quod
807 649 843 682 in
866 650 939 682 aliis
963 661 1032 682 esse
1054 648 1164 680 nescio
1187 649 1306 691 quibus
1330 649 1427 681 Tulli
1449 649 1532 682 Msis
1554 651 1601 682 ait
1623 651 1830 692 Iannoctius,
1866 652 1903 683 in
1932 650 2006 683 Ua-

145 706 308 745 cerratis5
345 703 466 746 quibus
496 701 644 745 uestigiis
673 701 828 734 innixam
855 702 987 746 profert
1007 701 1175 734 Francis-ci
1197 700 1296 732 Pucci
1322 701 1419 742 hanc,
1452 714 1537 744 quae
1566 703 1652 735 mihi
1679 704 1787 747 placet
1815 704 2005 745 admodum,

145 757 389 796 coniecturam,
407 756 577 800 putabam
599 755 635 787 in
665 754 771 787 Uacci
786 757 903 800 pratis
926 757 1111 789 dicturum.
1156 755 1353 787 Notissuma
1374 761 1453 787 sunt
1482 755 1588 788 Uacci
1604 764 1732 802 prata,
1767 768 1852 800 quae
1873 757 2005 788 Romae

144 810 180 842 in
204 809 333 841 Palatio
361 808 515 848 fuerunt,
548 819 592 840 ex
614 819 642 838 e.
667 807 719 839 58.
742 819 805 851 pro
830 808 930 840 domo
954 815 985 840 et
1005 807 1107 840 Liuio
1130 808 1233 848 VIII,
1268 819 1316 851 19.
1354 808 1614 841 GARATONlUs.
1665 811 1860 844 Uerborum
1881 809 2005 848 lusum,

145 862 454 893 adnominationem
476 860 594 899 etiam,
617 860 645 892 si
667 860 715 891 ita
735 860 803 901 uis,
826 873 896 893 non
917 861 1021 904 magis
1042 860 1182 901 bellam,
1205 860 1265 892 ubi
1288 872 1351 903 per
1372 872 1407 892 se
1428 866 1609 903 spectetur,
1634 874 1734 905 quam
1755 862 1913 906 placitam
1934 861 2005 893 h.l.

147 915 318 955 Ciceroni,
345 925 464 946 reuera
485 913 588 945 latere
609 913 646 944 in
670 913 801 945 miseris
824 914 893 946 istis
917 914 1130 957 corruptelis,
1160 913 1320 945 aduersus
1344 913 1565 946 Garatonium
1587 914 1687 946 nimis
1710 926 1866 946 seuerum
1888 913 2006 946 talium

148 967 345 998 deliciarum
366 967 526 1007 iudicem,
562 965 664 998 etiam
685 971 786 1008 atque
810 966 909 997 etiam
931 965 1115 999 contendo:
1149 978 1228 997 nam
1250 966 1306 997 uel
1328 965 1490 998 eiusmodi
1518 977 1621 1008 nugas
1646 979 1715 998 non
1736 978 1870 1010 semper
1892 966 2007 998 detre-

149 1026 254 1051 ctasse
278 1019 448 1060 Tullium,
481 1018 617 1051 inlustri
641 1018 840 1050 documento
864 1025 914 1050 est
936 1020 1140 1052 subobscena
1161 1019 1230 1050 eius
1253 1030 1329 1050 cum
1349 1018 1466 1050 Clodio
1489 1018 1675 1058 altercatio,
1713 1031 1814 1061 quam
1835 1030 1912 1051 cum
1933 1019 2009 1062 glo-

147 1072 235 1104 riola
258 1072 399 1114 quadam
424 1073 531 1105 refert
551 1071 664 1105 Attico
687 1071 796 1114 Epist.
818 1071 849 1111 I,
887 1072 955 1112 16.;
990 1073 1072 1104 item
1093 1072 1212 1104 similis
1234 1072 1334 1114 plane
1356 1070 1435 1102 huic
1456 1071 1548 1103 lusus
1573 1071 1616 1102 ad
1637 1071 1742 1104 Attic.
1769 1073 1820 1113 ΙΙ,
1853 1084 1899 1105 1.;
1932 1073 2007 1106 Fa-

148 1125 273 1158 uonius
303 1126 394 1157 dixit
422 1126 493 1166 ita,
527 1130 567 1157 ut
589 1124 708 1158 Rhodi
736 1124 914 1157 uideretur
941 1126 1041 1158 molis
1061 1127 1196 1170 potius,
1235 1136 1339 1168 quam
1357 1124 1491 1156 Moloni
1519 1136 1658 1168 operam
1678 1126 1820 1158 dedisse.
1862 1124 2007 1167 Alioqui

148 1189 208 1209 cur
232 1177 369 1209 tandem
390 1178 480 1210 inter
502 1176 610 1210 omnis
634 1175 740 1219 gentis
764 1176 920 1209 barbaras
943 1190 1026 1210 unos
1048 1180 1214 1211 Uaccaeos
1237 1176 1462 1219 potissumum
1485 1176 1677 1219 delegisset,
1703 1189 1849 1219 quorum
1869 1177 2008 1209 nomine

148 1230 255 1262 risum
280 1230 490 1263 auditoribus
516 1229 746 1273 exprimeret?
792 1230 846 1261 Sic
867 1236 949 1272 aput
969 1243 1029 1263 nos
1052 1231 1081 1262 si
1104 1230 1176 1273 quis
1199 1230 1279 1261 talia
1300 1234 1464 1272 captaret,
1494 1229 1596 1261 iocari
1617 1236 1730 1272 posset
1751 1230 1788 1261 in
1808 1236 1944 1273 poetam
1969 1229 2009 1260 de

149 1283 270 1324 triuio,
305 1295 383 1315 eum
406 1295 449 1315 ex
470 1284 657 1315 notissumo
687 1282 748 1314 illo
771 1283 1026 1317 Kuhla'ndchen
1055 1283 1235 1316 oriundum
1258 1293 1344 1321 esse,
1381 1280 1473 1312 cuius
1496 1281 1625 1313 incolae
1647 1282 1777 1325 poetica
1797 1294 1876 1314 sane
1897 1282 2010 1314 indole

149 1336 293 1380 praediti
324 1348 394 1368 esse
423 1337 658 1380 perhibentur.
702 1337 821 1378 Longe
850 1337 970 1368 melius
998 1337 1111 1379 itaque
1133 1336 1305 1368 Ernestius
1334 1335 1371 1366 in
1395 1340 1467 1366 toto
1490 1334 1649 1366 hocloco
1672 1341 1823 1368 uersatus
1846 1341 1912 1376 est,
1943 1335 2010 1368 nisi

151 1390 239 1431 quod
263 1401 340 1421 cum
360 1390 527 1421 Lambino
551 1389 765 1421 scribendum
789 1395 876 1421 erat:
911 1395 961 1422 set
974 1389 1040 1433 fui
1062 1389 1175 1433 inquit
1196 1406 1239 1412 —
1257 1388 1423 1432 putabam
1445 1389 1482 1420 in
1511 1387 1675 1420 Uaccaeis
1697 1389 1873 1421 dicturum
1895 1407 1936 1414 —
1957 1388 2010 1420 his

150 1443 316 1476 Nicaeae.
340 1442 461 1474 omisso
484 1449 597 1474 tamen
620 1444 657 1475 in
671 1443 853 1486 Bithynia,
878 1442 965 1484 quod
988 1442 1020 1473 h.
1044 1442 1067 1473 1.
1092 1453 1109 1472 0
1131 1441 1326 1483 glossemate
1349 1441 1486 1472 omnino
1509 1439 1699 1483 profectum
1722 1447 1781 1472 est.
1806 1441 2007 1473 ORELLIUS.

149 1496 280 1534 BIiror,
317 1502 392 1539 post
415 1507 471 1535 ea,
510 1507 594 1538 quae
616 1496 784 1538 sapienter
809 1495 1011 1527 Garatonius
1042 1495 1191 1534 monuit,
1226 1500 1295 1526 tam
1325 1505 1485 1536 peruerse
1512 1492 1660 1524 iudicare
1684 1493 1853 1525 Orellium
1882 1493 1923 1525 de
1945 1494 2010 1526 hoc

150 1549 226 1580 loco
249 1548 410 1591 potuisse.
454 1549 507 1582 Ac
529 1548 679 1592 primum
703 1548 840 1590 quidem
861 1548 1054 1581 rectissume
1078 1548 1277 1580 Garatonius
1299 1547 1387 1578 inter
1410 1547 1524 1590 inquit
1546 1553 1578 1578 et
1597 1546 1768 1590 putabam
1789 1558 1914 1578 nomen
1937 1546 2010 1579 Ni-

151 1614 252 1634 caeae
273 1613 370 1644 posse
391 1601 496 1645 recipi
518 1602 662 1644 negauit.
707 1602 843 1634 Nullast
865 1602 955 1633 0111111
976 1601 1265 1644 paucissumorum
1287 1599 1437 1630 codicum
1457 1599 1612 1639 illorum,
1644 1599 1702 1641 qui
1723 1600 1862 1638 haberit,
1892 1604 2009 1630 aucto—

151 1654 244 1686 ritas.
289 1653 450 1694 Accedit,
481 1654 568 1696 quod
590 1654 711 1693 uerba,
743 1654 862 1695 quibus
888 1654 998 1694 loeus,
1027 1654 1063 1685 in
1087 1666 1152 1696 quo
1178 1665 1213 1685 se
1235 1652 1337 1684 fuisse
1359 1651 1550 1684 Laterensis
1572 1652 1718 1691 dixerat,
1751 1651 2007 1690 describebatur,

151 1706 328 1740 manifesto
354 1707 449 1749 sequi
471 1713 549 1750 post
570 1707 673 1738 uerba
692 1707 858 1751 putabam
882 1707 918 1739 in
947 1706 1109 1740 Uaccaeis
1138 1708 1313 1740 dictarum
1337 1704 1472 1742 debent,
1512 1710 1617 1743 certe,
1652 1704 1685 1734 id
1709 1704 1797 1745 quod
1818 1714 1932 1733 caecus
1953 1701 2009 1733 ui-

151 1761 225 1793 deat
249 1766 423 1800 necessest,
446 1761 542 1792 nullo
564 1767 659 1803 pacto
682 1759 861 1792 interiectis
884 1759 950 1791 illis
970 1761 1136 1804 putabam
1150 1778 1192 1784 —
1208 1760 1383 1791 dicturum
1405 1757 1534 1799 seiungi
1556 1768 1575 1788 a
1592 1768 1627 1788 se
1646 1756 1793 1787 inuicem
1814 1760 2008 1797 potuerunt.

235 1815 357 1855 Neque
379 1824 461 1844 uero
485 1813 575 1855 quod
600 1813 766 1845 Lambino
793 1818 928 1844 auctore
952 1813 1101 1845 Orellius
1120 1812 1216 1851 fecit,
1243 1811 1300 1854 qui
1321 1821 1445 1841 nomen
1467 1810 1623 1842 ,Nicaeae
1644 1815 1719 1852 post
1738 1809 1789 1841 bis
1810 1807 1948 1846 addidit,
1971 1807 2009 1838 in

152 1867 324 1908 Bithynia
353 1871 444 1896 ratus
477 1866 620 1906 glossam
651 1877 736 1905 0550,
773 1866 844 1897 11110
866 1865 967 1897 modo
990 1865 1127 1908 probari
1149 1876 1245 1907 posse
1267 1862 1424 1895 concedo.
1468 1864 1558 1895 Nam
1581 1862 1642 1894 etsi
1665 1874 1765 1906 super
1789 1871 1914 1892 nomeu
1935 1859 2009 1893 Ni-

153 1931 272 1958 caeae,
294 1919 321 1949 si
343 1918 462 1949 fuisset
483 1929 503 1948 a
525 1918 686 1949 Cicerone
709 1918 888 1961 scriptum,
913 1917 1104 1961 explicandi
1125 1929 1237 1949 caussa
1260 1918 1296 1949 in
1316 1916 1487 1959 Bithynia
1508 1915 1608 1958 poni,
1637 1927 1741 1958 eaque
1763 1914 1888 1957 glossa,
1917 1910 2009 1954 quod

154 1971 285 2015 saepius
306 1970 448 2009 factum,
481 1981 553 2001 uox
581 1972 727 2013 genuina
752 1971 923 2002 exturbari
945 1971 1074 2012 potuit,
1111 1977 1222 2002 tamen
1245 1970 1395 2013 primum
1418 1975 1553 2011 recepto
1577 1980 1615 2000 eo
1639 1967 1776 1999 nomine
1799 1966 1878 2009 quid
1899 1965 2011 1997 lucre·-

152 2037 250 2064 mur,
274 2024 361 2055 nihil
382 2022 551 2064 intellego.
595 2024 700 2055 Recte
723 2023 812 2055 enim
834 2023 965 2055 monuit
988 2024 1201 2063 Garatonius‚
1224 2027 1471 2054 conmemorata
1493 2021 1652 2064 Bithynia
1673 2019 1843 2052 nemiuem
1865 2017 2011 2061 potuisse

153 2077 289 2116 mirari,
314 2074 405 2118 quod
426 2075 462 2105 in
485 2076 698 2117 sequentibus
721 2077 846 2109 Nicaea
871 2088 947 2107 cum
969 2076 1093 2108 Rhodo
1117 2082 1327 2119 conparetur.
1372 2074 1521 2114 Deinde,
1545 2085 1629 2116 quae
1651 2085 1703 2105 res
1727 2082 1885 2104 maxume
1907 2071 2010 2112 inpu-

153 2131 195 2163 lit
218 2129 405 2168 Orellium,
439 2135 476 2160 ut
503 2140 628 2160 nomen
650 2129 805 2162 ,Nicaeae
834 2129 1080 2161 restituendum
1107 2128 1342 2165 arbitraretur,
1379 2126 1407 2158 si
1429 2127 1735 2158 adnominationem
1761 2124 1925 2167 quandam
1953 2123 2009 2154 lu·

154 2194 297 2225 sumque
319 2181 504 2213 uerborum
527 2181 644 2213 Cicero
667 2182 722 2213 hic
745 2182 942 2224 quaesisset,
977 2182 1128 2225 profecto
1159 2180 1288 2212 formae
1322 2181 1485 2214 Uaccaeis
1520 2191 1643 2212 nomen
1677 2178 1824 2210 eiusdem
1845 2174 2010 2208 termina-

155 2237 257 2268 tionis
279 2234 485 2278 respondere
506 2240 539 2265 et
560 2235 688 2277 populo
710 2235 857 2277 populus
883 2235 1009 2277 opponi
1031 2234 1180 2266 debebat.
1224 2235 1295 2265 Iam
1317 2245 1399 2264 uero
1422 2233 1578 2272 Nicaeis,
1603 2243 1686 2274 quae
1705 2231 1777 2262 sola
1797 2230 1907 2262 forma
1927 2239 2009 2259 con-

156 2295 291 2332 grueret
314 2299 389 2319 eum
420 2288 605 2326 Uaccaeis,
632 2287 733 2318 scribi
761 2298 829 2318 non
853 2293 979 2330 potest,
1014 2299 1089 2319 cum
1117 2287 1205 2318 ciues
1236 2286 1327 2318 illius
1356 2285 1449 2317 urbis
1480 2296 1549 2316 non
1572 2285 1700 2318 Nicaei
1730 2289 1780 2316 set
1801 2282 2009 2316 Nicaeenses

156 2347 191 2373 et
211 2341 372 2384 appellati
393 2341 460 2372 sint
483 2340 557 2382 (cfr.
584 2340 653 2372 Cic.
676 2340 718 2371 ad
740 2340 821 2372 Diu.
844 2341 947 2381 XIII,
972 2340 1036 2382 61.)
1059 2346 1092 2371 et
1114 2339 1279 2383 appellari
1299 2339 1486 2370 debuerint.
1530 2339 1638 2370 Immo
1661 2348 1705 2369 ex
1726 2335 1836 2367 uerbis
1859 2334 1896 2365 in
1919 2333 2009 2366 Uac-

157 2395 247 2427 caeis
269 2394 347 2424 illut
367 2393 476 2425 denuo
499 2394 735 2433 confirmatur,
757 2393 910 2424 minume
932 2392 1140 2425 sollicitanda
1162 2392 1267 2424 uerba
1288 2393 1325 2424 in
1346 2392 1517 2436 Bithynia
1539 2403 1618 2429 esse,
1642 2401 1718 2421 cum
1739 2388 1803 2419 hoc
1824 2391 1913 2417 certe
1934 2396 2009 2416 ma-

156 2458 262 2479 xume
282 2447 456 2490 probabile
477 2447 536 2486 sit,
578 2447 792 2487 Ciceronem,
831 2446 859 2478 si
881 2446 992 2488 aliqua
1014 2445 1116 2478 modo
1142 2445 1273 2477 ratione
1295 2444 1369 2476 fieri
1392 2446 1505 2488 potuit
1524 2443 1690 2488 (potuisse
1710 2446 1821 2472 autem
1843 2437 1917 2469 fieri
1940 2437 2008 2469 iam
