2185 2720
206 170 321 201 XVIII
878 170 1406 200 PROLEGOMENA.

206 256 244 274 ex
265 244 414 273 Bauaiico
435 249 507 272 sunt
528 244 660 281 enotati3
682 243 807 281 deinde,
828 244 861 272 id
881 245 964 282 quod
982 255 1124 273 maxume
1145 255 1193 273 11ιο
1212 250 1327 280 mouet,
1347 245 1444 274 multo
1465 247 1555 286 plula
1574 248 1716 287 antiquae
1735 251 1984 292 orthographiae,
2005 264 2080 292 qua-

206 293 243 321 lis
263 291 330 321 sine
350 292 444 320 dubio
466 292 498 319 in
519 291 625 320 codice
645 292 789 331 principe
808 292 885 327 fuit,
920 292 1049 329 uestigia
1070 293 1103 321 in
1123 294 1272 321 Baualico
1293 304 1384 331 quam
1413 294 1446 322 in
1466 295 1649 324 Erfmtense
1674 299 1883 336 reperiuntur.
1923 300 1969 329 Ea
1994 300 2080 329 indi-

205 345 271 368 cata
290 340 323 368 in
343 339 534 378 praefatione
554 345 634 368 sunt.
674 340 782 378 Itaque
803 349 841 368 ex
861 350 928 368 mea
948 341 1072 378 quidem
1092 341 1246 369 sententia
1265 342 1418 370 secundae
1438 348 1469 371 et
1496 343 1606 372 tertiae
1635 345 1776 375 codicum
1794 347 1930 376 familiae
1955 353 2082 380 stemma

206 387 264 416 hoc
285 387 361 416 erit:

961 461 1067 490 Codex
1087 463 1233 501 princeps
1254 464 1403 503 perditus.

783 509 1483 527 f—————-dN—-———

576 533 690 562 Parcus
711 533 853 562 codicmn
871 534 1006 563 familiae
1026 537 1146 565 tertiae.
1434 538 1542 567 Codex
1561 539 1711 578 perdituS.

1435 583 1672 605 2———ae

1294 611 1402 639 Codex
1421 611 1570 649 perditus.
1779 613 1887 642 Codex
1906 612 2080 641 Bauaricus.

1292 705 1399 734 Codex
1419 705 1620 734 Erfnrtensis.

1103 791 1130 831 ς.
1157 797 1183 824 3.

279 850 353 878 Post
373 857 407 875 ea
427 856 504 884 quae
524 846 622 875 adhuc
643 847 842 887 exposuimus
863 859 925 877 non
947 860 1023 888 opus
1044 857 1105 887 est,
1125 857 1161 881 ut
1180 852 1319 889 codices⁷
1341 863 1415 891 quos
1437 852 1471 881 C.
1492 852 1515 881 Ι.
1536 853 1564 893 §.
1583 854 1611 882 3.
1633 854 1895 891 enumerauimus,
1922 854 2020 883 omnis
2040 864 2079 882 ex

205 898 286 926 libro
316 894 467 932 originem
496 895 620 923 duxisse
647 896 859 931 ostendamus,
894 897 946 935 qui
973 898 1170 936 neglegenter
1198 910 1236 928 ex
1256 900 1362 928 codice
1384 900 1526 940 principe
1546 902 1642 930 fuerit
1663 902 1850 940 descriptus,
1884 912 1953 930 cum
1973 907 2080 930 contra

203 943 370 972 Bauaricus
392 946 422 969 et
442 941 635 971 Erfurtensis
657 944 717 972 orti
746 954 786 972 ex
814 944 919 972 codice
946 945 1025 982 sint,
1059 947 1145 974 cuius
1172 952 1279 976 auctor
1306 949 1472 986 diligenter
1500 949 1637 977 codicem
1664 950 1839 988 principem
1866 949 2078 988 descripserat.

205 991 320 1019 Omnes
341 989 423 1017 enini
453 990 574 1018 codices
601 991 671 1027 isti,
702 991 813 1029 quibus
840 1001 953 1019 nomen
979 993 1115 1022 familiae
1142 996 1252 1023 tertiae
1281 996 1438 1032 dedimus,
1473 1006 1537 1025 non
1569 998 1669 1025 solum
1696 997 1810 1025 mirum
1837 1001 1984 1035 quantum
2011 1006 2028 1023 a
2052 995 2079 1023 Β

203 1044 235 1066 et
260 1038 286 1066 E
317 1037 520 1073 dissentiunt,
555 1043 602 1066 set
630 1039 722 1066 ctiam
747 1038 781 1066 in
808 1043 856 1067 tot
883 1041 1068 1078 corruptelis
1096 1047 1127 1070 et
1161 1043 1280 1071 lacunis
1315 1043 1399 1071 inter
1431 1054 1462 1071 se
1499 1045 1712 1080 consentiunt,
1746 1050 1780 1072 ut
1813 1043 1918 1072 nullus
1951 1053 2079 1082 prorsus

203 1084 366 1115 dubitandi
392 1084 479 1112 locus
509 1085 720 1124 relinquentia,
751 1086 826 1124 quin
855 1096 894 1114 ex
922 1097 984 1115 uno
1012 1089 1180 1128 eodemque
1215 1091 1291 1118 libri
1328 1091 1433 1118 cuncti
1466 1091 1530 1119 sint
1559 1092 1629 1120 orti.
1668 1092 1743 1120 Istas
1771 1097 1872 1120 autem
1897 1091 2021 1119 lacunas
2049 1095 2081 1118 et

204 1132 395 1171 corruptelas
426 1141 494 1159 cum
530 1132 591 1160 iam
625 1143 656 1171 p.
678 1133 727 1160 IX
748 1143 812 1171 sqq.
847 1134 1104 1173 indicaueriinus,
1140 1139 1283 1166 inutilest
1316 1148 1398 1166 nune
1426 1138 1526 1166 denuo
1554 1149 1793 1167 conmemorare.
1839 1139 1952 1177 Neque
1977 1143 2080 1166 tamen

203 1179 440 1215 diffitendumst,
474 1178 550 1208 haut
568 1191 664 1218 pauca
683 1181 810 1217 menda,
845 1192 921 1219 quae
941 1188 1012 1211 sunt
1031 1184 1064 1213 in
1084 1186 1217 1213 familiae
1237 1186 1350 1214 tertiae
1372 1185 1550 1221 codicibus,
1583 1196 1647 1214 non
1666 1192 1728 1215 tam
1748 1187 1856 1215 librari
1876 1186 2078 1224 neglegentia,

203 1229 256 1267 qui
278 1227 432 1262 codicem,
459 1227 541 1254 unde
561 1227 610 1255 illi
631 1228 692 1255 orti
712 1233 801 1264 sunt,
829 1230 979 1266 exarant,
1005 1232 1086 1261 sacta
1105 1234 1221 1270 uideri,
1249 1244 1339 1272 quam
1359 1233 1440 1271 quod
1461 1234 1576 1270 codex,
1604 1244 1694 1272 quem
1714 1235 1768 1262 ille
1789 1235 1968 1273 descripsit,
1987 1234 2078 1272 prin-

201 1285 273 1313 ceps
293 1274 354 1302 iam
373 1273 436 1302 situ
455 1273 507 1302 hic
527 1274 594 1303 illic
621 1275 748 1303 uitiatus
768 1276 879 1312 fuerit,
915 1278 958 1306 ita
978 1284 1013 1307 ut
1041 1281 1232 1317 quorundam
1252 1282 1417 1310 uerborum
1444 1282 1580 1320 syllabae
1606 1287 1725 1309 tantum
1745 1282 1863 1320 aliquot
1882 1285 2079 1320 superessent

200 1323 338 1361 adeoque
358 1321 454 1350 uerba
472 1322 623 1350 nonnulla
642 1333 768 1361 prorsus
785 1325 991 1362 euanuissent,
1011 1326 1132 1365 integer
1151 1329 1249 1358 adhuc
1269 1335 1334 1358 tum
1354 1330 1514 1367 temporis,
1535 1340 1603 1357 cum
1618 1329 1847 1357 describeretur
1865 1329 1902 1357 ab
1924 1339 1960 1357 eo
1978 1328 2078 1356 libra-

200 1371 265 1406 rio,
287 1369 340 1408 qui
361 1367 499 1397 codicem
520 1370 672 1406 confecit,
693 1381 731 1398 ex
752 1382 812 1409 quo
832 1372 857 1400 B
878 1378 909 1401 et
928 1374 954 1401 E
974 1381 1146 1405 manarunt.
1186 1376 1398 1405 [ei-issumum
1418 1376 1477 1404 1100
1500 1386 1564 1404 esse
1586 1376 1657 1404 inde
1678 1376 1888 1413 intellegitur,
1916 1376 1999 1414 quod
2017 1376 2078 1404 ali—

201 1423 277 1458 quot
297 1417 331 1445 111
350 1416 445 1453 10015,
475 1418 530 1445 111)1
550 1418 661 1446 tertiae
687 1418 822 1446 familiae
850 1420 970 1449 codices
997 1433 1160 1462 perperam
1188 1426 1284 1453 uerba
1309 1424 1459 1452 nonnulla
1485 1423 1648 1459 omittunt,
1677 1432 1753 1460 quae
1772 1423 1938 1452 Bauaricus
1965 1429 1996 1452 et
2014 1423 2077 1452 Er—

200 1465 348 1495 furtensis
369 1471 542 1501 seruarunt,
561 1465 704 1504 plerique
726 1466 847 1495 codices
863 1468 997 1497 familiae
1017 1471 1107 1499 istius
1122 1483 1180 1510 pro
1201 1472 1306 1500 uerbis
1328 1471 1447 1499 omissis
1461 1481 1593 1498 uacuum
1607 1470 1740 1508 spatium
1755 1470 1879 1507 habent,
1900 1471 1982 1509 quod
1996 1481 2077 1499 non-

201 1523 365 1551 niunquam
385 1511 506 1540 librarii
528 1512 650 1551 quidam
671 1512 812 1542 codicum
833 1515 967 1544 fiamiliae
986 1519 1098 1547 tertiae
1118 1521 1223 1548 uerbis
1244 1520 1352 1548 alicnis
1374 1518 1549 1557 explerunt.
1588 1517 1635 1544 Ita
1653 1522 1688 1545 ut
1714 1527 1810 1545 unum
1835 1523 1955 1547 tantum
1974 1519 2078 1547 locum

201 1561 351 1596 adseram,
379 1560 413 1588 C.
434 1560 545 1588 XXV.
568 1559 594 1598 ς
615 1561 659 1590 61.
686 1572 745 1600 pro
772 1563 862 1596 Didi,
897 1574 973 1602 quae
1001 1576 1075 1594 uera
1098 1573 1143 1595 est
1169 1568 1323 1606 scriptura
1349 1578 1365 1595 a
1384 1568 1409 1594 B
1437 1571 1468 1593 et
1495 1565 1521 1593 E
1550 1570 1686 1601 seruata,
1718 1566 1861 1604 plerique
1885 1567 2079 1605 reliquorum

201 1609 342 1638 codicum
362 1608 503 1636 lacunam
523 1608 646 1644 habeut,
667 1609 788 1647 quidam
809 1609 914 1648 inepte
937 1612 1075 1642 Gracchi
1094 1620 1274 1652 posuerunt,
1295 1625 1373 1643 unus
1393 1614 1523 1642 Manlii.
1566 1612 1711 1640 Ceterum
1731 1612 1956 1651 monendumst,
1975 1615 2078 1643 uideri

201 1657 296 1686 etiam
315 1657 404 1685 illum
425 1657 556 1693 librum,
590 1657 643 1695 qui
671 1667 710 1685 ex
729 1657 836 1686 codice
863 1659 1008 1698 principe
1037 1662 1208 1701 descriptus
1237 1673 1360 1697 corum,
1388 1671 1476 1700 quam
1503 1660 1627 1688 tertiam
1656 1659 1786 1687 dicimus
1812 1660 1975 1697 familiam,
2008 1662 2077 1690 fons

201 1705 324 1741 extitit,
343 1704 494 1742 temporis
514 1704 631 1732 iniuria
649 1704 807 1743 perditum
827 1716 902 1734 esse.
941 1707 1034 1736 Certe
1055 1719 1178 1745 eormn,
1206 1721 1336 1748 quorum
1356 1718 1450 1748 penes
1470 1718 1518 1736 me
1540 1713 1584 1736 est
1603 1706 1773 1735 lectionum
1799 1707 1946 1745 uarietas,
1972 1708 2076 1737 nullus

200 1758 261 1789 est,
281 1762 372 1791 quem
392 1752 509 1780 fontem
539 1751 676 1780 omniun]
697 1751 810 1781 habere
841 1754 940 1783 liceat.
982 1756 1044 1792 Qui
1071 1757 1096 1784 si
1123 1757 1330 1795 reperiretur,
1363 1757 1422 1785 hoc
1444 1756 1523 1784 lucri
1546 1764 1821 1793 consequeremur,
1853 1754 1936 1793 quod
1955 1764 2077 1783 omnem

201 1801 355 1829 uariariun
375 1800 544 1828 lectionum
564 1806 760 1838 apparatum,
782 1811 821 1829 ex
841 1802 1001 1831 codicibus
1021 1804 1154 1832 familiae
1175 1805 1284 1833 tertiae
1304 1805 1463 1840 haustum,
1484 1804 1606 1832 abicere
1625 1812 1794 1842 possemus.

276 1848 352 1877 Illut
371 1853 472 1875 autem
492 1847 624 1885 ingenue
643 1847 794 1886 profiteor
813 1848 891 1877 mihi
911 1860 973 1879 non
994 1851 1177 1889 contigisse,
1211 1857 1246 1880 ut
1273 1850 1425 1890 quomodo
1451 1851 1485 1879 hi
1514 1852 1598 1879 iuter
1625 1861 1658 1879 se
1685 1849 1807 1887 cognati
1835 1854 1952 1885 essent,
1984 1849 2077 1877 inue-

201 1895 340 1933 stigando
374 1905 483 1923 eruere
516 1905 647 1933 possem.
695 1895 804 1933 Neque
839 1895 898 1925 hoe
933 1908 950 1925 a
984 1909 1135 1937 quoquam
1170 1905 1247 1937 puto
1276 1909 1418 1937 umquam
1447 1899 1665 1936 inuestigatum
1692 1897 1742 1926 iri.
1782 1897 1868 1925 Fieri
1894 1902 2014 1936 posset,
2050 1897 2076 1924 si

201 1944 323 1972 codices
348 1943 483 1971 familiae
511 1942 621 1970 tertiae
649 1953 770 1981 semper
804 1943 842 1972 ad
867 1944 957 1974 fidem
986 1947 1051 1974 eius
1086 1951 1205 1974 tantum
1233 1946 1434 1985 exemplaris,
1469 1945 1550 1983 quod
1587 1945 1834 1981 describebatur,
1869 1945 1986 1973 exarati
2013 1944 2076 1972 eis-

200 2001 260 2029 que
287 1990 386 2018 solum
412 1990 587 2026 erroribus,
625 2001 700 2028 quos
728 1991 781 2029 qui
817 1991 1009 2022 describebat
1037 1994 1236 2029 conmiserat,
1272 1993 1431 2032 deprauati
1461 1997 1571 2021 essent.
1624 1993 1669 2021 At
1694 1992 1754 2021 1100
1780 2002 1844 2020 11011
1878 1997 1924 2019 est
1951 1991 2074 2019 factum.

201 2038 356 2075 Quotiens
390 2037 457 2075 quis
492 2037 629 2065 codicem
664 2039 837 2077 quempiam
870 2039 1089 2079 descripserat,
1129 2046 1181 2069 aut
1214 2041 1281 2079 ipse
1315 2046 1367 2068 aut
1400 2040 1454 2069 alii
1486 2039 1524 2068 ad
1558 2039 1636 2067 alius
1670 2041 1722 2068 uel
1756 2040 1887 2068 aliorum
1921 2039 2075 2068 librorum

200 2095 291 2114 manu
325 2085 512 2123 scriptorum
545 2085 636 2113 fidem
671 2086 826 2124 corrigere
861 2091 892 2115 et
923 2093 1043 2116 mutare
1078 2093 1275 2116 consuerunt.
1331 2087 1395 2116 Iam
1428 2087 1481 2126 qui
1516 2097 1555 2115 ex
1589 2087 1765 2116 istiusmodi
1801 2087 1949 2115 correctis
1984 2086 2074 2115 libris

201 2133 302 2161 denuo
336 2131 486 2171 descripti
522 2137 609 2162 erant
641 2132 780 2169 codices,
818 2134 843 2161 ii
877 2145 916 2163 ex
955 2146 1015 2174 quo
1054 2136 1136 2164 libro
1169 2136 1232 2163 sint
1265 2135 1344 2172 orti,
1380 2145 1544 2173 numquam
1578 2140 1664 2163 certo
1695 2139 1781 2173 patet
1807 2133 1939 2162 indicari
1971 2143 2071 2172 posse.

202 2180 317 2208 Omnes
338 2185 438 2207 autem
459 2179 592 2208 familiae
612 2181 723 2208 tertiae
745 2181 883 2217 codices,
914 2193 1044 2220 quorum
1064 2182 1141 2211 mihi
1162 2182 1252 2221 copia
1270 2182 1346 2219 fuit,
1381 2192 1419 2210 ex
1439 2183 1529 2210 libris
1550 2183 1609 2211 isto
1629 2182 1720 2210 modo
1741 2181 1891 2210 correctis
1911 2186 1982 2210 sunt
2002 2181 2071 2208 orti.

202 2227 368 2255 Probarem
389 2226 447 2255 hoc
469 2227 659 2264 adferendis,
681 2239 756 2265 quae
777 2229 809 2256 in
830 2235 978 2268 promptu
999 2235 1085 2265 sunt,
1116 2229 1283 2268 exemplis,
1302 2229 1362 2257 nisi
1383 2239 1525 2265 uererer,
1554 2240 1592 2257 nc
1612 2230 1725 2257 inutile
1745 2229 1820 2268 quid
1839 2230 1970 2258 facerem
1989 2233 2020 2256 et
2040 2228 2073 2257 id

200 2275 326 2313 planum
345 2275 486 2310 facerem,
507 2275 588 2312 quod
610 2275 709 2303 cuiuis
729 2276 884 2304 uariariun
904 2277 1074 2305 lectionum
1094 2278 1235 2316 syllogen
1254 2277 1457 2315 perlustranti
1478 2277 1618 2315 liquebit.
1658 2276 1864 2305 Admirandus
1883 2282 1984 2304 autem
2004 2286 2071 2304 sae-

200 2331 368 2359 penumero
390 2327 600 2350 correctormn
620 2323 746 2352 illorum
765 2329 874 2362 stupor
894 2329 949 2360 est,
970 2325 1022 2362 qui
1043 2325 1179 2354 codicem
1201 2335 1239 2352 ex
1255 2325 1337 2352 libro
1355 2325 1534 2363 diligentius
1549 2325 1665 2363 scripto
1682 2325 1719 2352 ad
1738 2323 1828 2352 fidem
1843 2322 1977 2360 pessumi
1996 2323 2071 2351 libri

201 2369 396 2397 correxerint
417 2374 447 2396 et
467 2379 516 2397 eas
538 2369 786 2408 deprompserint
807 2382 845 2399 ex
865 2381 1006 2409 pessumo
1027 2372 1109 2400 libro
1130 2372 1316 2410 scripturas,
1351 2382 1426 2409 quos
1446 2373 1665 2411 ineptis-sumes
1685 2370 1802 2399 indocti
1822 2368 1930 2398 librari
1950 2380 2070 2398 errores

200 2425 266 2444 esse
287 2415 488 2453 intellegitur.
524 2416 559 2444 Id
578 2418 691 2445 factum
711 2418 801 2446 uerbi
822 2429 925 2446 caussa
944 2419 980 2446 ab
1001 2429 1037 2446 co
1059 2428 1133 2454 esse,
1154 2419 1205 2457 qui
1226 2418 1259 2446 in
1279 2419 1523 2448 Laurentianum
1542 2421 1676 2459 primum
1697 2418 1794 2446 uarias
1814 2417 1963 2445 lectiones
1983 2417 2070 2446 intu-

202 2463 247 2498 lit,
269 2473 360 2502 supra
380 2464 476 2501 p.111.
498 2464 666 2494 docuimus.
706 2465 841 2502 Quidam
862 2471 962 2494 tamen
983 2467 1104 2495 codices
1126 2467 1162 2495 ab
1182 2466 1360 2495 hominibus
1381 2477 1443 2495 non
1460 2467 1594 2497 indoctis
1612 2465 1746 2495 correcti
1765 2464 1912 2493 uidentur
1933 2474 2008 2500 esse,
2027 2464 2070 2492 ita
