2185 2720
129 132 313 163 LXXXVI
801 127 1330 159 PROLEGOMENA.

213 211 378 249 Repugnat
398 206 425 236 ci
446 205 640 244 Plutarchus,
662 205 714 245 qui
735 205 768 235 in
789 207 854 235 uita
876 206 959 236 Mari
981 217 1005 235 c.
1029 206 1057 235 5.
1078 205 1199 234 scribit:
1222 202 1296 234 ὅταν
1313 202 1344 233 δὲ
1365 199 1436 237 τούς
1458 201 1670 243 ἕντιμοῑὲρους
1692 202 1832 237 ἴλωνταὶ,
1854 201 1923 242 περῖ
1944 200 2004 231 τῶν

131 261 240 303 ἱτὲρων
265 258 357 293 πάλιν
379 258 435 296 τήν
459 260 564 298 ψῆφον
584 256 800 299 λαμβάνουσιν.
843 260 893 287 Ex
916 259 1026 297 quibus
1056 258 1159 286 uerbis
1192 257 1352 284 manifesto
1381 255 1586 293 intellegitur,
1623 257 1756 294 primum
1776 256 1880 285 aedilis
1907 265 2003 283 curu—

131 313 171 342 lis
190 313 341 352 populum
362 320 493 346 creasse,
515 310 620 348 eisque
641 310 753 338 creatis
774 309 919 337 aedilium
940 308 982 345 pl.
1002 308 1217 336 fimimulm—um
1237 317 1342 335 caussa
1361 306 1393 334 iu
1414 305 1588 343 suffragium
1610 305 1716 334 inisse.

205 361 369 398 Repugnat
390 358 501 386 Cicero
521 357 554 385 in
574 367 618 386 or.
639 357 804 385 Planciana
824 356 859 384 C.
878 354 990 383 XXII.
1011 354 1038 394 §.
1058 355 1104 383 53.
1124 356 1277 383 scribens:
1307 354 1474 386 dubitatis,
1496 355 1617 390 inquit,
1637 356 1713 392 quin
1734 354 1824 382 coitio
1835 352 1932 390 saeta
1951 354 2003 387 sit,

131 418 202 437 cum
222 407 319 434 tribus
333 407 500 443 plerasque
519 416 590 433 cum
607 406 712 433 Plotio
732 405 839 432 tulerit
858 402 1037 430 Plancius?
1056 403 1108 430 An,
1129 413 1193 430 nna
1205 403 1285 438 fieri
1298 406 1486 439 potuerunt,
1506 402 1533 429 si
1553 411 1618 429 una
1639 400 1738 428 tribas
1757 410 1817 427 non
1837 399 2005 428 tulissent?

134 454 219 490 Quae
239 453 333 480 uerba
352 462 408 480 nos
428 457 541 489 cogunt
561 457 713 487 statuere,
732 451 808 479 duos
830 454 948 477 tantuin
969 459 1031 476 una
1050 448 1158 476 aedilis
1181 454 1299 478 creatos
1320 458 1394 477 esse.

206 501 371 538 Repugnat
390 498 489 534 idem,
515 499 551 527 C.
571 498 666 526 XXI.
685 496 713 536 §.
733 499 778 526 51.
800 497 834 525 C.
855 496 989 524 Marium
1011 496 1126 523 duabus
1147 497 1356 525 aedilitatibus
1377 494 1534 533 repulsum
1555 504 1621 524 esse
1641 495 1794 531 scribens3
1821 492 1902 531 quod
1921 495 2006 520 recte

132 547 214 576 uidit
235 545 422 575 Garatonius
443 546 505 574 dici
524 556 587 573 non
607 545 764 584 potuisse,
798 544 825 572 si
845 554 905 571 una
925 543 1096 571 aedilitates
1118 543 1192 571 istae
1213 554 1229 572 a
1248 544 1365 582 populo
1387 543 1557 571 candidatis
1578 543 1736 571 mandatae
1756 545 1865 569 essent.
1902 539 2007 577 Atque

131 594 193 623 hoc
213 594 314 633 ipsum
334 594 494 623 coufirmat
513 593 714 630 Plutarchus,
740 603 810 622 cum
828 591 965 620 bIarium
984 590 1141 619 aedilitate
1169 592 1271 620 curuli
1296 590 1456 630 repulsum
1482 590 1585 618 statim
1611 590 1799 618 aedilitatem
1824 588 1866 628 pl.
1892 586 2006 626 petisse

132 642 240 671 refert.

209 690 373 729 Repugnat
393 687 475 717 idem
493 687 527 716 in
555 694 630 718 orat.
649 688 755 717 Pison.
776 687 809 716 C.
830 686 855 715 I.
882 684 910 725 §.
932 695 959 715 2.
985 684 1140 713 scribens:
1166 686 1220 714 Me
1240 695 1309 713 cam
1329 692 1519 723 quaestorem
1539 687 1572 713 in
1587 686 1718 722 primis,
1743 684 1873 712 aedilem
1894 683 2009 719 prio-

133 748 229 770 rem,
249 744 426 775 praetorem
448 738 588 772 primum
608 738 728 764 cunctis
753 734 920 773 suff-agiis
940 734 1074 770 populas
1093 734 1254 762 Romanus
1271 732 1417 770 faciebat
1445 738 1510 762 etc..
1549 733 1689 762 Minuine
1715 731 1796 759 enini
1820 731 1955 766 priorem
1975 737 2008 755 se

133 785 238 813 dicere
259 789 381 823 poterat
400 784 515 812 factum
535 783 666 812 aedilem
685 793 760 820 csse,
779 783 806 812 si
826 786 970 820 quattuor
991 780 1105 809 aediles
1121 790 1181 809 una
1196 779 1274 810 facti
1294 785 1404 808 essent.
1433 780 1514 809 Tum
1530 780 1612 807 enim
1629 781 1753 817 primus
1772 782 1825 806 aut
1845 777 2007 814 inprimis

134 832 265 861 debebat
284 832 382 860 sactus
402 831 510 858 aedilis
532 830 605 859 dici.

209 880 256 907 Ac
276 889 401 917 prorsus
423 878 546 916 quidem
567 877 748 906 aducrsatur
766 877 810 906 M.
832 876 972 911 Caclius,
999 874 1052 914 qui
1073 884 1141 902 cum
1161 871 1340 902 candidatus
1361 880 1440 904 esset
1460 873 1627 903 aedilitatis
1648 873 1782 909 curulis,
1806 872 1843 900 ad
1861 872 1906 901 M.
1927 870 2007 899 Tu}-

133 926 210 955 lium
232 926 283 966 (ad
302 926 377 954 Diu.
397 926 497 962 VIII,
521 924 563 964 4.)
589 925 634 953 sic
661 925 803 963 scripsit:
834 925 907 952 Has
932 933 988 961 ego
1009 922 1067 950 tibi
1085 923 1208 950 litteras
1229 932 1261 949 eo
1281 924 1396 951 maiore
1416 924 1488 951 misi
1507 922 1688 954 interuallo,
1716 921 1798 959 quod
1815 920 2009 948 comitiorum

133 975 302 1002 dilationes
322 975 547 1010 occupatiorem
567 983 614 1000 me
632 972 797 1007 habebant,
818 977 846 999 et
867 976 1027 1008 expectare
1047 970 1081 997 in,
1101 969 1166 997 (lie-s·
1186 971 1301 998 exitam
1318 969 1474 1008 cogebant,
1490 975 1525 997 ut
1543 969 1692 1006 confectis
1713 967 1852 995 omnibns
1871 972 1900 994 te
1911 965 2008 1003 sace-

134 1031 197 1048 rem
217 1023 386 1049 certiorem.
424 1021 480 1047 Ad
496 1021 566 1049 Kal.
585 1020 665 1048 Sext.
686 1030 781 1057 usque
800 1019 971 1056 expectaui.
1008 1018 1183 1045 Praetoriis
1203 1027 1305 1045 morae
1326 1017 1478 1055 quaedam
1498 1017 1694 1048 inciderunt,-
1714 1025 1784 1042 mea
1797 1025 1892 1052 porro
1912 1013 2008 1041 eomi-

134 1070 182 1097 tia
202 1079 290 1106 quem
310 1075 454 1096 euentum
475 1069 539 1095 sint
559 1067 719 1100 habitura,
738 1067 860 1099 neseio;
879 1066 1053 1102 opinionem
1072 1064 1206 1102 quidem,
1227 1064 1309 1102 quod
1327 1065 1370 1092 ad
1386 1065 1523 1092 Hirrum
1541 1064 1665 1095 attinet,
1685 1062 1896 1090 incredibilem
1915 1059 2008 1088 aedit.

128 1117 177 1154 pl.
197 1117 329 1144 comitiis
348 1121 444 1143 nacta
463 1119 547 1142 szcrzt.
583 1114 634 1142 Ex
653 1125 713 1152 quo
733 1113 820 1149 loco,
839 1118 875 1140 ut
894 1111 975 1140 nihil
995 1121 1076 1139 nunc
1097 1110 1194 1138 dicam
1215 1110 1251 1138 de
1270 1110 1491 1150 repugnantia,
1511 1120 1588 1148 quae
1607 1109 1690 1137 inter
1709 1119 1779 1137 euin
1799 1113 1830 1137 et
1847 1105 2008 1137 Plutarchi

133 1163 238 1192 locum
263 1163 446 1201 intercedit,
472 1161 533 1190 hoc
561 1167 645 1190 certe
672 1165 817 1200 apparet,
845 1159 954 1187 aedilis
982 1157 1122 1197 plebeios
1150 1166 1213 1185 non
1240 1168 1306 1186 esse
1331 1168 1392 1187 una
1417 1168 1487 1186 cnm
1514 1157 1665 1186 aedilibus
1693 1157 1853 1186 curulibus
1880 1159 2008 1183 creatos.

133 1211 239 1250 Atque
258 1211 318 1240 hoc
346 1211 447 1250 ipsum
474 1209 612 1239 ostendit
639 1209 731 1237 etiam
750 1207 814 1235 Dio
835 1206 957 1235 Cassius
984 1205 1023 1233 L.
1043 1204 1209 1234 XXXIX.
1236 1215 1262 1234 c.
1282 1206 1328 1235 32.
1353 1216 1382 1244 p.
1401 1204 1466 1234 516.
1490 1204 1538 1233 ed.
1559 1204 1675 1239 Sturz.‚
1702 1214 1792 1242 quein
1812 1203 1916 1231 Iocum
1934 1200 2008 1229 uide

132 1260 176 1288 sis
196 1258 224 1298 §.
243 1260 270 1288 3.
291 1259 442 1295 adlatum,
470 1262 502 1286 et
528 1261 688 1295 praeterea
716 1255 866 1294 probatur
891 1263 947 1289 eo,
972 1252 1055 1291 quod
1079 1260 1308 1290 nonnumquam
1332 1253 1415 1280 solos
1442 1251 1550 1280 aedilis
1569 1251 1709 1290 plebeios
1729 1252 1826 1280 factos
1847 1259 1928 1286 esse,
1957 1258 2008 1276 ca-

133 1307 294 1344 ruisseque
313 1316 378 1334 rcm
397 1316 427 1344 p.
448 1305 617 1333 Romanam
637 1313 694 1342 per
715 1313 808 1331 uuum
833 1301 974 1340 plurisue
1000 1310 1095 1328 annos
1121 1299 1273 1328 aedilibus
1300 1299 1460 1328 curulibus
1480 1299 1603 1327 scimus.
1643 1299 1706 1327 Cfr.
1730 1299 1856 1327 sueton.
1882 1297 1917 1325 111
1943 1294 2010 1323 uita

134 1354 169 1383 C.
191 1354 252 1381 Iuli
273 1354 357 1382 Caes.
378 1363 403 1381 c.
426 1352 485 1388 76.:
518 1351 657 1379 Tertium
677 1356 705 1378 et
726 1355 874 1388 quartum
894 1349 1090 1377 consulatum
1109 1347 1201 1375 titulo
1221 1352 1312 1375 tenus
1327 1350 1439 1385 gessit,
1471 1353 1632 1376 contentas
1652 1346 1828 1374 dictaturae
1842 1348 2008 1382 potestate,

133 1402 274 1430 decretae
293 1412 363 1429 cam
382 1398 595 1428 consulatibus
620 1398 733 1432 simul;
759 1403 851 1435 atque
871 1402 999 1434 utroque
1018 1405 1100 1423 anno
1120 1394 1208 1422 binos
1227 1395 1365 1422 consules
1384 1394 1545 1422 substituit
1563 1393 1624 1422 sibi
1642 1395 1677 1421 in
1697 1399 1797 1421 ternos
1817 1393 2008 1421 nouissumos

133 1451 263 1481 mensale,
283 1450 331 1477 ita
350 1452 386 1474 ut
405 1446 504 1474 medio
526 1451 660 1482 tempore
680 1445 806 1472 comitia
826 1443 915 1470 nulla
934 1442 1080 1470 hahuerit
1093 1446 1223 1479 praeter
1242 1440 1438 1469 tribunorum
1458 1447 1487 1469 et
1506 1441 1657 1469 aedilium
1671 1441 1792 1478 plebis;
1814 1438 2007 1477 praesecto-⁹·-

132 1506 191 1534 que
215 1505 272 1532 pro
293 1493 492 1532 praetoribus
518 1493 731 1527 constituerit,
760 1492 815 1529 qui
834 1495 999 1527 praesente
1027 1500 1058 1517 se
1085 1499 1133 1517 res
1165 1487 1302 1516 urbanas
1329 1488 1597 1517 administrarent.
1626 1489 1691 1517 Cfr.
1725 1489 1816 1517 etiam
1845 1485 2007 1515 Schubert.

131 1552 164 1580 1).
187 1543 260 1571 185..
298 1541 409 1579 Neque
428 1540 501 1568 huic
521 1538 568 1567 rei
589 1538 768 1567 aduersatur
787 1537 893 1565 tabula
911 1536 1147 1573 Heracleensis3
1179 1544 1249 1563 nam
1269 1534 1294 1563 si
1314 1544 1377 1563 non
1398 1540 1485 1563 crant
1504 1536 1579 1564 facti
1599 1537 1712 1565 aediles
1733 1535 1870 1570 curules,
1897 1542 1953 1572 per
1975 1541 2009 1560 se

132 1589 344 1626 intellegitur,
363 1587 471 1616 aedilis
491 1586 632 1626 plebeios
652 1596 759 1614 eorum
778 1594 904 1613 munera
924 1584 1080 1622 suscipere
1101 1582 1251 1611 debuisse.
1290 1583 1391 1618 Quid,
1418 1583 1501 1621 quod
1520 1584 1689 1612 serioribus
1711 1582 1903 1622 temporibus
1925 1579 2008 1608 acci-

133 1635 197 1671 dit,
223 1640 259 1664 ut
277 1635 374 1664 nullis
395 1634 522 1663 omniuo
547 1633 699 1662 aedilibus
726 1632 836 1662 creatis
855 1636 1015 1671 praetores
1036 1636 1066 1660 et
1084 1630 1206 1660 tribuni
1225 1630 1268 1669 pl.
1287 1630 1414 1658 illorum
1434 1631 1538 1660 munia
1557 1636 1794 1669 exequerentur.
1822 1630 1886 1659 Cfr.
1906 1628 2007 1657 Schu-

131 1682 210 1711 bert.
231 1693 262 1721 p.
281 1691 356 1720 209..

208 1729 422 1758 Nihilominus
442 1728 477 1757 in
503 1727 728 1757 consuetudine
747 1726 807 1756 hoe
827 1727 1038 1755 Romanorum
1058 1724 1193 1764 positum
1213 1724 1310 1754 fuisse
1329 1724 1482 1762 arbitror,
1514 1730 1549 1754 ut
1567 1735 1629 1754 uuo
1650 1725 1818 1764 eodemque
1838 1723 1889 1752 die
1908 1721 2005 1751 isdem

134 1778 270 1806 comitiis
290 1777 404 1807 aediles
425 1776 547 1805 curules
574 1781 606 1804 et
632 1776 747 1804 aediles
766 1775 871 1814 plebei
891 1777 1088 1808 crearentur,
1117 1772 1160 1801 ita
1180 1777 1297 1808 tamen,
1323 1777 1358 1801 ut
1378 1773 1511 1811 primum
1531 1773 1678 1801 aedilium
1698 1773 1868 1807 curulium,
1893 1769 2006 1799 deinde

132 1825 281 1854 aedilium
300 1824 495 1864 plebeioriun
515 1823 717 1852 creandorum
738 1833 841 1852 caussa
859 1822 994 1862 populus
1014 1821 1047 1849 in
1068 1820 1241 1858 suffragium
1261 1821 1453 1857 mitteretur,
1474 1826 1522 1857 et,
1540 1821 1566 1849 si
1586 1821 1668 1850 forte
1688 1820 1832 1849 aedilium
1853 1817 2007 1847 curulium

134 1873 251 1901 creatio
272 1882 335 1900 non
355 1877 420 1900 rata
445 1875 511 1899 erat
537 1875 589 1899 aut
610 1870 670 1899 alia
690 1870 726 1898 de
747 1880 850 1898 caussa
869 1869 938 1897 ficri
964 1879 1027 1896 non
1053 1868 1175 1907 potuit,
1209 1873 1311 1896 tamen
1338 1874 1423 1897 certo
1452 1868 1502 1896 die
1529 1868 1643 1897 aediles
1668 1868 1712 1906 pl.
1738 1867 1848 1896 fierent
1874 1865 2007 1903 ideoque

133 1925 243 1948 contra
262 1920 418 1956 uolgarem
438 1918 694 1946 consuetudinem
721 1923 792 1945 ante
812 1916 921 1945 aedilis
948 1916 1065 1944 curulis
1092 1915 1333 1953 designarentur.
1372 1916 1452 1944 Nam
1475 1915 1553 1944 hane
1572 1915 1824 1944 utrcomitiorum
1843 1913 2006 1943 aedilicio-

132 1978 202 1996 rum
221 1967 374 1996 rationem
393 1966 489 1994 fuisse
509 1970 694 2002 statuamus,
721 1970 752 1994 et
771 1963 955 1993 Plutarchus
982 1962 1015 1990 in
1042 1962 1106 1991 uita
1126 1963 1207 1991 Mari
1227 1973 1252 1991 e.
1273 1964 1299 1991 5.
1320 1973 1375 1991 nos
1396 1963 1494 2001 cogit,
1521 1969 1552 1992 et
1570 1965 1614 1993 M.
1636 1964 1721 1992 Caeli
1743 1962 1873 2002 epistola
1892 1961 1929 1990 ad
1950 1961 2007 1990 Ci-

134 2024 279 2042 ceronem
308 2013 379 2052 (Ep.
408 2013 445 2041 ad
470 2013 544 2041 Diu.
565 2012 664 2048 VIII,
688 2011 730 2051 4.)
757 2012 883 2050 scripta.
921 2009 1122 2039 Plutarchum
1150 2011 1231 2038 enim
1251 2011 1473 2039 manifestumst
1500 2011 1532 2039 id
1548 2020 1662 2048 ,agei-e,
1688 2016 1723 2039 ut
1751 2021 1827 2049 quae
1847 2009 2006 2039 sollemnis

133 2061 215 2090 Mari
235 2067 376 2100 tempore
396 2060 593 2089 comitiorum
613 2060 740 2089 illorum
758 2059 839 2089 ratio
858 2058 973 2096 fuerit,
998 2058 1164 2096 diligenter
1188 2058 1319 2096 referat5
1347 2060 1390 2087 M.
1412 2059 1534 2088 Caelius
1555 2062 1655 2087 autem
1676 2058 1789 2087 diserte
1809 2057 1932 2088 comitia
1951 2050 2005 2085 sua

133 2108 227 2137 dilata
244 2108 340 2138 fuisse
357 2113 473 2137 monet.

1030 2216 1058 2258 §.
1079 2223 1105 2251 3.

336 2292 373 2326 Α
409 2303 491 2337 quo
522 2289 711 2324 comitia
740 2289 971 2323 aedilibus
1003 2289 1237 2322 curulibus
1268 2289 1474 2322 creandis
1509 2289 1665 2321 habita
1693 2289 1795 2321 sint·

206 2383 370 2422 Quotquot
387 2387 509 2411 ueteres
529 2383 696 2420 scriptores
716 2381 906 2410 mentionem
926 2380 1045 2410 faciunt
1065 2390 1186 2417 eorum,
1218 2380 1271 2419 qui
1293 2379 1426 2408 comitiis
1446 2379 1597 2408 aediliciis
1616 2377 1823 2417 praefuerint,
1850 2375 1886 2404 ad
1906 2385 2001 2405 unum

133 2440 238 2460 onmes
258 2441 275 2459 a
294 2429 474 2459 consulibus
493 2439 528 2457 ca
546 2429 650 2458 habita
671 2439 735 2457 esse
754 2429 890 2458 tradunt.
