2185 2720
640 147 665 176 C
684 147 713 176 A
733 147 774 177 P.
811 144 976 175 XXXIV.
1009 142 1038 184 §
1071 148 1118 176 85.
1148 160 1187 171 ·-.·
1218 146 1365 175 XXXV.
1391 144 1419 184 §⁸
1446 149 1492 177 86.
1944 155 2000 182 215

221 224 324 265 Quod
352 224 502 256 uiderim
533 223 621 256 mihi
648 221 823 255 auxilium
849 233 918 253 non
946 220 1076 260 deesse,
1110 220 1239 252 idcirco
1268 233 1322 253 me
1350 221 1407 253 illi
1438 221 1572 253 auxilio
1591 221 1797 265 pepercisse)
1841 223 1998 266 Explicat

135 279 218 310 haec
240 277 314 320 ipse
338 277 456 309 Cicero
488 275 578 308 infra
600 276 638 307 C.
660 275 836 307 XXXVI.
871 274 902 315 §.
927 273 979 316 89.
1009 285 1076 317 quo
1105 273 1240 306 maiora
1265 273 1383 306 studia
1412 274 1449 306 in
1476 286 1529 307 me
1550 274 1713 306 bonorum
1733 273 1905 317 fuerunt,
1936 277 1999 310 hoc

134 330 181 364 iis
205 330 321 373 magis
343 330 587 363 consulendum
611 333 645 360 et
662 327 879 371 parcendum
902 326 1040 371 putaui.

219 394 308 435 Quis
330 393 420 426 enim
441 397 554 424 status
583 391 655 431 etc.)
698 389 764 423 His
786 395 820 421 et
842 388 1061 432 sequentibus
1081 399 1190 431 usque
1211 390 1253 421 ad
1276 390 1315 422 C.
1336 389 1528 422 XXXVII.
1559 389 1699 432 exponit
1724 389 1861 429 Cicero,
1899 401 2000 432 quam

134 447 178 479 ob
200 457 349 479 caussam
371 445 516 484 auxilio,
548 443 636 487 quod
657 447 793 487 praesto
815 440 939 482 fuerit,
970 441 1021 474 uti
1039 441 1200 474 noluerit.
1244 443 1284 474 In
1311 454 1376 485 qua
1406 452 1444 473 re
1467 442 1667 483 exponenda
1690 454 1767 474 cum
1788 442 1894 474 animi
1916 454 2003 485 quo-

133 501 209 533 dam
230 499 366 532 feruore
393 496 505 540 abripi
531 508 567 528 se
587 508 704 541 passus
731 495 794 535 sit,
829 494 1006 536 factumst,
1038 501 1076 527 ut
1105 495 1213 527 oratio
1249 495 1402 527 uiuidior
1431 493 1586 526 existeret
1613 495 1756 538 ideoque
1777 506 1903 535 nexus,
1934 506 2002 537 quo

135 553 270 596 singula
297 550 448 584 membra
477 549 566 581 inter
597 561 633 581 se
667 549 867 587 cohaerent,
913 548 1026 581 minus
1060 548 1096 580 in
1125 549 1238 581 oculos
1268 548 1404 580 lectoris
1435 547 1633 579 incurreret.
1675 548 1793 590 Itaque
1827 548 2004 580 wfeiskius

134 606 258 644 uerba,
295 603 449 637 consules
465 607 548 646 post
569 603 746 636 hominum
766 602 967 634 memoriam
987 620 1032 627 —
1055 603 1150 635 serui
1172 603 1209 634 in
1240 603 1395 635 dominos
1419 600 1662 641 armabantur,
1700 601 1814 644 inepto
1838 600 2005 633 declama-

134 657 205 690 tori
225 656 396 689 reddenda
416 655 595 695 iudicauit3
629 666 714 698 quae
735 660 868 687 tantum
890 655 1003 696 abest,
1036 661 1076 686 ut
1099 654 1207 686 omitti
1228 654 1417 698 potuerint,
1450 659 1490 685 ut
1511 653 1551 684 ad
1573 654 1754 686 sententiae
1775 653 2005 697 integritatem

134 721 274 755 prorsus
293 710 358 741 siut
379 708 574 740 necessaria.
617 709 722 751 quue
744 706 851 739 cuiuis
875 706 1017 751 patebit,
1040 707 1098 750 qui
1120 718 1249 738 nexum
1272 718 1410 747 eorum,
1443 718 1528 750 quae
1552 718 1571 738 a
1594 708 1632 740 C.
1654 707 1812 740 XXXV.
1835 719 1942 750 usque
1966 707 2005 738 ad

135 764 176 796 C.
199 763 391 796 XXXVII.
415 761 538 805 scripta
559 768 657 802 sunt,
680 761 858 804 diligenter
879 759 1150 792 considerauerit.
1193 760 1225 791 Is
1247 759 1303 790 hic
1327 765 1386 792 est.
1431 759 1581 791 Primam
1603 770 1765 801 caussam,
1797 771 1863 802 qua
1885 759 2006 792 ductus

133 815 285 854 auxilio,
321 815 412 857 quod
435 820 568 859 praesto
591 814 712 854 suerit,
745 813 952 857 parcendum
973 812 1120 856 putarit,
1153 813 1253 856 ponit
1274 812 1310 844 iu
1333 819 1421 845 statu
1442 811 1494 845 rei
1515 811 1687 855 publicae,
1720 812 1828 844 obiter
1849 824 2006 853 monens,

134 879 171 900 se
192 879 254 899 nec
282 868 319 900 P.
345 868 445 900 Clodi
472 874 616 907 terrore,
655 878 718 899 nec
745 866 791 899 A.
816 865 942 898 Gabini
970 864 1088 897 furore
1116 876 1135 897 a
1161 865 1349 898 dimicando
1377 877 1447 898 esse
1478 864 1679 897 deterritum
1707 863 1930 907 (tribunicius
1951 879 2006 899 me

136 926 251 954 terror
271 939 315 945 —
338 921 514 964 uic-eram).
558 920 649 952 Eum
670 924 795 951 statum
817 918 975 950 describit
996 918 1164 962 copiosius
1188 918 1302 950 uerbis
1325 920 1479 952 consules
1503 924 1585 963 post
1608 918 1784 951 hominum
1805 920 2006 953 memoriam

135 990 180 999 —-
205 974 386 1007 uastitatis
407 979 517 1007 metus
539 971 784 1016 inferebatur„
820 971 867 1003 ita
889 971 1046 1014 quidem,
1076 978 1114 1003 ut
1135 971 1287 1014 primum
1310 972 1481 1012 consules,
1515 971 1587 1003 sine
1609 981 1755 1013 quorum
1777 972 1906 1004 auxilio
1930 985 2006 1005 sus-

138 1025 209 1069 cipi
237 1026 325 1058 nihil
355 1026 479 1069 possit,
506 1025 664 1058 homines
684 1036 859 1068 pessumos
881 1025 985 1057 fuisse
1008 1030 1041 1056 et
1061 1035 1079 1055 a
1101 1030 1234 1065 senatu,
1267 1036 1287 1056 a
1308 1036 1345 1056 re
1366 1024 1518 1067 publica,
1551 1029 1585 1055 et
1606 1034 1625 1054 a
1647 1022 1743 1055 bonis
1766 1024 1923 1057 omnibus
1946 1025 2008 1057 d&

136 1078 273 1117 fecisse3
296 1078 418 1110 deinde
441 1090 517 1119 eos,
541 1078 600 1122 qui
619 1076 805 1110 secundum
827 1077 980 1109 consules
1001 1078 1202 1121 plurumum
1223 1078 1411 1117 ualuerint,
1441 1088 1518 1108 cum
1542 1075 1663 1108 Clodio
1687 1082 1720 1108 et
1741 1077 1934 1110 consulibus
1955 1077 2009 1110 fa-

136 1142 212 1163 cere
233 1132 422 1175 perhibitos
445 1144 536 1172 esse3
574 1131 720 1173 denique
742 1130 871 1163 faecem
891 1130 1014 1174 populi
1036 1137 1151 1162 contra
1174 1130 1279 1163 bonos
1302 1135 1465 1162 armatam
1487 1128 1590 1161 fuisse
1607 1135 1753 1161 moneat.
1799 1130 1925 1162 Contra
1952 1142 2008 1163 se-

136 1195 215 1215 cum
238 1184 455 1217 coniunctum
479 1184 617 1228 quidem
638 1190 809 1225 senatum,
844 1183 1061 1215 coniunctum
1090 1189 1199 1215 totum
1234 1189 1425 1227 equestrem
1455 1182 1625 1222 ordinem,
1661 1181 1874 1214 coniunctam
1902 1188 2007 1215 totam

135 1236 209 1269 fere
230 1238 363 1270 Italiam
389 1238 509 1279 fuisse,
541 1244 591 1270 set
613 1243 766 1270 senatum
795 1236 1037 1269 crudelissuma
1067 1236 1244 1268 consulum
1272 1242 1436 1280 potestate
1464 1235 1506 1267 de
1527 1234 1761 1278 gubernaculis
1782 1234 1833 1266 rei
1856 1246 1890 1278 p.
1915 1235 2009 1267 deie-

137 1296 251 1331 ctum,
275 1298 464 1334 equestrem
486 1291 643 1323 ordinem
666 1289 791 1323 Gabini
815 1289 1068 1322 denuntiatione
1090 1289 1349 1333 proscriptionis
1372 1287 1611 1332 perterritum,
1642 1293 1748 1319 totam
1770 1287 1904 1320 Italiam
1926 1288 2008 1320 belli

136 1342 290 1375 intestini
318 1349 352 1375 et
381 1343 547 1375 uastitatis
573 1349 668 1375 metu
694 1354 886 1387 percussam
914 1341 1028 1374 fuisse.
1072 1342 1229 1375 Alteram
1253 1353 1419 1381 caussam,
1455 1352 1513 1373 cur
1535 1340 1588 1372 his
1611 1339 1747 1372 auxiliis
1773 1339 1824 1372 uti
1845 1340 2007 1381 noluerit,

139 1396 180 1428 C.
202 1395 376 1429 XXXVI.
400 1397 539 1428 ineunte
561 1395 598 1427 in
620 1407 741 1438 genere
767 1395 991 1428 dimicationis
1011 1395 1108 1439 ponit
1121 1420 1130 1435 ‚
1168 1395 1257 1438 quod
1279 1395 1381 1427 armis
1406 1393 1509 1426 fuerit
1530 1392 1775 1433 dimicandum3
1813 1393 1949 1425 tertiam
1970 1394 2007 1426 in

137 1460 199 1489 eo,
237 1449 329 1492 quod
350 1449 484 1481 caedem
505 1448 579 1481 fieri
610 1455 740 1481 senatus
764 1455 798 1481 et
819 1448 988 1480 bonorum
1017 1449 1069 1481 rei
1090 1448 1245 1492 publicae
1268 1448 1450 1480 exitiosum
1471 1446 1592 1486 fuerit3
1629 1452 1783 1489 quartam
1805 1445 1948 1488 denique
1970 1445 2007 1478 in

138 1502 235 1534 exitu
257 1513 408 1545 pugnae,
439 1501 528 1544 quod
549 1501 712 1533 uictoriae
733 1501 845 1545 grauis
867 1500 941 1534 fore
963 1502 1191 1540 aduersarios,
1224 1500 1379 1532 interitus
1400 1499 1513 1531 nullos
1534 1499 1661 1530 ultores
1683 1497 1821 1529 uiderit.
1864 1498 1936 1530 Has
1963 1498 2007 1530 ob

140 1566 269 1588 caussas
296 1556 326 1598 ς.
350 1555 401 1597 89.
425 1554 564 1586 ineunte
588 1554 670 1587 dicit
691 1566 726 1586 se
747 1555 815 1587 illis
838 1555 890 1587 uti
912 1555 1049 1587 auxiliis
1071 1555 1235 1593 noluisse,
1259 1552 1362 1596 idque
1385 1564 1424 1585 eo
1446 1553 1576 1593 minus,
1599 1562 1666 1594 quo
1688 1551 1817 1584 maiora
1838 1551 2007 1584 bonorum

142 1607 301 1648 illorum,
326 1608 384 1651 qui
405 1619 424 1639 a
446 1608 513 1640 suis
538 1607 690 1650 partibus
713 1607 888 1648 steterint,
910 1607 946 1640 in
969 1619 1005 1640 se
1027 1607 1138 1639 studia
1159 1606 1299 1639 fuerint.

225 1671 311 1704 Cum
334 1671 492 1715 reliquiis
515 1669 646 1715 eorum)
690 1670 762 1703 Cfr.
784 1671 821 1703 in
843 1671 909 1703 Pis.
934 1672 972 1704 C.
995 1671 1076 1703 VII.
1100 1671 1205 1713 §.16.
1230 1670 1268 1702 C.
1291 1670 1338 1701 X.
1362 1668 1392 1711 §.
1416 1668 1487 1700 23..

225 1735 276 1768 Et
298 1735 363 1767 illa
378 1733 573 1779 principia)
619 1734 716 1776 Quae
740 1733 943 1778 simulatque
968 1735 1121 1767 consules
1144 1739 1241 1766 erant
1261 1732 1342 1765 facti
1364 1731 1527 1763 fecerunt.
1570 1730 1688 1774 Atque
1711 1731 1753 1764 L.
1774 1729 1906 1762 Pisonis
1932 1728 2011 1772 qui-

141 1787 221 1820 dem
248 1799 300 1820 res
323 1787 359 1819 in
379 1787 552 1819 consulatu
583 1793 690 1830 gestas
720 1787 839 1820 Cicero
868 1788 906 1820 in
928 1788 1081 1820 oratione
1110 1787 1171 1819 illa
1198 1784 1524 1825 uehementissuma,
1563 1795 1628 1828 qua
1652 1784 1690 1816 in
1717 1794 1798 1815 eum
1825 1783 2011 1824 inuehitur,

142 1841 181 1874 C.
202 1840 397 1873 Iv-XV.
421 1846 609 1882 percenset.

226 1904 276 1937 Et
297 1904 336 1937 hi
356 1909 505 1936 recentes
531 1915 646 1937 rerum
672 1905 800 1948 exitus)
841 1905 1075 1948 Exponuntur
1102 1903 1184 1935 haec
1205 1902 1281 1936 fuse
1304 1902 1342 1934 in
1364 1912 1415 1934 or.
1437 1900 1478 1931 de
1495 1910 1596 1942 prou.
1618 1910 1728 1938 cons.‚
1768 1909 1871 1941 quam
1892 1898 2010 1931 Cicero

142 1957 262 1990 habuit
290 1968 378 1988 anno
407 1956 592 1999 superiore.
633 1958 894 1990 GARATONIUS.
939 1957 1100 2000 Explicat
1128 1957 1279 1989 breuiter
1313 1956 1379 1988 hoc
1407 1954 1482 1997 ipso
1511 1953 1586 1985 loco
1618 1951 1736 1984 Cicero
1773 1950 1887 1983 uerbis
1922 1951 2012 1984 alter

143 2010 330 2044 exercitum
344 2010 524 2054 perdidit,
546 2011 636 2044 alter
658 2011 829 2044 uendidit.

227 2073 383 2115 Quorum
401 2074 491 2106 alter
513 2075 700 2106 exercitum
719 2074 899 2118 perdidit,
920 2073 1011 2106 alter
1035 2071 1208 2113 uendidit)
1251 2070 1366 2103 Haec
1394 2071 1472 2103 iam
1503 2067 1670 2112 saepius
1697 2065 1810 2098 dicta
1836 2070 1938 2098 sunt
1962 2064 2012 2096 de

143 2125 298 2159 Pisone
321 2132 359 2158 et
382 2126 592 2167 Gabinio,
625 2127 698 2169 qui
727 2126 973 2158 actionibus
1002 2126 1039 2158 P.
1064 2124 1187 2157 Clodi
1212 2123 1375 2156 tribuni
1396 2123 1454 2166 pl.
1479 2122 1522 2154 in
1552 2119 1795 2166 perniciem
1816 2117 1867 2151 M.
1889 2116 2012 2149 Tulli

145 2184 473 2218 consenserant,
497 2178 702 2211 habituri
723 2179 979 2223 prouincias
1001 2180 1106 2212 Piso
1128 2177 1440 2216 Macedoniam,
1472 2173 1684 2207 Gabinius
1707 2171 1887 2216 Syriam.
1932 2168 2011 2201 Sed

145 2231 217 2264 hic
238 2232 427 2264 alteram
451 2232 690 2264 exercitum
711 2231 935 2275 perditum
957 2243 977 2263 a
997 2232 1172 2271 Pisone,
1199 2230 1385 2262 alterum
1415 2239 1434 2259 a
1457 2226 1641 2260 Gabinio
1671 2224 1844 2257 uenisse
1872 2223 2013 2266 signi-

145 2282 272 2324 ficat3
295 2284 472 2317 scilicet
495 2285 605 2329 quod
626 2296 767 2328 regem
788 2285 1082 2317 Ptolemaeum
1104 2282 1293 2326 acceptis
1323 2282 1463 2313 decem
1485 2278 1686 2312 millibus
1707 2278 1912 2310 talentum
1934 2287 2012 2320 per

147 2335 237 2368 uim
256 2336 496 2370 militarem
525 2338 744 2370 exercitus
767 2337 948 2370 Romani
977 2336 1244 2369 restituisset
1272 2335 1316 2367 in
1342 2345 1522 2377 regnum
1551 2343 1684 2364 suum.
1728 2331 1781 2363 Et
1807 2329 1939 2362 simul
1966 2329 2011 2361 in

148 2388 231 2421 hoc
252 2389 530 2432 epiciremate
554 2390 730 2422 adhibet
752 2389 930 2422 eundem
953 2390 1142 2422 colorem
1170 2390 1249 2421 iam
1272 2387 1352 2419 sibi
1381 2388 1424 2418 in
1446 2385 1596 2419 multis
1619 2382 1898 2416 orationibus
1919 2380 2013 2412 fre-

150 2447 427 2484 quentatum,
460 2444 626 2476 idcirco
651 2442 845 2475 secedere
868 2442 976 2474 urbe
1002 2442 1226 2482 maluisse,
1258 2452 1307 2472 ne
1329 2439 1430 2482 quid
1453 2438 1686 2471 seditiosae
1712 2433 2010 2468 dimicationis
