<?xml version="1.0" encoding="UTF-8"?>
<!DOCTYPE html PUBLIC "-//W3C//DTD XHTML 1.0 Transitional//EN"
    "http://www.w3.org/TR/xhtml1/DTD/xhtml1-transitional.dtd">
<html xmlns="http://www.w3.org/1999/xhtml" xml:lang="en" lang="en">
 <head>
  <title>
</title>
<meta http-equiv="Content-Type" content="text/html;charset=utf-8" />
  <meta name='ocr-system' content='tesseract 3.04.00' />
  <meta name='ocr-capabilities' content='ocr_page ocr_carea ocr_par ocr_line ocrx_word'/>
</head>
<body>
  <div class='ocr_page' id='page_1' title='image "./oratioprocnplanc00ciceuoft/oratioprocnplanc00ciceuoft_0211.png"; bbox 0 0 2185 2720; ppageno 0'>
   <div class='ocr_carea' id='block_1_1' title="bbox 916 129 2065 175">
    <p class='ocr_par' dir='ltr' id='par_1_1' title="bbox 916 129 2065 175">
     <span class='ocr_line' id='line_1_1' title="bbox 916 129 2065 175; baseline 0.001 -15"><span class='ocrx_word' id='word_1_1' title='bbox 916 130 941 160; x_wconf 91' lang='lat' dir='ltr'><strong>c</strong></span> <span class='ocrx_word' id='word_1_2' title='bbox 960 130 990 159; x_wconf 81' lang='lat' dir='ltr'>A</span> <span class='ocrx_word' id='word_1_3' title='bbox 1011 130 1051 161; x_wconf 88' lang='lat' dir='ltr'><strong>P.</strong></span> <span class='ocrx_word' id='word_1_4' title='bbox 1091 130 1133 160; x_wconf 72' lang='lat' dir='ltr'>x</span> <span class='ocrx_word' id='word_1_5' title='bbox 1166 129 1194 171; x_wconf 66' lang='grc' dir='ltr'><strong>ς.</strong></span> <span class='ocrx_word' id='word_1_6' title='bbox 1221 131 1265 163; x_wconf 82' lang='lat'><strong>24.</strong></span> <span class='ocrx_word' id='word_1_7' title='bbox 1287 138 1331 164; x_wconf 83' lang='lat'><strong>25.</strong></span> <span class='ocrx_word' id='word_1_8' title='bbox 2029 149 2065 175; x_wconf 75' lang='lat'><strong>95</strong></span> 
     </span>
    </p>
   </div>
   <div class='ocr_carea' id='block_1_2' title="bbox 157 203 2066 2198">
    <p class='ocr_par' dir='ltr' id='par_1_2' title="bbox 163 203 2066 459">
     <span class='ocr_line' id='line_1_2' title="bbox 168 203 2066 260; baseline 0.007 -25"><span class='ocrx_word' id='word_1_9' title='bbox 168 204 335 246; x_wconf 83' lang='lat' dir='ltr'><strong>Panegyr.</strong></span> <span class='ocrx_word' id='word_1_10' title='bbox 359 203 484 236; x_wconf 89' lang='lat' dir='ltr'><strong>Iuliani</strong></span> <span class='ocrx_word' id='word_1_11' title='bbox 508 215 580 247; x_wconf 88' lang='lat' dir='ltr'><strong>cap.</strong></span> <span class='ocrx_word' id='word_1_12' title='bbox 604 204 705 238; x_wconf 85' lang='lat' dir='ltr'>XVI.</span> <span class='ocrx_word' id='word_1_13' title='bbox 730 205 820 245; x_wconf 80' lang='lat' dir='ltr'><strong>Quis</strong></span> <span class='ocrx_word' id='word_1_14' title='bbox 843 205 997 249; x_wconf 78' lang='lat' dir='ltr'><em>ignorat,</em></span> <span class='ocrx_word' id='word_1_15' title='bbox 1022 211 1096 238; x_wconf 80' lang='lat' dir='ltr'><strong>tum</strong></span> <span class='ocrx_word' id='word_1_16' title='bbox 1120 218 1264 250; x_wconf 80' lang='lat' dir='ltr'><strong>quoque,</strong></span> <span class='ocrx_word' id='word_1_17' title='bbox 1291 219 1369 240; x_wconf 78' lang='lat' dir='ltr'><strong>cum</strong></span> <span class='ocrx_word' id='word_1_18' title='bbox 1391 208 1534 242; x_wconf 76' lang='lat' dir='ltr'><strong><em>honores</em></strong></span> <span class='ocrx_word' id='word_1_19' title='bbox 1551 212 1680 255; x_wconf 81' lang='lat' dir='ltr'><strong>populi</strong></span> <span class='ocrx_word' id='word_1_20' title='bbox 1700 213 1854 245; x_wconf 79' lang='lat' dir='ltr'><strong>Romani</strong></span> <span class='ocrx_word' id='word_1_21' title='bbox 1879 215 2066 260; x_wconf 76' lang='lat' dir='ltr'><strong>szffragiis</strong></span> 
     </span>
     <span class='ocr_line' id='line_1_3' title="bbox 166 256 2065 305; baseline 0.007 -18"><span class='ocrx_word' id='word_1_22' title='bbox 166 256 429 289; x_wconf 75' lang='lat' dir='ltr'><strong>mandabantur</strong></span> <span class='ocrx_word' id='word_1_23' title='bbox 438 282 449 296; x_wconf 94' lang='lat'><strong>,</strong></span> <span class='ocrx_word' id='word_1_24' title='bbox 494 258 622 289; x_wconf 76' lang='lat' dir='ltr'><strong>multos</strong></span> <span class='ocrx_word' id='word_1_25' title='bbox 641 256 762 300; x_wconf 85' lang='lat' dir='ltr'><strong>fuisse</strong></span> <span class='ocrx_word' id='word_1_26' title='bbox 789 260 1058 291; x_wconf 78' lang='lat' dir='ltr'><strong>candidatorum</strong></span> <span class='ocrx_word' id='word_1_27' title='bbox 1087 259 1220 291; x_wconf 79' lang='lat' dir='ltr'><strong>labores</strong></span> <span class='ocrx_word' id='word_1_28' title='bbox 1228 261 1245 291; x_wconf 84' lang='lat'><em>?</em></span> <span class='ocrx_word' id='word_1_29' title='bbox 1289 261 1489 295; x_wconf 78' lang='lat' dir='ltr'><strong>Ediscencla</strong></span> <span class='ocrx_word' id='word_1_30' title='bbox 1516 266 1668 297; x_wconf 75' lang='lat' dir='ltr'><strong>omnium</strong></span> <span class='ocrx_word' id='word_1_31' title='bbox 1699 266 1840 298; x_wconf 84' lang='lat' dir='ltr'><strong>nomina</strong></span> <span class='ocrx_word' id='word_1_32' title='bbox 1848 292 1859 305; x_wconf 91' lang='lat'><strong>,</strong></span> <span class='ocrx_word' id='word_1_33' title='bbox 1905 269 2065 302; x_wconf 81' lang='lat' dir='ltr'><strong>tributim</strong></span> 
     </span>
     <span class='ocr_line' id='line_1_4' title="bbox 165 309 2064 362; baseline 0.006 -22"><span class='ocrx_word' id='word_1_34' title='bbox 165 320 279 341; x_wconf 87' lang='lat' dir='ltr'><strong>omnes</strong></span> <span class='ocrx_word' id='word_1_35' title='bbox 302 315 407 353; x_wconf 78' lang='lat' dir='ltr'><strong>atque</strong></span> <span class='ocrx_word' id='word_1_36' title='bbox 430 310 535 341; x_wconf 77' lang='lat' dir='ltr'><strong>etiam</strong></span> <span class='ocrx_word' id='word_1_37' title='bbox 553 309 690 352; x_wconf 74' lang='lat' dir='ltr'><strong>singuli</strong></span> <span class='ocrx_word' id='word_1_38' title='bbox 713 311 905 343; x_wconf 77' lang='lat' dir='ltr'><strong>salutandi.</strong></span> <span class='ocrx_word' id='word_1_39' title='bbox 953 311 1056 352; x_wconf 86' lang='lat' dir='ltr'><strong>Quod</strong></span> <span class='ocrx_word' id='word_1_40' title='bbox 1079 323 1140 353; x_wconf 88' lang='lat' dir='ltr'><strong>ego</strong></span> <span class='ocrx_word' id='word_1_41' title='bbox 1160 311 1310 354; x_wconf 85' lang='lat' dir='ltr'><strong>singulos</strong></span> <span class='ocrx_word' id='word_1_42' title='bbox 1332 313 1416 344; x_wconf 87' lang='lat' dir='ltr'><strong>haut</strong></span> <span class='ocrx_word' id='word_1_43' title='bbox 1438 326 1572 356; x_wconf 84' lang='lat' dir='ltr'>rogasse</span> <span class='ocrx_word' id='word_1_44' title='bbox 1596 317 1645 348; x_wconf 85' lang='lat' dir='ltr'><strong>M.</strong></span> <span class='ocrx_word' id='word_1_45' title='bbox 1667 318 1823 349; x_wconf 87' lang='lat' dir='ltr'><strong>Tullium</strong></span> <span class='ocrx_word' id='word_1_46' title='bbox 1847 319 2064 362; x_wconf 84' lang='lat' dir='ltr'><strong>existumaui,</strong></span> 
     </span>
     <span class='ocr_line' id='line_1_5' title="bbox 163 360 2064 410; baseline 0.007 -18"><span class='ocrx_word' id='word_1_47' title='bbox 163 372 207 391; x_wconf 86' lang='lat' dir='ltr'><strong>ne</strong></span> <span class='ocrx_word' id='word_1_48' title='bbox 230 361 471 404; x_wconf 82' lang='lat' dir='ltr'>reprehendas.</span> <span class='ocrx_word' id='word_1_49' title='bbox 517 360 695 393; x_wconf 85' lang='lat' dir='ltr'><strong>Differunt</strong></span> <span class='ocrx_word' id='word_1_50' title='bbox 726 363 818 394; x_wconf 89' lang='lat' dir='ltr'><strong>enim</strong></span> <span class='ocrx_word' id='word_1_51' title='bbox 851 363 1038 397; x_wconf 85' lang='lat' dir='ltr'><strong>admodum</strong></span> <span class='ocrx_word' id='word_1_52' title='bbox 1068 364 1325 398; x_wconf 86' lang='lat' dir='ltr'><strong>candidatorum</strong></span> <span class='ocrx_word' id='word_1_53' title='bbox 1361 367 1534 410; x_wconf 85' lang='lat' dir='ltr'><strong>prensatio</strong></span> <span class='ocrx_word' id='word_1_54' title='bbox 1567 374 1600 400; x_wconf 87' lang='lat' dir='ltr'><strong>et</strong></span> <span class='ocrx_word' id='word_1_55' title='bbox 1630 370 1699 401; x_wconf 86' lang='lat' dir='ltr'><strong>uiri</strong></span> <span class='ocrx_word' id='word_1_56' title='bbox 1728 371 1912 404; x_wconf 87' lang='lat' dir='ltr'><strong>consularis</strong></span> <span class='ocrx_word' id='word_1_57' title='bbox 1947 373 2064 404; x_wconf 80' lang='lat' dir='ltr'><strong>candi-</strong></span> 
     </span>
     <span class='ocr_line' id='line_1_6' title="bbox 163 412 809 459; baseline 0.002 -15"><span class='ocrx_word' id='word_1_58' title='bbox 163 412 279 444; x_wconf 83' lang='lat' dir='ltr'><strong>datum</strong></span> <span class='ocrx_word' id='word_1_59' title='bbox 305 415 493 446; x_wconf 88' lang='lat' dir='ltr'><strong>conmenda</strong></span> <span class='ocrx_word' id='word_1_60' title='bbox 511 414 561 446; x_wconf 68' lang='lat' dir='ltr'><strong>⁴tis</strong></span> <span class='ocrx_word' id='word_1_61' title='bbox 587 413 748 445; x_wconf 86' lang='lat' dir='ltr'><strong>officium.</strong></span> <span class='ocrx_word' id='word_1_62' title='bbox 759 417 781 434; x_wconf 86' lang='lat'><strong>“</strong></span> <span class='ocrx_word' id='word_1_63' title='bbox 806 457 809 459; x_wconf 80' lang='lat'>.</span> 
     </span>
    </p>

    <p class='ocr_par' dir='ltr' id='par_1_3' title="bbox 159 466 2064 772">
     <span class='ocr_line' id='line_1_7' title="bbox 256 466 2064 515; baseline 0.007 -17"><span class='ocrx_word' id='word_1_64' title='bbox 256 467 357 499; x_wconf 83' lang='lat' dir='ltr'><strong>Ultro</strong></span> <span class='ocrx_word' id='word_1_65' title='bbox 380 485 423 490; x_wconf 90' lang='lat'><strong>——</strong></span> <span class='ocrx_word' id='word_1_66' title='bbox 444 466 585 509; x_wconf 77' lang='lat' dir='ltr'><strong>rogaui)</strong></span> <span class='ocrx_word' id='word_1_67' title='bbox 632 466 980 500; x_wconf 87' lang='lat' dir='ltr'><strong>Admirabiliter</strong></span> <span class='ocrx_word' id='word_1_68' title='bbox 1008 481 1086 501; x_wconf 89' lang='lat' dir='ltr'><strong>nec</strong></span> <span class='ocrx_word' id='word_1_69' title='bbox 1112 470 1317 503; x_wconf 83' lang='lat' dir='ltr'><strong>humilem</strong></span> <span class='ocrx_word' id='word_1_70' title='bbox 1350 484 1393 504; x_wconf 83' lang='lat' dir='ltr'><strong>se</strong></span> <span class='ocrx_word' id='word_1_71' title='bbox 1415 470 1455 502; x_wconf 90' lang='lat' dir='ltr'><strong>fe</strong></span> <span class='ocrx_word' id='word_1_72' title='bbox 1468 471 1529 503; x_wconf 90' lang='lat' dir='ltr'><strong>cit</strong></span> <span class='ocrx_word' id='word_1_73' title='bbox 1551 472 1593 503; x_wconf 89' lang='lat' dir='ltr'><strong>in</strong></span> <span class='ocrx_word' id='word_1_74' title='bbox 1619 475 1866 515; x_wconf 82' lang='lat' dir='ltr'>praecibus,</span> <span class='ocrx_word' id='word_1_75' title='bbox 1901 489 1975 509; x_wconf 87' lang='lat' dir='ltr'><strong>nec</strong></span> <span class='ocrx_word' id='word_1_76' title='bbox 1997 484 2064 509; x_wconf 87' lang='lat' dir='ltr'><strong>ta-</strong></span> 
     </span>
     <span class='ocr_line' id='line_1_8' title="bbox 162 519 2064 570; baseline 0.006 -20"><span class='ocrx_word' id='word_1_77' title='bbox 162 530 254 550; x_wconf 86' lang='lat' dir='ltr'><strong>men</strong></span> <span class='ocrx_word' id='word_1_78' title='bbox 282 519 521 562; x_wconf 86' lang='lat' dir='ltr'><strong>plurimum</strong></span> <span class='ocrx_word' id='word_1_79' title='bbox 555 519 783 552; x_wconf 85' lang='lat' dir='ltr'><strong>adiuuisse</strong></span> <span class='ocrx_word' id='word_1_80' title='bbox 815 527 1006 554; x_wconf 90' lang='lat' dir='ltr'><strong>testatus</strong></span> <span class='ocrx_word' id='word_1_81' title='bbox 1038 529 1112 555; x_wconf 87' lang='lat' dir='ltr'><strong>est.</strong></span> <span class='ocrx_word' id='word_1_82' title='bbox 1159 524 1227 555; x_wconf 92' lang='lat' dir='ltr'><strong>Sic</strong></span> <span class='ocrx_word' id='word_1_83' title='bbox 1256 530 1297 555; x_wconf 90' lang='lat' dir='ltr'><strong>et</strong></span> <span class='ocrx_word' id='word_1_84' title='bbox 1326 535 1405 567; x_wconf 88' lang='lat' dir='ltr'><strong>pro</strong></span> <span class='ocrx_word' id='word_1_85' title='bbox 1434 536 1508 556; x_wconf 92' lang='lat' dir='ltr'><strong>reo</strong></span> <span class='ocrx_word' id='word_1_86' title='bbox 1539 526 1647 558; x_wconf 87' lang='lat' dir='ltr'><strong>satis</strong></span> <span class='ocrx_word' id='word_1_87' title='bbox 1678 538 1827 559; x_wconf 89' lang='lat' dir='ltr'><strong>causae</strong></span> <span class='ocrx_word' id='word_1_88' title='bbox 1855 528 1982 570; x_wconf 82' lang='lat' dir='ltr'><strong>facit,</strong></span> <span class='ocrx_word' id='word_1_89' title='bbox 2022 536 2064 561; x_wconf 90' lang='lat' dir='ltr'><strong>et</strong></span> 
     </span>
     <span class='ocr_line' id='line_1_9' title="bbox 163 572 2062 624; baseline 0.006 -21"><span class='ocrx_word' id='word_1_90' title='bbox 163 572 399 614; x_wconf 81' lang='lat' dir='ltr'>dignitatis</span> <span class='ocrx_word' id='word_1_91' title='bbox 424 583 526 603; x_wconf 87' lang='lat' dir='ltr'><strong>suae</strong></span> <span class='ocrx_word' id='word_1_92' title='bbox 550 579 802 604; x_wconf 87' lang='lat' dir='ltr'><strong>ornamenta</strong></span> <span class='ocrx_word' id='word_1_93' title='bbox 825 575 1035 615; x_wconf 80' lang='lat' dir='ltr'><strong>custodit,</strong></span> <span class='ocrx_word' id='word_1_94' title='bbox 1061 576 1268 608; x_wconf 88' lang='lat' dir='ltr'><strong>dicendo:</strong></span> <span class='ocrx_word' id='word_1_95' title='bbox 1303 587 1387 607; x_wconf 90' lang='lat' dir='ltr'><strong>non</strong></span> <span class='ocrx_word' id='word_1_96' title='bbox 1411 577 1604 610; x_wconf 83' lang='lat' dir='ltr'><strong>defuisse</strong></span> <span class='ocrx_word' id='word_1_97' title='bbox 1626 590 1802 621; x_wconf 79' lang='lat' dir='ltr'><strong>praeces</strong></span> <span class='ocrx_word' id='word_1_98' title='bbox 1825 593 1935 622; x_wconf 85' lang='lat' dir='ltr'><strong>suas,</strong></span> <span class='ocrx_word' id='word_1_99' title='bbox 1966 583 2062 624; x_wconf 87' lang='lat' dir='ltr'><strong>qui-</strong></span> 
     </span>
     <span class='ocr_line' id='line_1_10' title="bbox 161 624 2062 674; baseline 0.005 -19"><span class='ocrx_word' id='word_1_100' title='bbox 161 624 237 656; x_wconf 91' lang='lat' dir='ltr'><strong>bus</strong></span> <span class='ocrx_word' id='word_1_101' title='bbox 270 625 457 667; x_wconf 87' lang='lat' dir='ltr'><strong>populus</strong></span> <span class='ocrx_word' id='word_1_102' title='bbox 488 625 737 656; x_wconf 86' lang='lat' dir='ltr'><strong>uerecunde</strong></span> <span class='ocrx_word' id='word_1_103' title='bbox 767 625 1008 658; x_wconf 87' lang='lat' dir='ltr'><strong>obsecutus</strong></span> <span class='ocrx_word' id='word_1_104' title='bbox 1040 629 1113 667; x_wconf 87' lang='lat' dir='ltr'><strong>sit,</strong></span> <span class='ocrx_word' id='word_1_105' title='bbox 1154 630 1276 660; x_wconf 92' lang='lat' dir='ltr'><strong>ultro</strong></span> <span class='ocrx_word' id='word_1_106' title='bbox 1306 640 1348 659; x_wconf 89' lang='lat' dir='ltr'><strong>se</strong></span> <span class='ocrx_word' id='word_1_107' title='bbox 1379 629 1508 661; x_wconf 89' lang='lat' dir='ltr'><strong>etiam</strong></span> <span class='ocrx_word' id='word_1_108' title='bbox 1531 630 1729 663; x_wconf 87' lang='lat' dir='ltr'><strong>offerens</strong></span> <span class='ocrx_word' id='word_1_109' title='bbox 1752 634 1920 674; x_wconf 86' lang='lat' dir='ltr'><strong>gratiae</strong></span> <span class='ocrx_word' id='word_1_110' title='bbox 1943 634 2062 665; x_wconf 88' lang='lat' dir='ltr'><strong>refe-</strong></span> 
     </span>
     <span class='ocr_line' id='line_1_11' title="bbox 160 676 2060 728; baseline 0.006 -21"><span class='ocrx_word' id='word_1_111' title='bbox 160 688 234 708; x_wconf 87' lang='lat' dir='ltr'><strong>ren</strong></span> <span class='ocrx_word' id='word_1_112' title='bbox 248 677 266 708; x_wconf 90' lang='lat' dir='ltr'><strong>d</strong></span> <span class='ocrx_word' id='word_1_113' title='bbox 279 689 324 708; x_wconf 86' lang='lat' dir='ltr'><strong>ae</strong></span> <span class='ocrx_word' id='word_1_114' title='bbox 350 690 368 708; x_wconf 91' lang='lat' dir='ltr'><strong>a</strong></span> <span class='ocrx_word' id='word_1_115' title='bbox 381 676 402 707; x_wconf 88' lang='lat' dir='ltr'><strong>d</strong></span> <span class='ocrx_word' id='word_1_116' title='bbox 426 689 517 708; x_wconf 89' lang='lat' dir='ltr'><strong>eum</strong></span> <span class='ocrx_word' id='word_1_117' title='bbox 541 678 844 720; x_wconf 78' lang='lat' dir='ltr'><strong>promtissime</strong></span> <span class='ocrx_word' id='word_1_118' title='bbox 874 678 1210 722; x_wconf 82' lang='lat' dir='ltr'><strong>designandum,</strong></span> <span class='ocrx_word' id='word_1_119' title='bbox 1249 680 1316 712; x_wconf 90' lang='lat' dir='ltr'><strong>cui</strong></span> <span class='ocrx_word' id='word_1_120' title='bbox 1339 681 1411 712; x_wconf 86' lang='lat' dir='ltr'><strong>uir</strong></span> <span class='ocrx_word' id='word_1_121' title='bbox 1438 688 1524 714; x_wconf 86' lang='lat' dir='ltr'><strong>tam</strong></span> <span class='ocrx_word' id='word_1_122' title='bbox 1549 683 1659 715; x_wconf 88' lang='lat' dir='ltr'><strong>bene</strong></span> <span class='ocrx_word' id='word_1_123' title='bbox 1683 684 1731 715; x_wconf 91' lang='lat' dir='ltr'><strong>de</strong></span> <span class='ocrx_word' id='word_1_124' title='bbox 1753 697 1798 716; x_wconf 89' lang='lat' dir='ltr'><strong>re</strong></span> <span class='ocrx_word' id='word_1_125' title='bbox 1821 697 1854 728; x_wconf 86' lang='lat' dir='ltr'><strong>p.</strong></span> <span class='ocrx_word' id='word_1_126' title='bbox 1878 687 2060 718; x_wconf 88' lang='lat' dir='ltr'><strong>meritus</strong></span> 
     </span>
     <span class='ocr_line' id='line_1_12' title="bbox 159 727 993 772; baseline 0.002 -12"><span class='ocrx_word' id='word_1_127' title='bbox 159 741 203 761; x_wconf 82' lang='lat' dir='ltr'><strong>su</strong></span> <span class='ocrx_word' id='word_1_128' title='bbox 212 727 273 760; x_wconf 85' lang='lat' dir='ltr'><strong>ffr</strong></span> <span class='ocrx_word' id='word_1_129' title='bbox 283 741 301 760; x_wconf 90' lang='lat' dir='ltr'><strong>a</strong></span> <span class='ocrx_word' id='word_1_130' title='bbox 310 741 331 772; x_wconf 81' lang='lat' dir='ltr'>g</span> <span class='ocrx_word' id='word_1_131' title='bbox 341 742 383 761; x_wconf 91' lang='lat' dir='ltr'><strong>ar</strong></span> <span class='ocrx_word' id='word_1_132' title='bbox 393 741 410 760; x_wconf 91' lang='lat' dir='ltr'><strong>e</strong></span> <span class='ocrx_word' id='word_1_133' title='bbox 420 736 462 761; x_wconf 83' lang='lat' dir='ltr'><strong>tu</strong></span> <span class='ocrx_word' id='word_1_134' title='bbox 471 742 499 761; x_wconf 88' lang='lat' dir='ltr'><strong>r.</strong></span> <span class='ocrx_word' id='word_1_135' title='bbox 546 731 709 761; x_wconf 78' lang='lat' dir='ltr'>SCHOLIA</span> <span class='ocrx_word' id='word_1_136' title='bbox 731 731 993 763; x_wconf 70' lang='lat' dir='ltr'><strong>AMBROSIANA.</strong></span> 
     </span>
    </p>

    <p class='ocr_par' dir='ltr' id='par_1_4' title="bbox 157 783 2061 2198">
     <span class='ocr_line' id='line_1_13' title="bbox 245 783 2061 830; baseline 0.006 -18"><span class='ocrx_word' id='word_1_137' title='bbox 245 783 275 824; x_wconf 58' lang='grc' dir='ltr'><strong>ς.</strong></span> <span class='ocrx_word' id='word_1_138' title='bbox 309 784 359 815; x_wconf 84' lang='lat'><strong>25.</strong></span> <span class='ocrx_word' id='word_1_139' title='bbox 405 784 484 816; x_wconf 56' lang='lat' dir='ltr'><strong>N‘ee</strong></span> <span class='ocrx_word' id='word_1_140' title='bbox 518 784 549 815; x_wconf 85' lang='lat' dir='ltr'><strong>si</strong></span> <span class='ocrx_word' id='word_1_141' title='bbox 584 783 643 814; x_wconf 75' lang='lat' dir='ltr'><strong>ztir</strong></span> <span class='ocrx_word' id='word_1_142' title='bbox 679 783 918 826; x_wconf 83' lang='lat' dir='ltr'><strong>amplissimus</strong></span> <span class='ocrx_word' id='word_1_143' title='bbox 947 801 992 807; x_wconf 94' lang='lat'>—</span> <span class='ocrx_word' id='word_1_144' title='bbox 1029 797 1096 817; x_wconf 84' lang='lat' dir='ltr'><strong>non</strong></span> <span class='ocrx_word' id='word_1_145' title='bbox 1128 785 1346 830; x_wconf 75' lang='lat' dir='ltr'><strong>impetrauit)</strong></span> <span class='ocrx_word' id='word_1_146' title='bbox 1402 787 1424 817; x_wconf 95' lang='lat' dir='ltr'>S</span> <span class='ocrx_word' id='word_1_147' title='bbox 1433 799 1452 818; x_wconf 87' lang='lat' dir='ltr'><strong>a</strong></span> <span class='ocrx_word' id='word_1_148' title='bbox 1460 799 1481 830; x_wconf 84' lang='lat' dir='ltr'><strong>g</strong></span> <span class='ocrx_word' id='word_1_149' title='bbox 1489 799 1507 819; x_wconf 88' lang='lat' dir='ltr'><strong>a</strong></span> <span class='ocrx_word' id='word_1_150' title='bbox 1515 800 1531 819; x_wconf 90' lang='lat' dir='ltr'><strong>c</strong></span> <span class='ocrx_word' id='word_1_151' title='bbox 1539 788 1550 819; x_wconf 91' lang='lat' dir='ltr'><strong>i</strong></span> <span class='ocrx_word' id='word_1_152' title='bbox 1559 801 1573 820; x_wconf 94' lang='lat' dir='ltr'><strong>s</strong></span> <span class='ocrx_word' id='word_1_153' title='bbox 1583 789 1661 821; x_wconf 88' lang='lat' dir='ltr'><strong>sim</strong></span> <span class='ocrx_word' id='word_1_154' title='bbox 1671 801 1689 821; x_wconf 89' lang='lat' dir='ltr'><strong>e</strong></span> <span class='ocrx_word' id='word_1_155' title='bbox 1723 801 1743 821; x_wconf 92' lang='lat' dir='ltr'><strong>a</strong></span> <span class='ocrx_word' id='word_1_156' title='bbox 1751 789 1836 821; x_wconf 89' lang='lat' dir='ltr'><strong>nim</strong></span> <span class='ocrx_word' id='word_1_157' title='bbox 1845 801 1862 820; x_wconf 89' lang='lat' dir='ltr'><strong>a</strong></span> <span class='ocrx_word' id='word_1_158' title='bbox 1871 790 1890 821; x_wconf 89' lang='lat' dir='ltr'><strong>d</strong></span> <span class='ocrx_word' id='word_1_159' title='bbox 1902 802 1923 821; x_wconf 91' lang='lat' dir='ltr'><strong>u</strong></span> <span class='ocrx_word' id='word_1_160' title='bbox 1933 802 1950 821; x_wconf 89' lang='lat' dir='ltr'><strong>e</strong></span> <span class='ocrx_word' id='word_1_161' title='bbox 1960 802 1976 822; x_wconf 88' lang='lat' dir='ltr'><strong>r</strong></span> <span class='ocrx_word' id='word_1_162' title='bbox 1988 791 2019 822; x_wconf 85' lang='lat' dir='ltr'><strong>ti</strong></span> <span class='ocrx_word' id='word_1_163' title='bbox 2029 797 2043 822; x_wconf 88' lang='lat' dir='ltr'><strong>t</strong></span> <span class='ocrx_word' id='word_1_164' title='bbox 2051 815 2061 830; x_wconf 90' lang='lat'>‚</span> 
     </span>
     <span class='ocr_line' id='line_1_14' title="bbox 161 834 2061 883; baseline 0.005 -18"><span class='ocrx_word' id='word_1_165' title='bbox 161 834 262 877; x_wconf 88' lang='lat' dir='ltr'><strong>quid</strong></span> <span class='ocrx_word' id='word_1_166' title='bbox 285 847 304 866; x_wconf 89' lang='lat' dir='ltr'><strong>a</strong></span> <span class='ocrx_word' id='word_1_167' title='bbox 326 842 450 878; x_wconf 86' lang='lat' dir='ltr'><strong>parte</strong></span> <span class='ocrx_word' id='word_1_168' title='bbox 475 835 657 867; x_wconf 88' lang='lat' dir='ltr'><strong>diuersa</strong></span> <span class='ocrx_word' id='word_1_169' title='bbox 678 842 831 878; x_wconf 88' lang='lat' dir='ltr'><strong>posset</strong></span> <span class='ocrx_word' id='word_1_170' title='bbox 854 837 1039 878; x_wconf 82' lang='lat' dir='ltr'><strong>opponi:</strong></span> <span class='ocrx_word' id='word_1_171' title='bbox 1075 839 1169 869; x_wconf 79' lang='lat' dir='ltr'><strong>Non</strong></span> <span class='ocrx_word' id='word_1_172' title='bbox 1191 838 1367 877; x_wconf 85' lang='lat' dir='ltr'><strong>mirum,</strong></span> <span class='ocrx_word' id='word_1_173' title='bbox 1391 839 1429 870; x_wconf 86' lang='lat' dir='ltr'><strong>si</strong></span> <span class='ocrx_word' id='word_1_174' title='bbox 1453 841 1568 873; x_wconf 86' lang='lat' dir='ltr'><strong>nihil</strong></span> <span class='ocrx_word' id='word_1_175' title='bbox 1587 844 1611 883; x_wconf 90' lang='lat'><strong>¹)</strong></span> <span class='ocrx_word' id='word_1_176' title='bbox 1641 853 1721 883; x_wconf 87' lang='lat' dir='ltr'><strong>pro</strong></span> <span class='ocrx_word' id='word_1_177' title='bbox 1745 842 1923 874; x_wconf 85' lang='lat' dir='ltr'>Plancio</span> <span class='ocrx_word' id='word_1_178' title='bbox 1950 843 2061 874; x_wconf 87' lang='lat' dir='ltr'><strong>Tul-</strong></span> 
     </span>
     <span class='ocr_line' id='line_1_15' title="bbox 160 887 2060 938; baseline 0.004 -18"><span class='ocrx_word' id='word_1_179' title='bbox 160 887 244 920; x_wconf 85' lang='lat' dir='ltr'><strong>lius</strong></span> <span class='ocrx_word' id='word_1_180' title='bbox 277 889 472 920; x_wconf 89' lang='lat' dir='ltr'><strong>ualuisse</strong></span> <span class='ocrx_word' id='word_1_181' title='bbox 502 889 722 927; x_wconf 82' lang='lat' dir='ltr'><strong>uideatur,</strong></span> <span class='ocrx_word' id='word_1_182' title='bbox 763 899 854 919; x_wconf 86' lang='lat' dir='ltr'><strong>cum</strong></span> <span class='ocrx_word' id='word_1_183' title='bbox 883 900 958 931; x_wconf 89' lang='lat' dir='ltr'><strong>pro</strong></span> <span class='ocrx_word' id='word_1_184' title='bbox 989 889 1080 921; x_wconf 88' lang='lat' dir='ltr'><strong>alio</strong></span> <span class='ocrx_word' id='word_1_185' title='bbox 1110 891 1194 921; x_wconf 84' lang='lat' dir='ltr'><strong>sibi</strong></span> <span class='ocrx_word' id='word_1_186' title='bbox 1223 891 1590 925; x_wconf 84' lang='lat' dir='ltr'><strong>coniunctissimo</strong></span> <span class='ocrx_word' id='word_1_187' title='bbox 1627 894 1860 925; x_wconf 85' lang='lat' dir='ltr'><strong>candidato</strong></span> <span class='ocrx_word' id='word_1_188' title='bbox 1891 895 1959 926; x_wconf 89' lang='lat' dir='ltr'><strong>uir</strong></span> <span class='ocrx_word' id='word_1_189' title='bbox 1980 907 2060 938; x_wconf 85' lang='lat' dir='ltr'><strong>po-</strong></span> 
     </span>
     <span class='ocr_line' id='line_1_16' title="bbox 160 941 2061 989; baseline 0.005 -18"><span class='ocrx_word' id='word_1_190' title='bbox 160 946 232 971; x_wconf 82' lang='lat' dir='ltr'><strong>ten</strong></span> <span class='ocrx_word' id='word_1_191' title='bbox 245 941 443 973; x_wconf 82' lang='lat' dir='ltr'><strong>tissimus</strong></span> <span class='ocrx_word' id='word_1_192' title='bbox 467 942 581 973; x_wconf 86' lang='lat' dir='ltr'><strong>nihil</strong></span> <span class='ocrx_word' id='word_1_193' title='bbox 604 941 900 983; x_wconf 80' lang='lat' dir='ltr'><strong>promouerit,</strong></span> <span class='ocrx_word' id='word_1_194' title='bbox 932 953 1024 973; x_wconf 91' lang='lat' dir='ltr'><strong>cum</strong></span> <span class='ocrx_word' id='word_1_195' title='bbox 1050 942 1124 974; x_wconf 90' lang='lat' dir='ltr'><strong>illi</strong></span> <span class='ocrx_word' id='word_1_196' title='bbox 1149 943 1356 986; x_wconf 83' lang='lat' dir='ltr'><strong>designan</strong></span> <span class='ocrx_word' id='word_1_197' title='bbox 1369 944 1420 976; x_wconf 92' lang='lat' dir='ltr'><strong>do</strong></span> <span class='ocrx_word' id='word_1_198' title='bbox 1443 945 1651 977; x_wconf 75' lang='lat' dir='ltr'><strong>studeret.</strong></span> <span class='ocrx_word' id='word_1_199' title='bbox 1698 947 1961 989; x_wconf 85' lang='lat' dir='ltr'><strong>Significare</strong></span> <span class='ocrx_word' id='word_1_200' title='bbox 1983 960 2061 980; x_wconf 84' lang='lat' dir='ltr'><strong>au-</strong></span> 
     </span>
     <span class='ocr_line' id='line_1_17' title="bbox 161 992 2060 1041; baseline 0.004 -17"><span class='ocrx_word' id='word_1_201' title='bbox 161 1000 243 1025; x_wconf 87' lang='lat' dir='ltr'><strong>tem</strong></span> <span class='ocrx_word' id='word_1_202' title='bbox 275 994 548 1025; x_wconf 86' lang='lat' dir='ltr'><strong>candidatum</strong></span> <span class='ocrx_word' id='word_1_203' title='bbox 579 992 654 1024; x_wconf 87' lang='lat' dir='ltr'><strong>uid</strong></span> <span class='ocrx_word' id='word_1_204' title='bbox 667 999 766 1024; x_wconf 89' lang='lat' dir='ltr'><strong>etur</strong></span> <span class='ocrx_word' id='word_1_205' title='bbox 789 994 832 1024; x_wconf 93' lang='lat' dir='ltr'><strong>T.</strong></span> <span class='ocrx_word' id='word_1_206' title='bbox 857 994 1078 1036; x_wconf 81' lang='lat' dir='ltr'><strong>Ampium,</strong></span> <span class='ocrx_word' id='word_1_207' title='bbox 1114 995 1362 1039; x_wconf 83' lang='lat' dir='ltr'><strong>suffragato</strong></span> <span class='ocrx_word' id='word_1_208' title='bbox 1375 1009 1463 1028; x_wconf 89' lang='lat' dir='ltr'><strong>rem</strong></span> <span class='ocrx_word' id='word_1_209' title='bbox 1486 1009 1587 1029; x_wconf 90' lang='lat' dir='ltr'><strong>uero</strong></span> <span class='ocrx_word' id='word_1_210' title='bbox 1614 999 1683 1030; x_wconf 91' lang='lat' dir='ltr'><strong>Cn.</strong></span> <span class='ocrx_word' id='word_1_211' title='bbox 1707 999 1732 1030; x_wconf 91' lang='lat' dir='ltr'>P</span> <span class='ocrx_word' id='word_1_212' title='bbox 1745 1000 1975 1041; x_wconf 75' lang='lat' dir='ltr'><strong>ompeium3</strong></span> <span class='ocrx_word' id='word_1_213' title='bbox 2011 1000 2060 1031; x_wconf 89' lang='lat' dir='ltr'><strong>de</strong></span> 
     </span>
     <span class='ocr_line' id='line_1_18' title="bbox 162 1047 2059 1095; baseline 0.004 -18"><span class='ocrx_word' id='word_1_214' title='bbox 162 1047 263 1088; x_wconf 91' lang='lat' dir='ltr'><strong>quib</strong></span> <span class='ocrx_word' id='word_1_215' title='bbox 277 1059 324 1079; x_wconf 85' lang='lat' dir='ltr'><strong>us</strong></span> <span class='ocrx_word' id='word_1_216' title='bbox 354 1053 439 1078; x_wconf 83' lang='lat' dir='ltr'><strong>tam</strong></span> <span class='ocrx_word' id='word_1_217' title='bbox 474 1058 515 1077; x_wconf 87' lang='lat' dir='ltr'><strong>se</strong></span> <span class='ocrx_word' id='word_1_218' title='bbox 546 1058 668 1088; x_wconf 87' lang='lat' dir='ltr'><strong>quam</strong></span> <span class='ocrx_word' id='word_1_219' title='bbox 700 1047 901 1089; x_wconf 83' lang='lat' dir='ltr'><strong>Pompeio</strong></span> <span class='ocrx_word' id='word_1_220' title='bbox 938 1047 998 1078; x_wconf 89' lang='lat' dir='ltr'><strong>sic</strong></span> <span class='ocrx_word' id='word_1_221' title='bbox 1026 1048 1122 1079; x_wconf 84' lang='lat' dir='ltr'><strong>uult</strong></span> <span class='ocrx_word' id='word_1_222' title='bbox 1153 1048 1288 1091; x_wconf 85' lang='lat' dir='ltr'><strong>accipi</strong></span> <span class='ocrx_word' id='word_1_223' title='bbox 1323 1050 1503 1081; x_wconf 90' lang='lat' dir='ltr'><strong>Tullius</strong></span> <span class='ocrx_word' id='word_1_224' title='bbox 1539 1051 1854 1093; x_wconf 73' lang='lat' dir='ltr'><strong>suspicionem,</strong></span> <span class='ocrx_word' id='word_1_225' title='bbox 1894 1058 1939 1083; x_wconf 89' lang='lat' dir='ltr'><strong>ut</strong></span> <span class='ocrx_word' id='word_1_226' title='bbox 1969 1052 2059 1095; x_wconf 88' lang='lat' dir='ltr'><strong>ipse</strong></span> 
     </span>
     <span class='ocr_line' id='line_1_19' title="bbox 161 1099 2058 1149; baseline 0.003 -18"><span class='ocrx_word' id='word_1_227' title='bbox 161 1099 336 1142; x_wconf 89' lang='lat' dir='ltr'><strong>quidem</strong></span> <span class='ocrx_word' id='word_1_228' title='bbox 364 1111 440 1142; x_wconf 89' lang='lat' dir='ltr'><strong>pro</strong></span> <span class='ocrx_word' id='word_1_229' title='bbox 478 1099 664 1130; x_wconf 86' lang='lat' dir='ltr'><strong>Plancio</strong></span> <span class='ocrx_word' id='word_1_230' title='bbox 693 1099 890 1130; x_wconf 87' lang='lat' dir='ltr'><strong>ualuerit</strong></span> <span class='ocrx_word' id='word_1_231' title='bbox 919 1100 1243 1149; x_wconf 71' lang='lat' dir='ltr'><strong>miserabiliter</strong></span> <span class='ocrx_word' id='word_1_232' title='bbox 1280 1108 1321 1133; x_wconf 86' lang='lat' dir='ltr'><strong>et</strong></span> <span class='ocrx_word' id='word_1_233' title='bbox 1351 1101 1539 1134; x_wconf 87' lang='lat' dir='ltr'><strong>demisse</strong></span> <span class='ocrx_word' id='word_1_234' title='bbox 1571 1104 1761 1146; x_wconf 88' lang='lat' dir='ltr'><strong>petendo</strong></span> <span class='ocrx_word' id='word_1_235' title='bbox 1777 1129 1788 1144; x_wconf 88' lang='lat'><strong>,</strong></span> <span class='ocrx_word' id='word_1_236' title='bbox 1829 1105 2058 1148; x_wconf 88' lang='lat' dir='ltr'><strong>Pompeius</strong></span> 
     </span>
     <span class='ocr_line' id='line_1_20' title="bbox 159 1151 2059 1199; baseline 0.002 -15"><span class='ocrx_word' id='word_1_237' title='bbox 159 1164 243 1184; x_wconf 87' lang='lat' dir='ltr'><strong>non</strong></span> <span class='ocrx_word' id='word_1_238' title='bbox 277 1153 382 1184; x_wconf 87' lang='lat' dir='ltr'><strong>item</strong></span> <span class='ocrx_word' id='word_1_239' title='bbox 409 1163 488 1194; x_wconf 89' lang='lat' dir='ltr'><strong>pro</strong></span> <span class='ocrx_word' id='word_1_240' title='bbox 522 1151 623 1182; x_wconf 94' lang='lat' dir='ltr'><strong>Tito</strong></span> <span class='ocrx_word' id='word_1_241' title='bbox 646 1151 827 1194; x_wconf 83' lang='lat' dir='ltr'><strong>Ampio,</strong></span> <span class='ocrx_word' id='word_1_242' title='bbox 865 1152 1023 1194; x_wconf 89' lang='lat' dir='ltr'><strong>utique</strong></span> <span class='ocrx_word' id='word_1_243' title='bbox 1045 1164 1123 1195; x_wconf 89' lang='lat' dir='ltr'><strong>pro</strong></span> <span class='ocrx_word' id='word_1_244' title='bbox 1147 1154 1427 1186; x_wconf 85' lang='lat' dir='ltr'><strong>sublimitate</strong></span> <span class='ocrx_word' id='word_1_245' title='bbox 1458 1157 1644 1189; x_wconf 89' lang='lat' dir='ltr'><strong>nominis</strong></span> <span class='ocrx_word' id='word_1_246' title='bbox 1669 1163 1709 1188; x_wconf 91' lang='lat' dir='ltr'><strong>et</strong></span> <span class='ocrx_word' id='word_1_247' title='bbox 1734 1157 1962 1199; x_wconf 87' lang='lat' dir='ltr'><strong>potentiae</strong></span> <span class='ocrx_word' id='word_1_248' title='bbox 1984 1169 2059 1188; x_wconf 88' lang='lat' dir='ltr'><strong>su-</strong></span> 
     </span>
     <span class='ocr_line' id='line_1_21' title="bbox 159 1203 2059 1252; baseline 0.003 -16"><span class='ocrx_word' id='word_1_249' title='bbox 159 1217 182 1248; x_wconf 87' lang='lat' dir='ltr'><strong>p</strong></span> <span class='ocrx_word' id='word_1_250' title='bbox 193 1205 338 1236; x_wconf 86' lang='lat' dir='ltr'><strong>erbius</strong></span> <span class='ocrx_word' id='word_1_251' title='bbox 362 1205 412 1236; x_wconf 92' lang='lat' dir='ltr'><strong>ho</strong></span> <span class='ocrx_word' id='word_1_252' title='bbox 423 1215 439 1234; x_wconf 92' lang='lat' dir='ltr'><strong>c</strong></span> <span class='ocrx_word' id='word_1_253' title='bbox 465 1203 548 1235; x_wconf 83' lang='lat' dir='ltr'><strong>sibi</strong></span> <span class='ocrx_word' id='word_1_254' title='bbox 574 1210 678 1247; x_wconf 84' lang='lat' dir='ltr'><strong>aput</strong></span> <span class='ocrx_word' id='word_1_255' title='bbox 700 1216 722 1247; x_wconf 90' lang='lat' dir='ltr'><strong>p</strong></span> <span class='ocrx_word' id='word_1_256' title='bbox 734 1216 785 1247; x_wconf 87' lang='lat' dir='ltr'><strong>op</strong></span> <span class='ocrx_word' id='word_1_257' title='bbox 796 1204 911 1235; x_wconf 91' lang='lat' dir='ltr'><strong>ulum</strong></span> <span class='ocrx_word' id='word_1_258' title='bbox 934 1204 1007 1236; x_wconf 86' lang='lat' dir='ltr'><strong>uin</strong></span> <span class='ocrx_word' id='word_1_259' title='bbox 1018 1204 1164 1237; x_wconf 85' lang='lat' dir='ltr'><strong>dicans</strong></span> <span class='ocrx_word' id='word_1_260' title='bbox 1178 1206 1218 1247; x_wconf 89' lang='lat'><strong>²).</strong></span> <span class='ocrx_word' id='word_1_261' title='bbox 1249 1208 1411 1239; x_wconf 76' lang='lat' dir='ltr'>SCHOLIA</span> <span class='ocrx_word' id='word_1_262' title='bbox 1435 1209 1696 1241; x_wconf 72' lang='lat' dir='ltr'><strong>AMBROSIANA.</strong></span> <span class='ocrx_word' id='word_1_263' title='bbox 1742 1210 1783 1240; x_wconf 91' lang='lat' dir='ltr'><strong>T.</strong></span> <span class='ocrx_word' id='word_1_264' title='bbox 1808 1210 1954 1252; x_wconf 79' lang='lat' dir='ltr'><strong>Ampius</strong></span> <span class='ocrx_word' id='word_1_265' title='bbox 1978 1210 2059 1241; x_wconf 79' lang='lat' dir='ltr'><strong>Bal-</strong></span> 
     </span>
     <span class='ocr_line' id='line_1_22' title="bbox 157 1256 2058 1303; baseline 0.001 -13"><span class='ocrx_word' id='word_1_266' title='bbox 157 1259 221 1290; x_wconf 88' lang='lat' dir='ltr'><strong>bus</strong></span> <span class='ocrx_word' id='word_1_267' title='bbox 253 1259 315 1290; x_wconf 89' lang='lat' dir='ltr'><strong>Cn.</strong></span> <span class='ocrx_word' id='word_1_268' title='bbox 346 1257 510 1299; x_wconf 87' lang='lat' dir='ltr'><strong>Pompeio</strong></span> <span class='ocrx_word' id='word_1_269' title='bbox 541 1257 846 1288; x_wconf 88' lang='lat' dir='ltr'><strong>coniunctissumus</strong></span> <span class='ocrx_word' id='word_1_270' title='bbox 879 1263 969 1287; x_wconf 85' lang='lat' dir='ltr'><strong>certe</strong></span> <span class='ocrx_word' id='word_1_271' title='bbox 1003 1256 1087 1296; x_wconf 79' lang='lat' dir='ltr'><strong>suit3</strong></span> <span class='ocrx_word' id='word_1_272' title='bbox 1120 1269 1222 1300; x_wconf 90' lang='lat' dir='ltr'><strong>quem</strong></span> <span class='ocrx_word' id='word_1_273' title='bbox 1252 1261 1404 1292; x_wconf 87' lang='lat' dir='ltr'><strong>Uelleius</strong></span> <span class='ocrx_word' id='word_1_274' title='bbox 1436 1262 1467 1291; x_wconf 88' lang='grc' dir='ltr'>Π</span> <span class='ocrx_word' id='word_1_275' title='bbox 1477 1285 1485 1300; x_wconf 90' lang='lat'><strong>,</strong></span> <span class='ocrx_word' id='word_1_276' title='bbox 1518 1261 1571 1293; x_wconf 72' lang='lat'><strong>40.</strong></span> <span class='ocrx_word' id='word_1_277' title='bbox 1603 1261 1639 1292; x_wconf 89' lang='lat' dir='ltr'><strong>in</strong></span> <span class='ocrx_word' id='word_1_278' title='bbox 1670 1262 1846 1292; x_wconf 75' lang='lat' dir='ltr'><strong>tribunatu</strong></span> <span class='ocrx_word' id='word_1_279' title='bbox 1877 1263 1984 1303; x_wconf 85' lang='lat' dir='ltr'><strong>legem</strong></span> <span class='ocrx_word' id='word_1_280' title='bbox 2017 1261 2058 1292; x_wconf 93' lang='lat' dir='ltr'><strong>de</strong></span> 
     </span>
     <span class='ocr_line' id='line_1_23' title="bbox 157 1309 2059 1357; baseline 0.002 -15"><span class='ocrx_word' id='word_1_281' title='bbox 157 1310 323 1353; x_wconf 87' lang='lat' dir='ltr'><strong>Pompeio</strong></span> <span class='ocrx_word' id='word_1_282' title='bbox 350 1309 465 1340; x_wconf 86' lang='lat' dir='ltr'><strong>tulisse</strong></span> <span class='ocrx_word' id='word_1_283' title='bbox 486 1309 622 1350; x_wconf 90' lang='lat' dir='ltr'><strong>scribit,</strong></span> <span class='ocrx_word' id='word_1_284' title='bbox 661 1316 702 1342; x_wconf 83' lang='lat' dir='ltr'><strong>ut</strong></span> <span class='ocrx_word' id='word_1_285' title='bbox 727 1311 757 1342; x_wconf 88' lang='lat' dir='ltr'><strong>is</strong></span> <span class='ocrx_word' id='word_1_286' title='bbox 781 1309 875 1341; x_wconf 77' lang='lat' dir='ltr'><strong>ludis</strong></span> <span class='ocrx_word' id='word_1_287' title='bbox 898 1309 1116 1342; x_wconf 78' lang='lat' dir='ltr'><strong>Circensibus</strong></span> <span class='ocrx_word' id='word_1_288' title='bbox 1147 1323 1272 1344; x_wconf 78' lang='lat' dir='ltr'><strong>corona</strong></span> <span class='ocrx_word' id='word_1_289' title='bbox 1304 1313 1426 1346; x_wconf 78' lang='lat' dir='ltr'><strong>laurea</strong></span> <span class='ocrx_word' id='word_1_290' title='bbox 1463 1320 1496 1346; x_wconf 88' lang='lat' dir='ltr'><strong>et</strong></span> <span class='ocrx_word' id='word_1_291' title='bbox 1524 1315 1617 1346; x_wconf 85' lang='lat' dir='ltr'><strong>omni</strong></span> <span class='ocrx_word' id='word_1_292' title='bbox 1644 1315 1740 1347; x_wconf 83' lang='lat' dir='ltr'><strong>cultu</strong></span> <span class='ocrx_word' id='word_1_293' title='bbox 1765 1315 2059 1357; x_wconf 76' lang='lat' dir='ltr'><strong>triumphantium</strong></span> 
     </span>
     <span class='ocr_line' id='line_1_24' title="bbox 159 1363 2058 1408; baseline 0.001 -12"><span class='ocrx_word' id='word_1_294' title='bbox 159 1369 335 1404; x_wconf 76' lang='lat' dir='ltr'><strong>uteretur,</strong></span> <span class='ocrx_word' id='word_1_295' title='bbox 358 1363 525 1395; x_wconf 79' lang='lat' dir='ltr'><strong>scaenicis</strong></span> <span class='ocrx_word' id='word_1_296' title='bbox 547 1369 665 1396; x_wconf 80' lang='lat' dir='ltr'><strong>autem</strong></span> <span class='ocrx_word' id='word_1_297' title='bbox 684 1367 871 1406; x_wconf 73' lang='lat' dir='ltr'><strong>praetexta</strong></span> <span class='ocrx_word' id='word_1_298' title='bbox 895 1374 1087 1405; x_wconf 73' lang='lat' dir='ltr'><strong>coronaque</strong></span> <span class='ocrx_word' id='word_1_299' title='bbox 1110 1364 1231 1396; x_wconf 79' lang='lat' dir='ltr'><strong>laurea</strong></span> <span class='ocrx_word' id='word_1_300' title='bbox 1240 1378 1252 1396; x_wconf 82' lang='grc'><strong>.-</strong></span> <span class='ocrx_word' id='word_1_301' title='bbox 1276 1365 1334 1406; x_wconf 84' lang='lat' dir='ltr'><strong>qui</strong></span> <span class='ocrx_word' id='word_1_302' title='bbox 1356 1366 1582 1408; x_wconf 82' lang='lat' dir='ltr'><strong>Pompeianae</strong></span> <span class='ocrx_word' id='word_1_303' title='bbox 1606 1367 1695 1408; x_wconf 86' lang='lat' dir='ltr'><strong>parti</strong></span> <span class='ocrx_word' id='word_1_304' title='bbox 1712 1373 1780 1397; x_wconf 89' lang='lat' dir='ltr'><strong>tam</strong></span> <span class='ocrx_word' id='word_1_305' title='bbox 1804 1367 1964 1404; x_wconf 83' lang='lat' dir='ltr'><strong>studiose,</strong></span> <span class='ocrx_word' id='word_1_306' title='bbox 1989 1373 2058 1398; x_wconf 86' lang='lat' dir='ltr'><strong>tam</strong></span> 
     </span>
     <span class='ocr_line' id='line_1_25' title="bbox 159 1414 2058 1462; baseline 0.001 -15"><span class='ocrx_word' id='word_1_307' title='bbox 159 1422 354 1447; x_wconf 88' lang='lat' dir='ltr'><strong>constanter</strong></span> <span class='ocrx_word' id='word_1_308' title='bbox 376 1414 546 1453; x_wconf 86' lang='lat' dir='ltr'><strong>adhaesit,</strong></span> <span class='ocrx_word' id='word_1_309' title='bbox 587 1422 626 1447; x_wconf 88' lang='lat' dir='ltr'><strong>ut</strong></span> <span class='ocrx_word' id='word_1_310' title='bbox 648 1416 688 1447; x_wconf 90' lang='lat' dir='ltr'><strong>ab</strong></span> <span class='ocrx_word' id='word_1_311' title='bbox 712 1415 858 1446; x_wconf 88' lang='lat' dir='ltr'><strong>inimicis</strong></span> <span class='ocrx_word' id='word_1_312' title='bbox 891 1414 972 1446; x_wconf 79' lang='lat' dir='ltr'><strong>tuba</strong></span> <span class='ocrx_word' id='word_1_313' title='bbox 1003 1415 1085 1446; x_wconf 82' lang='lat' dir='ltr'><strong>belli</strong></span> <span class='ocrx_word' id='word_1_314' title='bbox 1107 1417 1225 1448; x_wconf 73' lang='lat' dir='ltr'><strong>ciuilis</strong></span> <span class='ocrx_word' id='word_1_315' title='bbox 1247 1418 1478 1460; x_wconf 81' lang='lat' dir='ltr'><strong>appellaretur</strong></span> <span class='ocrx_word' id='word_1_316' title='bbox 1500 1421 1575 1460; x_wconf 66' lang='lat' dir='ltr'><strong>(VI.</strong></span> <span class='ocrx_word' id='word_1_317' title='bbox 1600 1420 1709 1462; x_wconf 84' lang='lat' dir='ltr'><strong>Epist.</strong></span> <span class='ocrx_word' id='word_1_318' title='bbox 1737 1419 1800 1462; x_wconf 81' lang='lat'><strong>12.)</strong></span> <span class='ocrx_word' id='word_1_319' title='bbox 1811 1443 1819 1458; x_wconf 91' lang='lat'><strong>,</strong></span> <span class='ocrx_word' id='word_1_320' title='bbox 1857 1424 1890 1449; x_wconf 86' lang='lat' dir='ltr'><strong>et</strong></span> <span class='ocrx_word' id='word_1_321' title='bbox 1911 1430 1975 1460; x_wconf 88' lang='lat' dir='ltr'><strong>pro</strong></span> <span class='ocrx_word' id='word_1_322' title='bbox 1999 1419 2058 1449; x_wconf 85' lang='lat' dir='ltr'><strong>illa</strong></span> 
     </span>
     <span class='ocr_line' id='line_1_26' title="bbox 159 1467 2057 1514; baseline 0.002 -15"><span class='ocrx_word' id='word_1_323' title='bbox 159 1475 258 1512; x_wconf 85' lang='lat' dir='ltr'><strong>parte</strong></span> <span class='ocrx_word' id='word_1_324' title='bbox 281 1469 417 1511; x_wconf 81' lang='lat' dir='ltr'><strong>Capuae</strong></span> <span class='ocrx_word' id='word_1_325' title='bbox 446 1469 612 1500; x_wconf 72' lang='lat' dir='ltr'><strong>dilectum</strong></span> <span class='ocrx_word' id='word_1_326' title='bbox 635 1469 914 1511; x_wconf 81' lang='lat' dir='ltr'><strong>diligentissume</strong></span> <span class='ocrx_word' id='word_1_327' title='bbox 937 1467 1098 1500; x_wconf 76' lang='lat' dir='ltr'><strong>habuerit</strong></span> <span class='ocrx_word' id='word_1_328' title='bbox 1123 1470 1233 1511; x_wconf 75' lang='lat' dir='ltr'><strong>(VIII.</strong></span> <span class='ocrx_word' id='word_1_329' title='bbox 1258 1470 1300 1501; x_wconf 90' lang='lat' dir='ltr'><strong>ad</strong></span> <span class='ocrx_word' id='word_1_330' title='bbox 1322 1471 1397 1502; x_wconf 80' lang='lat' dir='ltr'><strong>Au.</strong></span> <span class='ocrx_word' id='word_1_331' title='bbox 1425 1483 1436 1503; x_wconf 84' lang='lat'><em>1</em></span> <span class='ocrx_word' id='word_1_332' title='bbox 1446 1472 1502 1512; x_wconf 79' lang='lat'><strong>1.);</strong></span> <span class='ocrx_word' id='word_1_333' title='bbox 1529 1472 1657 1514; x_wconf 82' lang='lat' dir='ltr'><strong>Ephesi</strong></span> <span class='ocrx_word' id='word_1_334' title='bbox 1681 1472 1827 1514; x_wconf 87' lang='lat' dir='ltr'><strong>denique</strong></span> <span class='ocrx_word' id='word_1_335' title='bbox 1839 1495 1848 1511; x_wconf 89' lang='lat'><strong>,</strong></span> <span class='ocrx_word' id='word_1_336' title='bbox 1883 1471 2057 1513; x_wconf 83' lang='lat' dir='ltr'><strong>inperium</strong></span> 
     </span>
     <span class='ocr_line' id='line_1_27' title="bbox 159 1520 2058 1565; baseline 0.001 -13"><span class='ocrx_word' id='word_1_337' title='bbox 159 1521 287 1552; x_wconf 84' lang='lat' dir='ltr'><strong>habens</strong></span> <span class='ocrx_word' id='word_1_338' title='bbox 297 1545 307 1560; x_wconf 90' lang='lat'>‚</span> <span class='ocrx_word' id='word_1_339' title='bbox 348 1533 388 1552; x_wconf 86' lang='lat' dir='ltr'><strong>ex</strong></span> <span class='ocrx_word' id='word_1_340' title='bbox 410 1520 505 1563; x_wconf 79' lang='lat' dir='ltr'><strong>fano</strong></span> <span class='ocrx_word' id='word_1_341' title='bbox 527 1521 669 1553; x_wconf 79' lang='lat' dir='ltr'><strong>Dianae</strong></span> <span class='ocrx_word' id='word_1_342' title='bbox 692 1522 863 1565; x_wconf 78' lang='lat' dir='ltr'><strong>pecunias</strong></span> <span class='ocrx_word' id='word_1_343' title='bbox 893 1521 1013 1552; x_wconf 80' lang='lat' dir='ltr'><strong>tollere</strong></span> <span class='ocrx_word' id='word_1_344' title='bbox 1035 1528 1179 1554; x_wconf 71' lang='lat' dir='ltr'><strong>concitus</strong></span> <span class='ocrx_word' id='word_1_345' title='bbox 1201 1523 1264 1561; x_wconf 87' lang='lat' dir='ltr'><strong>sit,</strong></span> <span class='ocrx_word' id='word_1_346' title='bbox 1303 1528 1342 1554; x_wconf 84' lang='lat' dir='ltr'><strong>ut</strong></span> <span class='ocrx_word' id='word_1_347' title='bbox 1365 1524 1487 1555; x_wconf 88' lang='lat' dir='ltr'><strong>Caesar</strong></span> <span class='ocrx_word' id='word_1_348' title='bbox 1509 1525 1570 1555; x_wconf 80' lang='lat' dir='ltr'><strong>III.</strong></span> <span class='ocrx_word' id='word_1_349' title='bbox 1600 1525 1639 1555; x_wconf 92' lang='grc' dir='ltr'><strong>Β.</strong></span> <span class='ocrx_word' id='word_1_350' title='bbox 1665 1524 1739 1556; x_wconf 92' lang='lat' dir='ltr'><strong>Ciu.</strong></span> <span class='ocrx_word' id='word_1_351' title='bbox 1773 1525 1842 1556; x_wconf 77' lang='lat'><strong>105.</strong></span> <span class='ocrx_word' id='word_1_352' title='bbox 1870 1523 2058 1554; x_wconf 87' lang='lat' dir='ltr'><strong>memoriae</strong></span> 
     </span>
     <span class='ocr_line' id='line_1_28' title="bbox 159 1572 2056 1617; baseline 0.002 -13"><span class='ocrx_word' id='word_1_353' title='bbox 159 1574 331 1617; x_wconf 83' lang='lat' dir='ltr'><strong>prodidit,</strong></span> <span class='ocrx_word' id='word_1_354' title='bbox 369 1572 412 1603; x_wconf 89' lang='lat' dir='ltr'><strong>ad</strong></span> <span class='ocrx_word' id='word_1_355' title='bbox 435 1573 565 1604; x_wconf 86' lang='lat' dir='ltr'><strong>bellum</strong></span> <span class='ocrx_word' id='word_1_356' title='bbox 587 1574 666 1605; x_wconf 85' lang='lat' dir='ltr'><strong>illut</strong></span> <span class='ocrx_word' id='word_1_357' title='bbox 687 1573 815 1605; x_wconf 86' lang='lat' dir='ltr'><strong>scilicet</strong></span> <span class='ocrx_word' id='word_1_358' title='bbox 838 1578 955 1603; x_wconf 80' lang='lat' dir='ltr'><strong>contra</strong></span> <span class='ocrx_word' id='word_1_359' title='bbox 979 1573 1157 1605; x_wconf 84' lang='lat' dir='ltr'><strong>Caesarem</strong></span> <span class='ocrx_word' id='word_1_360' title='bbox 1186 1576 1454 1607; x_wconf 83' lang='lat' dir='ltr'><strong>sustentandum.</strong></span> <span class='ocrx_word' id='word_1_361' title='bbox 1500 1577 1664 1608; x_wconf 77' lang='lat' dir='ltr'><strong>Exolauit</strong></span> <span class='ocrx_word' id='word_1_362' title='bbox 1686 1576 1823 1609; x_wconf 76' lang='lat' dir='ltr'><strong>tandem</strong></span> <span class='ocrx_word' id='word_1_363' title='bbox 1847 1576 1955 1607; x_wconf 85' lang='lat' dir='ltr'><strong>uictus</strong></span> <span class='ocrx_word' id='word_1_364' title='bbox 1979 1587 2056 1607; x_wconf 87' lang='lat' dir='ltr'><strong>cum</strong></span> 
     </span>
     <span class='ocr_line' id='line_1_29' title="bbox 160 1625 2057 1671; baseline 0.001 -13"><span class='ocrx_word' id='word_1_365' title='bbox 160 1626 396 1669; x_wconf 80' lang='lat' dir='ltr'><strong>Pompeianis3</strong></span> <span class='ocrx_word' id='word_1_366' title='bbox 430 1626 581 1657; x_wconf 88' lang='lat' dir='ltr'><strong>reditum</strong></span> <span class='ocrx_word' id='word_1_367' title='bbox 604 1633 716 1658; x_wconf 85' lang='lat' dir='ltr'><strong>tamen</strong></span> <span class='ocrx_word' id='word_1_368' title='bbox 727 1651 735 1666; x_wconf 86' lang='lat'>‚</span> <span class='ocrx_word' id='word_1_369' title='bbox 760 1625 947 1657; x_wconf 85' lang='lat' dir='ltr'><strong>acrioribus</strong></span> <span class='ocrx_word' id='word_1_370' title='bbox 971 1637 989 1656; x_wconf 86' lang='lat' dir='ltr'><strong>e</strong></span> <span class='ocrx_word' id='word_1_371' title='bbox 1013 1626 1164 1657; x_wconf 85' lang='lat' dir='ltr'><strong>Caesaris</strong></span> <span class='ocrx_word' id='word_1_372' title='bbox 1188 1627 1349 1659; x_wconf 88' lang='lat' dir='ltr'><strong>comitatu</strong></span> <span class='ocrx_word' id='word_1_373' title='bbox 1370 1630 1637 1671; x_wconf 86' lang='lat' dir='ltr'><strong>repugnantibus</strong></span> <span class='ocrx_word' id='word_1_374' title='bbox 1647 1653 1655 1668; x_wconf 87' lang='lat'><strong>,</strong></span> <span class='ocrx_word' id='word_1_375' title='bbox 1685 1629 1825 1660; x_wconf 89' lang='lat' dir='ltr'><strong>uictoris</strong></span> <span class='ocrx_word' id='word_1_376' title='bbox 1849 1628 2057 1670; x_wconf 87' lang='lat' dir='ltr'><strong>benignitate</strong></span> 
     </span>
     <span class='ocr_line' id='line_1_30' title="bbox 160 1677 2058 1724; baseline 0.002 -15"><span class='ocrx_word' id='word_1_377' title='bbox 160 1678 360 1721; x_wconf 85' lang='lat' dir='ltr'><strong>inpetrauit.</strong></span> <span class='ocrx_word' id='word_1_378' title='bbox 407 1678 486 1720; x_wconf 90' lang='lat' dir='ltr'><strong>Quo</strong></span> <span class='ocrx_word' id='word_1_379' title='bbox 517 1678 655 1720; x_wconf 85' lang='lat' dir='ltr'><strong>quidem</strong></span> <span class='ocrx_word' id='word_1_380' title='bbox 685 1686 841 1722; x_wconf 87' lang='lat' dir='ltr'><strong>tempore</strong></span> <span class='ocrx_word' id='word_1_381' title='bbox 870 1677 982 1709; x_wconf 86' lang='lat' dir='ltr'><strong>simile</strong></span> <span class='ocrx_word' id='word_1_382' title='bbox 1011 1679 1172 1720; x_wconf 88' lang='lat' dir='ltr'><strong>quiddam</strong></span> <span class='ocrx_word' id='word_1_383' title='bbox 1197 1680 1311 1711; x_wconf 80' lang='lat' dir='ltr'><strong>extitit</strong></span> <span class='ocrx_word' id='word_1_384' title='bbox 1333 1680 1413 1711; x_wconf 90' lang='lat' dir='ltr'><strong>huic</strong></span> <span class='ocrx_word' id='word_1_385' title='bbox 1437 1683 1609 1714; x_wconf 87' lang='lat' dir='ltr'><strong>Ciceronis</strong></span> <span class='ocrx_word' id='word_1_386' title='bbox 1634 1693 1712 1724; x_wconf 82' lang='lat' dir='ltr'><strong>erga</strong></span> <span class='ocrx_word' id='word_1_387' title='bbox 1734 1681 1911 1712; x_wconf 86' lang='lat' dir='ltr'><strong>Plancium</strong></span> <span class='ocrx_word' id='word_1_388' title='bbox 1933 1681 2058 1719; x_wconf 79' lang='lat' dir='ltr'><strong>suffra-</strong></span> 
     </span>
     <span class='ocr_line' id='line_1_31' title="bbox 158 1730 2057 1779; baseline 0.001 -17"><span class='ocrx_word' id='word_1_389' title='bbox 158 1731 297 1773; x_wconf 83' lang='lat' dir='ltr'><strong>gationi.</strong></span> <span class='ocrx_word' id='word_1_390' title='bbox 342 1732 500 1774; x_wconf 82' lang='lat' dir='ltr'><strong>Rogatio</strong></span> <span class='ocrx_word' id='word_1_391' title='bbox 523 1733 601 1775; x_wconf 81' lang='lat' dir='ltr'><strong>ipsa</strong></span> <span class='ocrx_word' id='word_1_392' title='bbox 623 1744 773 1776; x_wconf 82' lang='lat' dir='ltr'><strong>semper,</strong></span> <span class='ocrx_word' id='word_1_393' title='bbox 806 1730 938 1772; x_wconf 74' lang='lat' dir='ltr'><strong>inquit,</strong></span> <span class='ocrx_word' id='word_1_394' title='bbox 975 1737 1025 1763; x_wconf 87' lang='lat' dir='ltr'><strong>est</strong></span> <span class='ocrx_word' id='word_1_395' title='bbox 1047 1733 1318 1775; x_wconf 76' lang='lat' dir='ltr'><strong>gratiosis-suma</strong></span> <span class='ocrx_word' id='word_1_396' title='bbox 1326 1757 1337 1771; x_wconf 89' lang='lat'><strong>,</strong></span> <span class='ocrx_word' id='word_1_397' title='bbox 1372 1746 1459 1776; x_wconf 73' lang='lat' dir='ltr'><strong>quae</strong></span> <span class='ocrx_word' id='word_1_398' title='bbox 1481 1741 1531 1766; x_wconf 84' lang='lat' dir='ltr'><strong>est</strong></span> <span class='ocrx_word' id='word_1_399' title='bbox 1554 1735 1664 1779; x_wconf 78' lang='lat' dir='ltr'><strong>officio</strong></span> <span class='ocrx_word' id='word_1_400' title='bbox 1687 1734 1953 1766; x_wconf 75' lang='lat' dir='ltr'><strong>necessitudinis</strong></span> <span class='ocrx_word' id='word_1_401' title='bbox 1977 1745 2057 1765; x_wconf 84' lang='lat' dir='ltr'><strong>con-</strong></span> 
     </span>
     <span class='ocr_line' id='line_1_32' title="bbox 161 1785 2056 1830; baseline -0.001 -13"><span class='ocrx_word' id='word_1_402' title='bbox 161 1785 281 1817; x_wconf 82' lang='lat' dir='ltr'><strong>iuncta</strong></span> <span class='ocrx_word' id='word_1_403' title='bbox 310 1796 472 1816; x_wconf 78' lang='lat' dir='ltr'><strong>maxume</strong></span> <span class='ocrx_word' id='word_1_404' title='bbox 493 1802 537 1807; x_wconf 96' lang='lat'><strong>—</strong></span> <span class='ocrx_word' id='word_1_405' title='bbox 559 1797 626 1816; x_wconf 89' lang='lat' dir='ltr'><strong>non</strong></span> <span class='ocrx_word' id='word_1_406' title='bbox 651 1791 757 1828; x_wconf 80' lang='lat' dir='ltr'><strong>poten</strong></span> <span class='ocrx_word' id='word_1_407' title='bbox 763 1785 813 1816; x_wconf 86' lang='lat' dir='ltr'><strong>tia</strong></span> <span class='ocrx_word' id='word_1_408' title='bbox 842 1794 917 1815; x_wconf 77' lang='lat' dir='ltr'><strong>mea</strong></span> <span class='ocrx_word' id='word_1_409' title='bbox 925 1808 937 1822; x_wconf 84' lang='lat'><em>‚</em></span> <span class='ocrx_word' id='word_1_410' title='bbox 979 1790 1031 1815; x_wconf 79' lang='lat' dir='ltr'><strong>set</strong></span> <span class='ocrx_word' id='word_1_411' title='bbox 1058 1797 1183 1817; x_wconf 74' lang='lat' dir='ltr'><strong>caussa</strong></span> <span class='ocrx_word' id='word_1_412' title='bbox 1213 1787 1406 1828; x_wconf 78' lang='lat' dir='ltr'><strong>rogationis</strong></span> <span class='ocrx_word' id='word_1_413' title='bbox 1420 1786 1469 1829; x_wconf 67' lang='grc' dir='ltr'><strong>[ιι</strong></span> <span class='ocrx_word' id='word_1_414' title='bbox 1475 1788 1503 1818; x_wconf 87' lang='lat' dir='ltr'><strong>it</strong></span> <span class='ocrx_word' id='word_1_415' title='bbox 1523 1788 1695 1830; x_wconf 83' lang='lat' dir='ltr'><strong>gratiosa.</strong></span> <span class='ocrx_word' id='word_1_416' title='bbox 1740 1786 1790 1816; x_wconf 82' lang='lat' dir='ltr'><strong>Ita</strong></span> <span class='ocrx_word' id='word_1_417' title='bbox 1814 1785 1855 1815; x_wconf 91' lang='lat' dir='ltr'><strong>de</strong></span> <span class='ocrx_word' id='word_1_418' title='bbox 1880 1786 1922 1815; x_wconf 92' lang='lat' dir='ltr'><strong>T.</strong></span> <span class='ocrx_word' id='word_1_419' title='bbox 1947 1785 2056 1827; x_wconf 87' lang='lat' dir='ltr'><strong>Ampi</strong></span> 
     </span>
     <span class='ocr_line' id='line_1_33' title="bbox 159 1836 2056 1882; baseline 0.001 -14"><span class='ocrx_word' id='word_1_420' title='bbox 159 1836 377 1868; x_wconf 83' lang='lat' dir='ltr'><strong>restitutione</strong></span> <span class='ocrx_word' id='word_1_421' title='bbox 400 1837 463 1868; x_wconf 63' lang='lat' dir='ltr'><strong>VI.</strong></span> <span class='ocrx_word' id='word_1_422' title='bbox 488 1837 597 1879; x_wconf 86' lang='lat' dir='ltr'><strong>Epist.</strong></span> <span class='ocrx_word' id='word_1_423' title='bbox 626 1848 674 1868; x_wconf 82' lang='lat'><strong>12.</strong></span> <span class='ocrx_word' id='word_1_424' title='bbox 706 1837 833 1869; x_wconf 82' lang='lat' dir='ltr'><strong>Ualent</strong></span> <span class='ocrx_word' id='word_1_425' title='bbox 853 1842 940 1880; x_wconf 79' lang='lat' dir='ltr'><strong>aput</strong></span> <span class='ocrx_word' id='word_1_426' title='bbox 961 1836 1142 1869; x_wconf 78' lang='lat' dir='ltr'><strong>Caesarem</strong></span> <span class='ocrx_word' id='word_1_427' title='bbox 1164 1850 1231 1869; x_wconf 86' lang='lat' dir='ltr'><strong>non</strong></span> <span class='ocrx_word' id='word_1_428' title='bbox 1255 1844 1326 1869; x_wconf 80' lang='lat' dir='ltr'><strong>tam</strong></span> <span class='ocrx_word' id='word_1_429' title='bbox 1348 1839 1551 1872; x_wconf 72' lang='lat' dir='ltr'><strong>(inibitiosae</strong></span> <span class='ocrx_word' id='word_1_430' title='bbox 1574 1840 1790 1882; x_wconf 79' lang='lat' dir='ltr'><strong>rogationes,</strong></span> <span class='ocrx_word' id='word_1_431' title='bbox 1814 1850 1918 1881; x_wconf 81' lang='lat' dir='ltr'><strong>quam</strong></span> <span class='ocrx_word' id='word_1_432' title='bbox 1940 1850 2056 1869; x_wconf 86' lang='lat' dir='ltr'><strong>neces-</strong></span> 
     </span>
     <span class='ocr_line' id='line_1_34' title="bbox 161 1889 2056 1934; baseline -0.001 -12"><span class='ocrx_word' id='word_1_433' title='bbox 161 1889 277 1922; x_wconf 77' lang='lat' dir='ltr'><strong>sariae</strong></span> <span class='ocrx_word' id='word_1_434' title='bbox 286 1902 297 1920; x_wconf 86' lang='lat'><em>:</em></span> <span class='ocrx_word' id='word_1_435' title='bbox 321 1901 425 1932; x_wconf 75' lang='lat' dir='ltr'><strong>qnam</strong></span> <span class='ocrx_word' id='word_1_436' title='bbox 447 1890 531 1932; x_wconf 79' lang='lat' dir='ltr'><strong>quia</strong></span> <span class='ocrx_word' id='word_1_437' title='bbox 553 1889 687 1921; x_wconf 81' lang='lat' dir='ltr'><strong>Cimber</strong></span> <span class='ocrx_word' id='word_1_438' title='bbox 710 1889 871 1928; x_wconf 79' lang='lat' dir='ltr'><strong>habebat,</strong></span> <span class='ocrx_word' id='word_1_439' title='bbox 889 1889 975 1932; x_wconf 75' lang='lat' dir='ltr'><strong>plus</strong></span> <span class='ocrx_word' id='word_1_440' title='bbox 997 1891 1126 1929; x_wconf 80' lang='lat' dir='ltr'><strong>ualuit,</strong></span> <span class='ocrx_word' id='word_1_441' title='bbox 1150 1903 1252 1934; x_wconf 79' lang='lat' dir='ltr'><strong>quam</strong></span> <span class='ocrx_word' id='word_1_442' title='bbox 1270 1903 1337 1934; x_wconf 79' lang='lat' dir='ltr'><strong>pro</strong></span> <span class='ocrx_word' id='word_1_443' title='bbox 1363 1892 1435 1923; x_wconf 84' lang='lat' dir='ltr'><strong>ullo</strong></span> <span class='ocrx_word' id='word_1_444' title='bbox 1457 1893 1528 1923; x_wconf 77' lang='lat' dir='ltr'><strong>alio</strong></span> <span class='ocrx_word' id='word_1_445' title='bbox 1554 1893 1672 1924; x_wconf 77' lang='lat' dir='ltr'><strong>ualere</strong></span> <span class='ocrx_word' id='word_1_446' title='bbox 1689 1892 1873 1934; x_wconf 81' lang='lat' dir='ltr'><strong>potuisset.</strong></span> <span class='ocrx_word' id='word_1_447' title='bbox 1897 1890 1935 1921; x_wconf 88' lang='lat' dir='ltr'><strong>C.</strong></span> <span class='ocrx_word' id='word_1_448' title='bbox 1949 1890 2056 1921; x_wconf 85' lang='lat' dir='ltr'><strong>Pansa</strong></span> 
     </span>
     <span class='ocr_line' id='line_1_35' title="bbox 161 1941 2055 1985; baseline 0.001 -12"><span class='ocrx_word' id='word_1_449' title='bbox 161 1942 282 1985; x_wconf 86' lang='lat' dir='ltr'><strong>gratia,</strong></span> <span class='ocrx_word' id='word_1_450' title='bbox 305 1947 344 1972; x_wconf 84' lang='lat' dir='ltr'><strong>ut</strong></span> <span class='ocrx_word' id='word_1_451' title='bbox 362 1941 421 1972; x_wconf 89' lang='lat' dir='ltr'><strong>ille</strong></span> <span class='ocrx_word' id='word_1_452' title='bbox 444 1941 501 1979; x_wconf 88' lang='lat' dir='ltr'><strong>ait,</strong></span> <span class='ocrx_word' id='word_1_453' title='bbox 528 1947 561 1972; x_wconf 89' lang='lat' dir='ltr'><strong>et</strong></span> <span class='ocrx_word' id='word_1_454' title='bbox 583 1941 784 1972; x_wconf 82' lang='lat' dir='ltr'><strong>auctoritate</strong></span> <span class='ocrx_word' id='word_1_455' title='bbox 809 1947 891 1983; x_wconf 84' lang='lat' dir='ltr'><strong>aput</strong></span> <span class='ocrx_word' id='word_1_456' title='bbox 916 1942 953 1972; x_wconf 94' lang='lat' dir='ltr'><strong>C.</strong></span> <span class='ocrx_word' id='word_1_457' title='bbox 973 1942 1151 1973; x_wconf 86' lang='lat' dir='ltr'><strong>Caesarem</strong></span> <span class='ocrx_word' id='word_1_458' title='bbox 1174 1943 1327 1981; x_wconf 76' lang='lat' dir='ltr'><strong>ualebat3</strong></span> <span class='ocrx_word' id='word_1_459' title='bbox 1351 1944 1392 1975; x_wconf 91' lang='lat' dir='ltr'><strong>L.</strong></span> <span class='ocrx_word' id='word_1_460' title='bbox 1411 1944 1534 1975; x_wconf 88' lang='lat' dir='ltr'><strong>Tillius</strong></span> <span class='ocrx_word' id='word_1_461' title='bbox 1557 1944 1696 1975; x_wconf 87' lang='lat' dir='ltr'><strong>Cimber</strong></span> <span class='ocrx_word' id='word_1_462' title='bbox 1719 1944 1790 1974; x_wconf 85' lang='lat' dir='ltr'><strong>sola</strong></span> <span class='ocrx_word' id='word_1_463' title='bbox 1810 1943 1919 1974; x_wconf 88' lang='lat' dir='ltr'><strong>ualuit</strong></span> <span class='ocrx_word' id='word_1_464' title='bbox 1941 1954 2055 1974; x_wconf 84' lang='lat' dir='ltr'><strong>caussa</strong></span> 
     </span>
     <span class='ocr_line' id='line_1_36' title="bbox 160 1993 2054 2038; baseline 0.001 -13"><span class='ocrx_word' id='word_1_465' title='bbox 160 1993 364 2036; x_wconf 87' lang='lat' dir='ltr'><strong>rogationis:</strong></span> <span class='ocrx_word' id='word_1_466' title='bbox 402 1993 521 2024; x_wconf 89' lang='lat' dir='ltr'><strong>Cicero</strong></span> <span class='ocrx_word' id='word_1_467' title='bbox 552 1999 635 2036; x_wconf 86' lang='lat' dir='ltr'><strong>aput</strong></span> <span class='ocrx_word' id='word_1_468' title='bbox 662 1994 830 2036; x_wconf 89' lang='lat' dir='ltr'><strong>populum</strong></span> <span class='ocrx_word' id='word_1_469' title='bbox 861 1993 913 2024; x_wconf 80' lang='lat' dir='ltr'><strong>his</strong></span> <span class='ocrx_word' id='word_1_470' title='bbox 944 1994 1045 2025; x_wconf 90' lang='lat' dir='ltr'><strong>rebus</strong></span> <span class='ocrx_word' id='word_1_471' title='bbox 1075 1995 1232 2026; x_wconf 90' lang='lat' dir='ltr'><strong>omnibus</strong></span> <span class='ocrx_word' id='word_1_472' title='bbox 1263 1995 1409 2027; x_wconf 85' lang='lat' dir='ltr'><strong>ualuisse</strong></span> <span class='ocrx_word' id='word_1_473' title='bbox 1431 1995 1601 2038; x_wconf 87' lang='lat' dir='ltr'><strong>putandus</strong></span> <span class='ocrx_word' id='word_1_474' title='bbox 1625 2002 1685 2028; x_wconf 81' lang='lat' dir='ltr'><strong>est.</strong></span> <span class='ocrx_word' id='word_1_475' title='bbox 1730 1996 1838 2027; x_wconf 87' lang='lat' dir='ltr'><strong>Porro</strong></span> <span class='ocrx_word' id='word_1_476' title='bbox 1869 2008 1910 2027; x_wconf 80' lang='lat' dir='ltr'><strong>ex</strong></span> <span class='ocrx_word' id='word_1_477' title='bbox 1935 1996 2054 2027; x_wconf 87' lang='lat' dir='ltr'><strong>eadem</strong></span> 
     </span>
     <span class='ocr_line' id='line_1_37' title="bbox 161 2045 2055 2089; baseline 0.001 -11"><span class='ocrx_word' id='word_1_478' title='bbox 161 2046 307 2089; x_wconf 86' lang='lat' dir='ltr'><strong>epistula</strong></span> <span class='ocrx_word' id='word_1_479' title='bbox 328 2045 426 2077; x_wconf 88' lang='lat' dir='ltr'><strong>bonis</strong></span> <span class='ocrx_word' id='word_1_480' title='bbox 449 2046 572 2077; x_wconf 84' lang='lat' dir='ltr'><strong>litteris</strong></span> <span class='ocrx_word' id='word_1_481' title='bbox 595 2047 764 2089; x_wconf 88' lang='lat' dir='ltr'><strong>Ampium</strong></span> <span class='ocrx_word' id='word_1_482' title='bbox 788 2046 939 2077; x_wconf 82' lang='lat' dir='ltr'><strong>deditum</strong></span> <span class='ocrx_word' id='word_1_483' title='bbox 964 2045 1067 2078; x_wconf 86' lang='lat' dir='ltr'><strong>fuisse</strong></span> <span class='ocrx_word' id='word_1_484' title='bbox 1091 2048 1334 2089; x_wconf 82' lang='lat' dir='ltr'><strong>cognoscimus.</strong></span> <span class='ocrx_word' id='word_1_485' title='bbox 1379 2048 1503 2087; x_wconf 83' lang='lat' dir='ltr'><strong>Quom,</strong></span> <span class='ocrx_word' id='word_1_486' title='bbox 1526 2048 1647 2089; x_wconf 88' lang='lat' dir='ltr'><strong>iuquit,</strong></span> <span class='ocrx_word' id='word_1_487' title='bbox 1672 2050 1829 2081; x_wconf 75' lang='lat' dir='ltr'><strong>studium</strong></span> <span class='ocrx_word' id='word_1_488' title='bbox 1851 2055 1950 2080; x_wconf 77' lang='lat' dir='ltr'><strong>tuztm</strong></span> <span class='ocrx_word' id='word_1_489' title='bbox 1974 2061 2055 2080; x_wconf 83' lang='lat' dir='ltr'><strong>con-</strong></span> 
     </span>
     <span class='ocr_line' id='line_1_38' title="bbox 161 2097 2054 2144; baseline -0.001 -11"><span class='ocrx_word' id='word_1_490' title='bbox 161 2112 278 2133; x_wconf 75' lang='lat' dir='ltr'><strong>sumas</strong></span> <span class='ocrx_word' id='word_1_491' title='bbox 302 2099 338 2130; x_wconf 85' lang='lat' dir='ltr'><strong>in</strong></span> <span class='ocrx_word' id='word_1_492' title='bbox 361 2099 522 2130; x_wconf 82' lang='lat' dir='ltr'><strong>uirorum</strong></span> <span class='ocrx_word' id='word_1_493' title='bbox 539 2097 696 2142; x_wconf 78' lang='lat' dir='ltr'><strong>fortiam</strong></span> <span class='ocrx_word' id='word_1_494' title='bbox 710 2099 825 2144; x_wconf 78' lang='lat' dir='ltr'><strong>factis</strong></span> <span class='ocrx_word' id='word_1_495' title='bbox 847 2100 1033 2131; x_wconf 84' lang='lat' dir='ltr'><strong>memoriae</strong></span> <span class='ocrx_word' id='word_1_496' title='bbox 1053 2101 1241 2143; x_wconf 78' lang='lat' dir='ltr'><strong>prodendis</strong></span> <span class='ocrx_word' id='word_1_497' title='bbox 1249 2125 1260 2140; x_wconf 86' lang='lat'><strong>,</strong></span> <span class='ocrx_word' id='word_1_498' title='bbox 1296 2102 1514 2133; x_wconf 83' lang='lat' dir='ltr'><strong>considerare</strong></span> <span class='ocrx_word' id='word_1_499' title='bbox 1535 2101 1634 2132; x_wconf 74' lang='lat' dir='ltr'><strong>[lebes</strong></span> <span class='ocrx_word' id='word_1_500' title='bbox 1640 2126 1653 2141; x_wconf 84' lang='lat'><strong>,</strong></span> <span class='ocrx_word' id='word_1_501' title='bbox 1679 2102 1772 2133; x_wconf 76' lang='lat' dir='ltr'><strong>nihil</strong></span> <span class='ocrx_word' id='word_1_502' title='bbox 1794 2101 1858 2132; x_wconf 84' lang='lat' dir='ltr'><strong>tibi</strong></span> <span class='ocrx_word' id='word_1_503' title='bbox 1881 2113 1951 2132; x_wconf 83' lang='lat' dir='ltr'><strong>esse</strong></span> <span class='ocrx_word' id='word_1_504' title='bbox 1974 2113 2054 2132; x_wconf 84' lang='lat' dir='ltr'><strong>con—</strong></span> 
     </span>
     <span class='ocr_line' id='line_1_39' title="bbox 160 2151 2053 2198; baseline 0.001 -13"><span class='ocrx_word' id='word_1_505' title='bbox 160 2152 386 2190; x_wconf 79' lang='lat' dir='ltr'><strong>mittendum,</strong></span> <span class='ocrx_word' id='word_1_506' title='bbox 416 2151 636 2194; x_wconf 77' lang='lat' dir='ltr'><strong>quamobrem</strong></span> <span class='ocrx_word' id='word_1_507' title='bbox 660 2163 796 2190; x_wconf 84' lang='lat' dir='ltr'><strong>eorum,</strong></span> <span class='ocrx_word' id='word_1_508' title='bbox 827 2163 910 2196; x_wconf 76' lang='lat' dir='ltr'><strong>quos</strong></span> <span class='ocrx_word' id='word_1_509' title='bbox 933 2152 1059 2184; x_wconf 70' lang='lat' dir='ltr'><strong>laudas</strong></span> <span class='ocrx_word' id='word_1_510' title='bbox 1066 2176 1079 2192; x_wconf 87' lang='lat'><strong>,</strong></span> <span class='ocrx_word' id='word_1_511' title='bbox 1103 2158 1137 2186; x_wconf 84' lang='lat' dir='ltr'><strong>te</strong></span> <span class='ocrx_word' id='word_1_512' title='bbox 1160 2165 1227 2185; x_wconf 81' lang='lat' dir='ltr'><strong>non</strong></span> <span class='ocrx_word' id='word_1_513' title='bbox 1249 2153 1478 2186; x_wconf 82' lang='lat' dir='ltr'><strong>simillzmzum</strong></span> <span class='ocrx_word' id='word_1_514' title='bbox 1493 2153 1674 2198; x_wconf 70' lang='lat' dir='ltr'><strong>praebeas·-</strong></span> <span class='ocrx_word' id='word_1_515' title='bbox 1717 2153 1821 2187; x_wconf 82' lang='lat' dir='ltr'><strong>Hunc</strong></span> <span class='ocrx_word' id='word_1_516' title='bbox 1843 2164 1926 2184; x_wconf 83' lang='lat' dir='ltr'><strong>uero</strong></span> <span class='ocrx_word' id='word_1_517' title='bbox 1951 2153 2053 2183; x_wconf 75' lang='lat' dir='ltr'><strong>etiam</strong></span> 
     </span>
    </p>
   </div>
   <div class='ocr_carea' id='block_1_3' title="bbox 237 2309 2050 2352">
    <p class='ocr_par' dir='ltr' id='par_1_5' title="bbox 237 2309 2050 2352">
     <span class='ocr_line' id='line_1_40' title="bbox 237 2309 2050 2352; baseline -0.002 -11"><span class='ocrx_word' id='word_1_518' title='bbox 237 2311 265 2352; x_wconf 91' lang='lat'><strong>1)</strong></span> <span class='ocrx_word' id='word_1_519' title='bbox 303 2312 365 2340; x_wconf 90' lang='lat' dir='ltr'><strong>Pro</strong></span> <span class='ocrx_word' id='word_1_520' title='bbox 387 2310 471 2339; x_wconf 75' lang='lat' dir='ltr'><strong>nihil</strong></span> <span class='ocrx_word' id='word_1_521' title='bbox 488 2310 567 2348; x_wconf 82' lang='lat' dir='ltr'><strong>Ang.</strong></span> <span class='ocrx_word' id='word_1_522' title='bbox 587 2310 674 2340; x_wconf 85' lang='lat' dir='ltr'><strong>Maio</strong></span> <span class='ocrx_word' id='word_1_523' title='bbox 703 2315 735 2340; x_wconf 85' lang='lat' dir='ltr'><strong>et</strong></span> <span class='ocrx_word' id='word_1_524' title='bbox 755 2310 926 2339; x_wconf 84' lang='lat' dir='ltr'><strong>Garatonio</strong></span> <span class='ocrx_word' id='word_1_525' title='bbox 946 2312 1076 2351; x_wconf 81' lang='lat' dir='ltr'><strong>aliquid</strong></span> <span class='ocrx_word' id='word_1_526' title='bbox 1091 2311 1256 2350; x_wconf 83' lang='lat' dir='ltr'><strong>legendum</strong></span> <span class='ocrx_word' id='word_1_527' title='bbox 1274 2311 1409 2341; x_wconf 82' lang='lat' dir='ltr'><strong>uidetur.</strong></span> <span class='ocrx_word' id='word_1_528' title='bbox 1448 2311 1585 2340; x_wconf 85' lang='lat' dir='ltr'><strong>Facilius</strong></span> <span class='ocrx_word' id='word_1_529' title='bbox 1606 2310 1721 2348; x_wconf 79' lang='lat' dir='ltr'><strong>corrigi</strong></span> <span class='ocrx_word' id='word_1_530' title='bbox 1742 2320 1804 2338; x_wconf 85' lang='lat' dir='ltr'><strong>non</strong></span> <span class='ocrx_word' id='word_1_531' title='bbox 1823 2309 1908 2338; x_wconf 75' lang='lat' dir='ltr'><strong>nihil</strong></span> <span class='ocrx_word' id='word_1_532' title='bbox 1923 2310 2050 2348; x_wconf 83' lang='lat' dir='ltr'><strong>poterit.</strong></span> 
     </span>
    </p>
   </div>
   <div class='ocr_carea' id='block_1_4' title="bbox 160 2371 2049 2449">
    <p class='ocr_par' dir='ltr' id='par_1_6' title="bbox 160 2371 2049 2449">
     <span class='ocr_line' id='line_1_41' title="bbox 235 2371 2049 2413; baseline -0.001 -12"><span class='ocrx_word' id='word_1_533' title='bbox 235 2373 265 2413; x_wconf 86' lang='lat'><strong>2)</strong></span> <span class='ocrx_word' id='word_1_534' title='bbox 303 2374 353 2401; x_wconf 91' lang='lat' dir='ltr'><strong>De</strong></span> <span class='ocrx_word' id='word_1_535' title='bbox 374 2374 523 2412; x_wconf 81' lang='lat' dir='ltr'><strong>Pompeio</strong></span> <span class='ocrx_word' id='word_1_536' title='bbox 550 2373 697 2402; x_wconf 87' lang='lat' dir='ltr'><strong>trudente</strong></span> <span class='ocrx_word' id='word_1_537' title='bbox 724 2373 919 2401; x_wconf 84' lang='lat' dir='ltr'><strong>candidatum</strong></span> <span class='ocrx_word' id='word_1_538' title='bbox 941 2373 1138 2403; x_wconf 87' lang='lat' dir='ltr'><strong>comitiorum</strong></span> <span class='ocrx_word' id='word_1_539' title='bbox 1158 2380 1299 2413; x_wconf 85' lang='lat' dir='ltr'><strong>tempore</strong></span> <span class='ocrx_word' id='word_1_540' title='bbox 1319 2374 1460 2402; x_wconf 86' lang='lat' dir='ltr'><strong>omuibus</strong></span> <span class='ocrx_word' id='word_1_541' title='bbox 1481 2373 1590 2402; x_wconf 83' lang='lat' dir='ltr'><strong>inuitis</strong></span> <span class='ocrx_word' id='word_1_542' title='bbox 1610 2372 1683 2401; x_wconf 88' lang='lat' dir='ltr'><strong>uide</strong></span> <span class='ocrx_word' id='word_1_543' title='bbox 1703 2371 1795 2400; x_wconf 82' lang='lat' dir='ltr'><strong>etiam</strong></span> <span class='ocrx_word' id='word_1_544' title='bbox 1814 2372 1852 2400; x_wconf 84' lang='lat' dir='ltr'><strong>ad</strong></span> <span class='ocrx_word' id='word_1_545' title='bbox 1872 2371 1938 2401; x_wconf 87' lang='lat' dir='ltr'><strong>Att.</strong></span> <span class='ocrx_word' id='word_1_546' title='bbox 1960 2372 1984 2407; x_wconf 90' lang='lat' dir='ltr'><strong>I,</strong></span> <span class='ocrx_word' id='word_1_547' title='bbox 2007 2371 2049 2400; x_wconf 82' lang='lat'><strong>16.</strong></span> 
     </span>
     <span class='ocr_line' id='line_1_42' title="bbox 160 2421 385 2449; baseline 0 -1"><span class='ocrx_word' id='word_1_548' title='bbox 160 2421 243 2448; x_wconf 66' lang='lat' dir='ltr'><strong>Ano.</strong></span> <span class='ocrx_word' id='word_1_549' title='bbox 264 2421 385 2449; x_wconf 66' lang='lat' dir='ltr'><strong>Mnus.</strong></span> 
     </span>
    </p>
   </div>
  </div>
 </body>
</html>
