2185 2720
202 191 229 216 X
906 183 1354 211 PRAEFATIO.

207 278 333 307 auctor
358 269 731 312 Ambrosianorumst,
759 275 799 303 ut
824 269 937 303 inseri
965 269 998 302 ei
1022 273 1190 315 possent,
1224 268 1393 302 factumst
1416 267 1553 313 insigni
1578 267 1776 312 Niebuhri,
1811 269 1884 303 uiri
1909 281 2067 303 uenera-

207 346 308 389 bilis,
347 344 580 384 liberalitate,
622 343 684 388 qui
715 343 805 375 mihi
840 355 949 388 quem
981 343 1024 376 ab
1057 347 1205 376 auctore
1237 341 1336 374 dono
1371 346 1558 386 acceperat
1592 341 1725 375 librum
1758 347 1924 376 mutuum
1959 343 2069 386 dedit,

211 432 319 466 quom
346 429 391 451 ex
418 416 562 450 officina
586 416 752 449 Romana
778 415 876 449 nulla
902 416 987 449 dum
1016 415 1246 460 exemplaria,
1275 426 1384 459 quom
1399 415 1680 448 commentarius
1706 414 1848 460 prelum
1866 415 1937 449 iam
1959 428 2069 449 exer-

212 506 294 528 cere
319 491 532 536 incepisset,
560 490 605 523 ad
630 489 844 534 bibliopolas
870 488 1072 534 Lipsiensis
1099 489 1208 522 missa
1234 493 1364 522 essent.
1415 487 1543 533 Itaque
1573 488 1692 521 uarias
1727 489 1835 522 etiam
1862 489 2070 533 scripturas,

212 578 297 613 quas
324 565 578 611 palimpsestus
605 562 800 595 Uaticanus
826 563 864 595 in
889 563 1013 596 uerbis
1039 561 1218 595 Tullianis
1243 560 1369 604 habet,
1410 571 1485 594 non
1512 561 1551 594 in
1578 566 1750 606 apparatu
1777 561 1919 604 critico,
1954 566 2009 595 set
2033 561 2072 594 in

213 638 473 674 commentario
507 636 652 669 demum
688 636 860 670 adnotare
894 641 1039 670 coactus
1072 647 1164 669 sum.
1217 633 1484 680 Argumentum
1517 634 1625 667 etiam
1651 634 1843 677 orationis,
1885 634 1923 666 in
1950 634 2075 667 codice

214 713 387 746 Uaticano
415 715 609 752 seruatum,
637 720 712 742 non
738 710 859 754 potuit
883 709 923 742 in
949 708 1260 751 commentarium,
1309 707 1373 753 qui
1399 708 1494 752 typis
1520 707 1668 753 inprimi
1694 707 1765 740 iam
1793 712 1941 752 coeptus
1968 712 2072 751 esset,

213 785 335 830 recipi.
388 784 455 817 Est
480 782 560 815 illut
585 782 642 815 his
668 782 790 815 uerbis
817 783 1010 827 scriptum:

311 855 368 891 M.
407 855 590 889 Tullius
623 855 884 888 orationem
915 855 1200 888 luculentam
1232 852 1280 887 L.
1305 852 1516 887 Domitio
1550 857 1595 886 et
1627 850 1786 899 Appio
1809 853 1839 897 ¹)
1880 854 2075 889 Claudio

216 944 301 965 cos.
330 931 465 964 etiam
489 940 573 974 pro
599 928 684 962 hoc
711 929 784 962 Cn.
811 929 1005 962 Plancio
1032 929 1176 972 dixit,
1217 927 1291 973 qui
1317 938 1421 960 reus
1448 927 1499 960 de
1525 926 1774 960 sodaliciis
1800 929 1981 973 petitus
2009 933 2077 963 est

214 1007 314 1051 lege
348 1003 530 1045 licinia,
581 1014 710 1047 quam
735 1002 786 1036 M.
813 1002 1034 1036 Licinius
1061 1002 1253 1035 Crassus
1285 999 1471 1046 Pompei
1503 1000 1650 1045 magni
1684 999 1862 1046 collega
1888 1001 1933 1034 in
1960 1011 2076 1035 con-

216 1078 371 1113 sulatu
398 1089 476 1111 suo
503 1077 723 1122 pertulit,
756 1081 804 1110 ut
830 1075 1133 1109 seuerissime
1167 1079 1473 1119 quaereretur
1499 1073 1545 1105 in
1573 1085 1647 1106 eos
1675 1074 1962 1117 candidatos,
1999 1074 2076 1119 qni

217 1153 307 1187 sibi
333 1150 690 1193 conciliassent,
734 1162 783 1183 ea
805 1149 1102 1195 potissimum
1128 1148 1178 1181 de
1205 1159 1336 1181 cansa
1375 1152 1423 1181 ut
1455 1158 1535 1192 per
1568 1146 1677 1180 illos
1710 1148 1951 1192 pecuniam
1976 1147 2071 1181 tri-

216 1225 402 1260 bulibus
430 1224 754 1268 dispertirent‚
796 1235 845 1256 ac
871 1222 960 1255 sibi
985 1226 1137 1255 mutuo
1165 1220 1320 1254 eadem
1355 1219 1710 1265 suffragationis
1737 1226 1910 1265 emptae
1933 1231 2074 1266 prae-

218 1300 333 1334 sidia
359 1298 766 1331 communicarent.
817 1295 938 1330 Huic
964 1294 1160 1329 factioni
1187 1293 1472 1327 coercendae
1495 1292 1744 1338 legislator
1770 1293 1966 1327 Crassus
1994 1304 2076 1328 ex-

220 1372 450 1408 istimauit
477 1371 615 1405 etiam
641 1381 781 1416 genus
807 1369 970 1403 iudicii
995 1368 1135 1402 multo
1163 1367 1482 1413 periculosius
1509 1367 1871 1412 comparandum,
1897 1372 1945 1401 ut
1971 1373 2079 1412 aput

219 1447 401 1482 iudices
430 1444 642 1478 editicios
670 1448 1022 1485 accusarentur,
1049 1442 1089 1474 id
1117 1449 1184 1474 est
1206 1446 1256 1474 ut
1280 1452 1360 1485 pro
1388 1439 1628 1473 uoluntate
1654 1440 1940 1473 accusatoris
1968 1440 2079 1474 ede-

219 1525 388 1555 rentur
414 1518 588 1560 tribus,
617 1529 671 1550 ex
698 1517 860 1562 quibus
887 1528 1019 1550 unam
1045 1513 1357 1549 tantummodo
1385 1513 1563 1546 reicere
1588 1519 1746 1558 posset
1770 1525 1897 1558 reus;
1923 1514 1975 1547 de
2000 1524 2078 1547 re-

219 1594 366 1638 liquis
393 1596 543 1624 autem
570 1591 747 1624 iudices
774 1590 1056 1624 haberentur
1081 1589 1244 1633 utique
1269 1586 1568 1619 infestissimi
1600 1597 1778 1619 causam
1805 1586 2079 1629 dicentibus,

222 1671 386 1712 utpote
421 1675 531 1709 quos
566 1669 808 1704 accusator
847 1663 898 1696 ad
929 1663 1216 1696 uoluntatem
1251 1671 1374 1693 suam
1415 1659 1737 1704 praelegisset,
1790 1659 1966 1692 edendo
2007 1671 2079 1693 eas

221 1739 520 1786 potissimum
554 1737 703 1771 tribus
731 1749 837 1782 quas
862 1748 943 1770 reo
969 1737 1117 1770 minus
1151 1745 1313 1779 aequas
1340 1733 1444 1766 sore
1476 1732 1798 1766 arbitraretur.
1851 1731 1937 1765 Sed
1964 1732 2080 1766 enim

225 1814 297 1847 Cn.
325 1810 512 1845 Plancio
549 1822 716 1843 summa
751 1815 794 1844 et
825 1809 1047 1855 religiosa
1081 1820 1177 1842 cum
1203 1807 1252 1841 M.
1281 1807 1439 1841 Tullio
1475 1806 1774 1840 familiaritas
1808 1809 1908 1839 erat
1932 1805 2078 1839 bene-

227 1887 354 1921 ficiis
392 1895 480 1916 non
512 1884 823 1917 mediocribus
858 1883 1080 1928 copulata.
1132 1881 1239 1916 Nam
1271 1893 1368 1914 cum
1393 1881 1432 1914 P.
1461 1879 1618 1913 Clodii
1649 1878 1828 1913 tribuni
1853 1878 1978 1924 plebi
2004 1879 2079 1912 in—

227 1959 351 1995 imici
385 1957 455 1990 sui
487 1956 592 2001 lege
627 1969 738 2002 aqua
772 1962 814 1990 et
845 1957 939 2001 igni
971 1955 1262 1989 interdictus
1288 1955 1402 1988 urbe
1433 1953 1656 1987 cessisset
1690 1957 1735 1985 et
1766 1950 2079 1986 Macedoniam

226 2033 446 2078 petisset,
496 2029 640 2063 nullis
681 2042 812 2075 opem
850 2029 1131 2072 ferentibus,
1183 2028 1258 2074 qui
1291 2027 1544 2061 clodianam
1583 2025 1839 2071 potentiam
1874 2026 2081 2069 grauiter

230 2102 610 2146 extimescebam,
647 2103 830 2148 prolixa
862 2103 1148 2147 benignitate
1183 2106 1225 2136 et
1257 2102 1353 2135 fide
1384 2111 1473 2134 non
1507 2099 1683 2133 minore
1715 2099 1978 2143 quaestoris
2005 2098 2080 2132 Cn.

229 2178 409 2213 l’lancii
449 2180 741 2210 sustentatus
786 2181 861 2210 est.
929 2175 1013 2209 Illo
1055 2176 1226 2221 quippe
1269 2185 1383 2208 anno
1425 2173 1503 2207 sub
1544 2172 1587 2206 L.
1628 2170 1827 2216 Apuleio
1867 2176 2082 2217 praetore

309 2356 338 2391 ι)
377 2353 455 2381 Tres
484 2352 575 2390 primi
603 2351 727 2381 coloriis
755 2351 896 2380 ductibus
918 2351 1024 2390 scripti
1045 2361 1150 2379 uersus
1171 2351 1339 2389 perierunt.
1380 2349 1631 2388 Supplcmcntnm
1652 2354 1751 2378 autem
1771 2357 1870 2377 meum
1889 2346 1987 2385 spatio
2008 2357 2084 2375 con-

327 2415 435 2444 gruum
454 2404 627 2434 faciendum
646 2405 761 2434 curaui.
800 2405 838 2433 A.
859 2405 976 2433 Mmcs.
