2185 2720
133 168 167 193 12
782 158 826 188 M.
861 156 1026 187 TULLI
1050 155 1336 186 CICERONIS
1362 157 1562 189 ORATIO

132 234 289 278 squalore
315 238 348 263 et
369 232 463 264 luctu
485 230 676 273 supplicem
696 230 806 264 uobis.
849 232 899 264 Hi
927 238 979 264 tot
1002 231 1132 273 equites
1162 229 1328 269 Romani,
1352 236 1403 262 tot
1433 231 1564 264 tribuni
1586 236 1723 268 aerarii:
1761 247 1841 268 nam
1875 237 2012 281 plebem

133 301 152 320 a
173 285 299 319 iudicio
325 284 532 323 dimisimus,
567 294 653 325 quae
681 291 801 316 cuncta
822 284 967 316 comitiis
991 283 1117 315 adfuit:
1142 282 1224 325 quid
1246 282 1396 323 roboris,
1427 283 1510 325 quid
1533 284 1704 328 dignitatis
1726 289 1826 321 huius
1853 290 2013 333 petitioni

134 339 356 373 adtulerunt?
401 337 482 368 Non
505 335 597 367 euim
621 337 751 369 tribum
773 337 1011 376 Terentinam,
1036 335 1078 367 de
1102 347 1167 378 qua
1189 334 1298 366 dicam
1321 335 1387 367 alio
1408 336 1503 377 loco,
1533 343 1585 369 set
1607 338 1820 381 dignitatem,
1850 349 1901 375 set
1931 354 2013 375 ocu-

133 395 249 425 lorum
272 389 480 428 coniectum,
508 394 559 420 set
580 389 723 421 solidam
746 396 780 421 et
801 389 976 420 robustam
999 394 1032 420 et
1054 388 1229 420 adsiduam
1253 387 1481 431 frequentiam
1501 391 1744 434 praebuerunt.
1788 394 1915 426 Nostra
1935 407 2015 427 mu·-

133 445 258 487 nicipia
282 441 520 474 coniunctione
546 442 649 473 etiam
670 441 853 474 uicinitatis
876 442 1099 473 uehementer
1120 448 1316 473 mouentur.

90 518 121 545 22
219 513 285 546 IX.
323 511 451 544 Omnia
473 522 558 554 quae
581 509 656 541 dico
680 509 722 540 de
734 509 883 549 Plancio,
907 509 1168 553 dico‘expertus
1190 509 1227 540 iu
1246 508 1361 541 nobis:
1383 521 1498 543 sumus
1521 512 1613 544 enim
1634 511 1783 544 finitumi
1804 512 2013 546 Atinatibus.

134 564 356 599 Laudandast
386 564 443 595 uel
473 564 575 595 etiam
601 562 745 594 amanda
768 562 942 602 uiciniam,
970 562 1118 594 retinens
1141 567 1294 593 ueterem
1316 561 1412 594 illam
1435 563 1526 595 offici
1546 564 1729 604 rationem,
1760 576 1829 596 non
1851 563 2016 597 inFuscata

133 617 391 657 maleuolentia,
417 628 486 648 non
509 615 647 646 adsueta
667 614 873 653 mendaciis,
894 626 965 646 non
990 614 1120 654 sucosa,
1143 626 1214 646 non
1235 614 1360 654 fallax,
1382 627 1452 647 non
1475 617 1608 648 erudita
1629 617 1771 649 artificio
1789 616 2014 648 simulationis

132 672 191 704 uel
213 670 406 703 suburbano
436 669 493 700 uel
524 667 626 699 etiam
648 668 790 699 urbano.
835 667 947 698 Nemo
975 667 1127 710 Arpinas
1161 679 1233 699 non
1254 668 1391 699 Plancio
1414 668 1562 709 studuit,
1591 681 1691 701 nemo
1715 670 1881 708 Soranus,
1912 680 2013 701 nemo

135 724 307 762 cassinas,
330 731 430 753 nemo
451 719 619 762 Aquinas.
664 721 807 752 Tractus
829 719 889 750 ille
912 719 1180 760 celeberrumus,
1212 719 1447 759 Uenafranus,
1473 720 1664 762 Allifanus,
1689 727 1760 752 tota
1783 721 1929 763 denique
1950 733 2016 753 110-

134 784 204 810 stra
225 777 286 807 illa
307 785 425 816 aspera
448 779 481 804 et
502 778 683 804 montuosa
709 778 743 803 et
764 772 873 804 fidelis
904 779 938 804 et
965 772 1112 814 simplex
1133 779 1166 803 et
1187 772 1317 804 fautrix
1340 784 1481 804 suorum
1503 774 1596 815 regio
1619 785 1654 805 se
1676 774 1777 805 huius
1803 774 1934 805 honore
1957 785 2016 805 01·—

134 829 225 869 nari,
249 839 284 860 se
307 826 424 869 augeri
447 825 610 868 dignitate
631 824 868 857 arbitrabatur.
910 825 1091 868 Isdemque
1112 836 1203 856 nunc
1225 836 1244 856 a
1265 824 1460 867 municipiis
1483 825 1606 858 adsunt
1628 826 1756 868 equites
1778 827 1925 858 Romani
1948 839 2016 870 pu-

136 1014 303 1043 titudinem
321 1021 418 1050 usque
441 1010 479 1039 ad
493 1011 609 1039 uiclstis
627 1009 660 1038 in
679 1010 722 1039 Pa
741 1009 851 1038 lacuna
868 1013 913 1038 est
933 1009 1024 1038 unius
1040 1009 1150 1045 lineae,
1170 1018 1271 1048 neque
1290 1014 1392 1038 tamen
1413 1008 1574 1047 quicquam
1595 1019 1702 1038 eorum
1717 1008 1919 1047 desideratur,
1937 1019 2014 1049 quae

135 1062 170 1089 in
192 1060 302 1090 ceteris
323 1058 483 1087 codicibus
504 1062 619 1086 extant.
641 1072 678 1081 -ι
726 1057 899 1095 supplicem
924 1057 1028 1096 uobis)
1048 1057 1095 1085 Lc
1115 1058 1269 1095 supplices
1289 1059 1386 1092 uotis,
1413 1057 1452 1095 χῖ)
1472 1058 1649 1094 supplicem.
1670 1057 1778 1086 Nobis.
1798 1072 1838 1079 ——

207 1113 265 1151 Hi)
286 1112 316 1140 D
338 1111 393 1139 Ιιὶἱ.
414 1125 452 1131 —-
489 1110 613 1150 aerarii)
634 1111 660 1138 E
681 1112 801 1146 (cerm-i,
823 1111 877 1138 Ma
895 1112 1042 1146 deretini,
1067 1110 1123 1139 Mb
1144 1111 1292 1145 aericini‚
1318 1110 1380 1145 ⁷Mc,
1425 1109 1485 1144 Lb,
1511 1113 1543 1136 et
1577 1108 1605 1136 O
1633 1110 1777 1144 aeritimi,
1810 1110 1840 1137 D
1873 1112 2014 1146 aer-itini,

132 1163 178 1190 Lc
202 1162 337 1194 aerinas,
357 1159 404 1186 La
417 1159 601 1186 αίίίηαὶιίινη
621 1168 691 1187 cum
711 1157 750 1195 gl.
770 1158 946 1192 attinatini,
967 1157 992 1186 C
1011 1157 1212 1192 Attinatiniz,
1234 1157 1267 1185 Η
1285 1157 1459 1191 Atinatini,
1479 1155 1507 1183 Τ
1530 1155 1721 1192 Aetinatini,
1742 1165 1777 1184 ov
1793 1161 1824 1184 et
1837 1157 1875 1194 23
1889 1159 2014 1193 aretini,

132 1208 173 1237 F1
197 1212 227 1235 et
246 1216 264 1235 2
289 1206 434 1241 Atatini,
454 1204 536 1233 Pith.
556 1207 714 1234 caeretini.
731 1219 768 1227 ·-
807 1204 990 1243 dimisimus)
1009 1205 1051 1234 F1
1073 1205 1249 1234 diuisimus.
1269 1219 1309 1225 —
1346 1201 1456 1241 adfuit)
1482 1202 1526 1239 E,
1553 1203 1619 1239 Mb,
1639 1204 1701 1240 Mc,
1722 1208 1753 1233 et
1772 1203 1803 1231 D
1823 1202 1935 1242 affuit,
1961 1204 2015 1233 Ma

132 1260 163 1284 et
181 1265 200 1293 χ
215 1264 226 1283 1
248 1253 363 1292 abfuit.
388 1267 425 1274 -
463 1251 646 1291 attulerunt)
668 1253 692 1281 C
713 1252 866 1280 attulerit.
887 1267 924 1274 —-

207 1305 303 1344 enim)
321 1306 368 1334 La
390 1315 448 1333 om.
468 1319 506 1326 -
543 1303 672 1343 tribum)
691 1305 735 1333 Pa
755 1309 786 1332 et
804 1313 846 1342 χι
877 1305 1014 1341 tribuni,
1039 1305 1064 1334 C
1096 1304 1260 1333 tribunum.
1276 1319 1314 1325 —
1353 1301 1568 1342 Terentinam)
1593 1304 1618 1332 B
1648 1308 1679 1333 et
1706 1304 1734 1332 E
1760 1302 1804 1342 (et
1828 1303 1865 1332 hi
1891 1302 2014 1342 quidem

133 1352 340 1390 constanter),
360 1353 432 1387 Mb,
454 1352 517 1387 Mc,
535 1352 584 1387 D,
608 1352 652 1388 O,
673 1363 708 1388 ς,
729 1357 760 1380 et
779 1362 815 1390 χι
850 1353 1042 1388 Teretinam,
1062 1353 1117 1381 Ma
1137 1353 1358 1386 terentianum,
1378 1350 1425 1379 La
1445 1353 1641 1387 tetenimam,
1660 1351 1710 1379 Lb
1735 1352 1960 1380 Tarentinam.
1977 1366 2016 1373 —

133 1399 325 1439 dignitatem)
345 1409 364 1437 χ
381 1398 449 1439 (sic)
469 1401 643 1428 ueritatem.
662 1413 701 1419 -—
738 1399 792 1427 sed
815 1399 992 1438 oculorum)
1020 1399 1106 1428 Uict.
1127 1400 1148 1428 b
1167 1399 1202 1426 in
1229 1397 1335 1426 codice
1356 1409 1372 1426 c
1390 1409 1448 1436 pro
1467 1398 1523 1426 sed
1538 1404 1644 1427 extare
1670 1408 1731 1425 non
1757 1399 1888 1427 monuit.
1907 1414 1944 1421 —
1982 1403 2014 1427 et

132 1449 291 1478 robustam
311 1452 343 1475 et
361 1445 523 1485 assiduam)
543 1446 596 1474 Ma
618 1452 646 1474 et
666 1446 832 1474 adsiduam
852 1452 881 1474 et
901 1447 1068 1476 robustam.
1088 1461 1127 1467 —-·
1163 1444 1387 1484 praebuerunt)
1410 1455 1445 1483 χι
1467 1450 1499 1473 et
1518 1446 1536 1474 3
1552 1446 1738 1475 tribuerunt.
1756 1458 1796 1466 —-

208 1500 325 1529 Nosffa
343 1497 526 1537 municipia)
548 1498 598 1526 Sic
621 1499 647 1527 B
668 1504 699 1528 et
717 1499 764 1536 E;
784 1499 881 1528 ceteri
900 1500 971 1529 Iam
990 1501 1171 1536 municipia.
1191 1513 1229 1520 —-·
1267 1497 1499 1537 coniunctione)
1525 1508 1559 1536 χι
1583 1500 1794 1526 conuentione.
1813 1513 1852 1518 —
1884 1499 2015 1527 mouenss

133 1547 197 1588 tur)
217 1548 242 1576 C
263 1553 440 1578 monentur,
461 1554 487 1585 ψ
507 1551 655 1574 mouetur.
674 1562 711 1568 —

209 1600 243 1629 C.
265 1600 324 1628 IX.
363 1597 388 1638 §.
409 1609 454 1628 22.
493 1599 528 1626 in
547 1597 651 1637 nobis)
671 1599 715 1627 Pa
735 1600 769 1627 in
788 1599 882 1627 uobis.
902 1613 941 1619 —
967 1598 1063 1638 euim)
1082 1599 1115 1628 H
1135 1609 1254 1633 omneS,
1281 1598 1321 1637 23
1340 1608 1398 1626 om.
1418 1614 1457 1619 —
1484 1597 1678 1636 Atinatibus)
1696 1599 1749 1627 Mc
1769 1598 2015 1628 attinatibzw.-

132 1647 303 1678 Laudanda
323 1646 380 1684 est)
399 1646 446 1674 La
466 1651 496 1674 et
530 1646 572 1674 Γι
595 1646 758 1674 laudanda
778 1652 823 1674 est
843 1648 939 1681 enim,
961 1646 1010 1673 Lb
1031 1646 1202 1675 laudanda.
1222 1661 1260 1668 —
1298 1645 1435 1684 amanda)
1459 1655 1494 1683 χι
1518 1655 1577 1673 om.
1597 1660 1635 1665 —
1671 1645 1828 1685 uicinitas)
1854 1645 1904 1673 Lb
1931 1647 2015 1674 uici-

133 1698 218 1724 nitas
238 1701 291 1724 est.
311 1709 348 1716 —
386 1693 483 1732 illam)
504 1693 555 1721 Sic
575 1693 615 1728 B;
636 1693 693 1728 Le,
713 1692 754 1728 H,
776 1698 807 1720 et
826 1699 852 1730 ψ
872 1694 982 1726 imus,-
1002 1693 1099 1721 ceteri
1121 1703 1189 1722 cum
1204 1692 1309 1731 Eybio
1327 1693 1423 1720 illum.
1442 1707 1480 1714 —-
1511 1691 1675 1731 rationem)
1697 1692 1747 1720 Sic
1763 1702 1818 1730 ego
1839 1692 2015 1729 emendaui;
2043 1694 2045 1698 ⁴

132 1744 158 1771 B
179 1748 328 1777 mentem,
349 1741 373 1769 C
394 1751 545 1776 amorem,
565 1739 661 1768 ceteri
684 1749 752 1767 cum
773 1739 877 1777 Eybio
905 1750 1025 1769 morem.
1044 1756 1082 1762 ·—
1119 1751 1184 1770 non
1210 1739 1374 1778 infuscata)
1401 1741 1463 1775 Mc,
1490 1739 1546 1775 La,
1578 1744 1609 1768 ct
1634 1747 1661 1778 ψ
1685 1741 1720 1768 in
1756 1749 1817 1767 non
1843 1738 2016 1777 infuscata,

134 1790 160 1818 C
180 1800 242 1817 non
268 1787 432 1827 officscata.
451 1803 489 1809 —
527 1785 757 1825 maleuolentia)
776 1786 814 1822 Ε,
835 1788 898 1822 Ma,
917 1787 984 1823 Mb,
1003 1788 1066 1823 Mc,
1086 1788 1127 1824 D,
1149 1789 1188 1825 O,
1210 1788 1249 1824 G,
1268 1788 1331 1824 Er„
1351 1792 1382 1815 et
1401 1786 1500 1815 codex
1519 1786 1628 1815 Lamb.
1651 1787 1875 1816 maliuolentia.
1889 1801 1927 1807 —
1964 1787 2016 1816 fu-

135 1835 218 1875 cosa)
239 1835 289 1863 Sic
309 1836 334 1863 B
355 1840 385 1863 et
404 1836 447 1872 E3
468 1835 564 1864 ceteri
577 1836 707 1873 fucata.
726 1848 765 1855 ·—·
802 1833 854 1861 uel
875 1833 968 1862 etiam
986 1834 1120 1874 urbano)
1139 1835 1260 1874 Eybius
1281 1836 1333 1863 uel
1351 1834 1478 1862 urbano.
1498 1849 1535 1856 ·-·

211 1886 358 1923 Soranus)
377 1888 414 1923 E,
434 1888 496 1922 Ma,
515 1887 581 1923 Mb,
601 1888 652 1922 Pa,
672 1887 728 1922 Pb,
748 1887 800 1922 Pe,
821 1886 863 1922 D,
884 1886 923 1922 O,
945 1887 980 1922 C,
999 1897 1027 1922 ς,
1055 1896 1109 1925 χι,
1142 1894 1179 1926 ψ,
1199 1893 1230 1917 et
1251 1887 1276 1915 F
1304 1885 1373 1926 (sic)
1400 1888 1559 1924 Sopamzs,
1586 1887 1639 1915 Mc
1659 1888 1817 1924 soparius,
1848 1885 1876 1914 T
1902 1886 2018 1925 Yelpa-

135 1946 203 1966 nus.
222 1949 260 1957 --
300 1933 451 1970 Cassinas)
472 1934 522 1961 Sic
543 1935 577 1969 B,
597 1935 660 1969 Ma,
680 1934 747 1969 Mb,
766 1935 829 1970 Mc,
849 1934 906 1970 La,
926 1935 978 1970 Pa,
998 1934 1050 1970 Pe,
1070 1934 1112 1970 D,
1140 1934 1179 1971 O,
1201 1934 1240 1971 G,
1261 1934 1296 1970 C,
1317 1940 1347 1962 et
1367 1934 1392 1961 F
1419 1932 1504 1972 (sic);
1532 1933 1628 1963 ceteri
1649 1934 1789 1962 Casinas,
1807 1948 1846 1955 ·—-
1884 1933 2017 1962 Tractus

133 1983 202 2021 ille)
230 1981 281 2010 Sic
308 1982 334 2010 B
355 1985 386 2008 et
405 1981 448 2016 E;
479 1981 540 2015 Ma,
561 1982 627 2017 Mb,
647 1982 708 2017 Mc,
730 1982 787 2016 La,
806 1981 867 2017 Lb,
887 1981 944 2016 Lo,
967 1981 1019 2016 Pa,
1039 1981 1094 2016 Pb,
1114 1982 1166 2017 Pc,
1186 1983 1228 2018 D,
1249 1982 1291 2018 O,
1312 1981 1383 2016 Ox„
1406 1980 1444 2016 G,
1466 1985 1496 2008 et
1515 1981 1566 2009 Br.
1587 1986 1670 2008 totus
1689 1981 1765 2014 ille,·
1792 1980 1877 2009 Uict.
1899 1991 1915 2009 a
1934 1987 2017 2009 totus

134 2031 187 2058 ille
215 2035 353 2061 tractas,
386 2028 420 2056 id
440 2028 521 2066 quod
547 2028 643 2056 ceteri
669 2028 745 2056 libri
772 2028 874 2056 uideri
900 2033 1030 2066 possunt
1057 2026 1180 2057 habere.
1201 2043 1239 2053 -α
1277 2027 1486 2065 Uenafranus)
1512 2028 1564 2063 Pa,
1582 2027 1624 2063 D,
1645 2032 1675 2056 et
1697 2027 1721 2056 C
1753 2027 1961 2066 Uenefranzw.
1980 2041 2018 2051 —-

134 2075 304 2115 Allifanus)
324 2075 351 2103 Ε
372 2077 542 2111 allisanus,
563 2076 625 2111 Mc,
645 2075 696 2111 Pa,
716 2075 757 2111 D,
777 2080 808 2103 et
830 2075 854 2103 C
876 2075 1047 2113 Alifanzcs,
1067 2083 1094 2113 ψ
1115 2076 1307 2114 Alli-finnus,
1325 2090 1364 2096 —
1401 2080 1468 2103 tota
1494 2074 1640 2114 denique)
1666 2076 1711 2104 Pb
1746 2081 1777 2104 et
1805 2075 1849 2103 Pc
1888 2075 2019 2113 denique

137 2130 213 2154 tota.
232 2139 269 2145 —
307 2128 414 2152 nostra
433 2122 500 2162 illa)
520 2124 546 2151 E
568 2133 588 2150 α
609 2129 715 2151 nostra
734 2124 802 2156 ita,
827 2123 881 2151 {Ma
901 2127 932 2150 et
958 2123 1001 2150 Pa
1026 2123 1082 2150 illa
1109 2128 1233 2156 nostra,
1264 2122 1295 2151 D
1318 2128 1424 2151 uestra
1448 2123 1515 2152 illa.
1534 2138 1572 2144 -—
1609 2121 1784 2161 montuosa)
1811 2122 1845 2150 H
1869 2128 2017 2155 montosa,

137 2171 175 2208 23
195 2171 338 2198 modiosa.
357 2185 396 2192 ——
415 2175 445 2198 et
466 2168 595 2208 fautrix)
614 2170 659 2198 Pb
679 2176 737 2198 aut
748 2169 889 2207 fautrix.
909 2184 948 2190 —-
967 2168 1013 2208 se)
1034 2169 1060 2197 E
1081 2170 1142 2198 sed.
1161 2184 1200 2192 ——
1218 2168 1310 2197 liuius
1331 2168 1450 2199 honore
1471 2169 1587 2209 ornari)
1613 2171 1658 2200 Pb
1679 2175 1711 2199 et
1729 2172 1771 2199 Pc
1797 2169 1892 2198 huius
1911 2169 2019 2197 ornari

139 2218 267 2253 honore,
287 2217 318 2244 D
343 2217 456 2244 honore
475 2216 570 2245 huius
592 2219 708 2245 ornari.
728 2232 765 2239 -—
803 2216 1024 2254 arbitrabatur)
1043 2217 1099 2252 La,
1118 2216 1176 2253 Lc,
1194 2215 1236 2252 D,
1255 2216 1317 2251 Br.‚
1336 2216 1378 2252 H,
1400 2223 1430 2245 et
1451 2226 1476 2255 ψ
1496 2218 1744 2246 arbitrabantur.
1762 2232 1800 2239 -

213 2269 399 2307 Iisdemque)
418 2269 466 2297 La
485 2275 578 2308 atque
597 2279 666 2298 cum
686 2269 724 2307 gl.
745 2269 931 2307 iisdemque,
950 2271 1003 2298 Mc
1023 2269 1133 2298 iisdem
1153 2274 1262 2306 atque,
1283 2269 1326 2297 Pa
1345 2270 1371 2296 is
1391 2270 1540 2308 (lenique,
1559 2278 1587 2308 ’ψ
1607 2273 1646 2299 iis
1667 2271 1813 2308 deniqne,
1833 2268 1881 2296 Fl
1901 2267 2018 2305 hisque.

141 2332 178 2338 -
198 2317 293 2354 nunc)
312 2318 366 2345 Ma
385 2327 456 2346 non.
475 2332 515 2337 —
552 2315 580 2355 a)
600 2317 638 2352 E,
659 2318 721 2352 Mc,
741 2317 797 2352 La,
819 2317 876 2352 Le,
897 2318 932 2353 C,
952 2317 994 2352 H,
1013 2325 1050 2354 ψ,
1070 2317 1095 2344 F
1108 2326 1132 2352 1,
1152 2320 1183 2344 et
1202 2315 1254 2343 Br.
1276 2325 1330 2350 ατς
1350 2316 1411 2352 Ma,
1431 2318 1497 2353 Mb,
1517 2318 1577 2354 Lb,
1597 2318 1652 2353 Pb,
1673 2317 1725 2353 Pc,
1743 2317 1785 2351 D,
1806 2314 1844 2350 O,
1865 2313 1904 2349 G,
1924 2323 1970 2349 ου,
1988 2325 2017 2354 ς,

142 2369 174 2392 et
200 2372 236 2401 χι
258 2373 292 2397 e;
326 2364 369 2391 Pa
389 2370 453 2398 est,·
485 2364 524 2402 χῖ)
549 2369 586 2392 et.
607 2379 643 2386 —
682 2363 812 2402 equites)
831 2364 884 2392 Mc
905 2374 963 2392 om.
984 2378 1021 2386 —
1060 2362 1194 2391 Romani
1212 2363 1339 2401 publice
1366 2363 1447 2403 cum)
1467 2365 1529 2401 Ma,
1549 2375 1594 2401 ου,
1613 2375 1640 2399 ς,
1666 2373 1700 2402 χι
1713 2385 1721 2399 ,
1740 2367 1771 2390 et
1789 2362 1807 2390 3
1832 2371 1857 2389 r.
1874 2371 1908 2397 p.
1929 2371 2018 2396 ωιτη,-

142 2411 173 2440 D
194 2420 227 2438 re
243 2419 274 2447 p.
295 2420 383 2444 cum,·
402 2411 451 2439 La
469 2417 500 2440 et
520 2411 569 2439 Lb
589 2413 635 2439 rei
649 2411 797 2449 publicae
816 2421 903 2448 eum,
929 2416 976 2440 set
995 2411 1029 2439 in
1048 2410 1096 2440 La
1113 2411 1359 2450 superscriptum
1379 2414 1502 2441 romani
1516 2413 1669 2450 plurimi;
1694 2409 1760 2444 Mb,
1779 2408 1836 2444 Le,
1854 2412 1885 2436 et
1904 2408 1936 2437 H
1954 2409 2018 2439 Ro-

137 2458 225 2488 mani
238 2457 375 2495 plurimi
394 2467 483 2492 cum,·
502 2458 554 2487 Mc
577 2462 608 2487 et
628 2458 673 2487 1³2
699 2458 836 2487 Romani
855 2468 934 2488 cum.
953 2473 991 2480 —
