2185 2720
912 125 937 155 C
957 125 985 154 A
1007 125 1047 155 P.
1087 124 1194 154 XVII.
1214 122 1242 164 §.
1264 130 1309 156 41.
1995 133 2050 159 12¹7

241 201 378 234 Eclitici
401 200 543 242 indicis)
587 200 670 232 Bau.
694 201 856 239 aedifici,
879 199 913 232 h.
935 211 964 231 e.
988 200 1132 238 editicii,
1158 198 1249 241 quod
1273 211 1348 230 cum
1373 200 1408 231 in
1432 198 1505 231 Erf.
1530 201 1698 233 Graeuius
1723 201 1929 244 repperisset
1950 207 2050 243 atque

161 253 345 297 probasset,
370 265 430 284 cur
452 265 521 284 non
547 253 724 294 receperit,
748 253 873 285 nescio.
919 252 1058 284 Seruius
1081 253 1122 284 ad
1149 254 1254 295 Uerg.
1278 253 1338 284 III.
1363 253 1435 284 Ecl.
1462 254 1512 285 50.
1537 255 1716 286 Editicius
1740 255 1845 286 iudex
1868 261 1928 293 est,
1953 267 2052 298 quem

161 319 232 339 una
251 319 336 350 pars
360 306 480 349 eligit3
505 305 688 346 locumque
710 305 922 348 superiorem
945 305 1056 337 adfert
1078 318 1121 337 ex
1145 318 1216 349 cap.
1238 306 1298 343 15„
1326 304 1380 335 cui
1402 306 1503 348 plane
1526 307 1646 338 similis
1670 307 1725 337 hic
1749 318 1818 338 esse
1842 307 1951 338 debet·
1976 308 2052 338 GA-

161 368 364 391 RAToNlcs.
410 359 536 390 Ueram
561 368 649 394 esse,
676 369 776 400 quam
801 358 1007 390 Garatonius
1032 359 1207 401 probauit,
1235 358 1439 400 scripturam
1467 360 1586 390 editici
1610 360 1753 397 iudicis,
1778 359 1834 390 uel
1857 360 1928 391 sola
1952 372 2053 402 prae-

162 411 459 443 stantissumorum
492 408 664 449 codicum,
698 410 938 449 Ambrosiani,
971 411 1070 450 Bau.,
1107 417 1140 442 et
1163 408 1255 448 Erf.,
1291 409 1491 441 auctoritate
1514 410 1592 441 satis
1622 422 1792 453 superque
1821 412 2052 443 confirmatur.

163 463 234 495 Cfr.
259 464 391 503 Proleg.
414 463 456 493 L.
479 461 506 492 I.
532 462 570 493 C.
594 463 654 493 ΙΙΙ.
680 463 709 504 §.
735 474 764 494 2.
795 474 829 504 p.
853 463 973 494 XIX..
1019 463 1197 494 Consentit
1219 468 1331 493 autem
1356 462 1391 494 A
1413 474 1489 493 cum
1513 463 1539 493 B
1564 468 1597 493 et
1620 463 1666 501 E,
1704 463 1781 493 licet
1803 463 1872 494 leui
1896 475 1972 494 cum
1998 475 2054 494 er-

161 526 241 547 rore
273 515 452 547 editicium
480 524 541 555 pro
572 516 693 546 editici
723 515 887 557 scriptum
919 516 1050 547 habeat.
1095 514 1255 553 Accedit,
1293 513 1382 555 quod
1413 515 1549 556 uolgata
1576 515 1760 557 scriptura,
1796 517 1882 547 editi
1913 516 2053 554 iudicis,

160 579 179 599 a
202 568 268 600 loci
300 566 466 598 sententia
496 577 636 608 prorsus
666 567 838 598 abhorret.
882 569 972 599 Nam
996 568 1082 599 editi
1104 567 1231 598 iudices
1262 566 1364 597 etiam
1388 566 1413 596 ii
1437 574 1549 607 erant,
1584 567 1642 609 qui
1667 567 1797 598 dudum
1819 568 2055 598 iudicauerant

161 632 206 652 cx
228 621 302 662 lege
323 619 490 658 Seruilia,
528 630 594 660 qua
617 625 650 649 et
671 620 799 661 petitor
829 625 862 650 et
883 631 960 650 reus
984 631 1027 651 ex
1052 620 1147 651 CDL
1170 618 1272 658 uiris,
1309 619 1367 660 qui
1392 620 1571 661 quotannis
1601 619 1812 658 iudicabant,
1848 620 1874 650 C
1899 620 2054 657 edebant,

160 674 208 705 sic
229 679 268 704 ut
290 683 367 703 reus
391 682 435 702 ex
458 671 502 711 C,
528 682 611 713 quos
635 671 763 713 petitor
785 671 953 711 ediderat,
980 673 1028 711 L,
1053 672 1265 713 totidemque
1283 672 1412 714 petitor
1435 683 1478 702 ex
1500 672 1559 709 iis,
1583 682 1665 713 quos
1689 683 1766 703 reus
1789 671 1958 711 ediderat,
1984 673 2055 703 rei-

158 731 262 757 ceret.
306 726 424 766 Itaque
453 729 620 755 necessest
650 723 691 754 de
714 724 882 755 iudicibus
906 723 1048 756 editiciis
1082 725 1137 756 hic
1160 736 1272 756 sermo
1301 724 1361 763 sit,
1399 724 1457 766 qui
1483 724 1596 766 quales
1620 723 1764 761 suerint,
1798 735 1818 754 a
1839 736 1894 756 me
1918 725 2052 766 Proleg.

160 779 202 810 L.
226 778 286 809 III.
313 778 351 808 C.
376 778 436 808 ΠΙ.
461 777 493 818 §.
516 777 547 808 5.
570 787 604 818 p.
628 776 788 808 LXXYI
811 787 883 817 sqq.
911 775 1081 808 dictumst.
1126 776 1215 808 Leui
1245 782 1359 807 tamen
1383 787 1517 815 errore,
1553 777 1587 807 in
1611 788 1711 818 quem
1737 777 1910 808 Ciceronis
1940 776 2054 808 uerbis

159 830 276 862 induci
305 840 359 860 me
388 840 504 871 passus
535 840 628 866 sum,
666 829 713 859 ibi
743 827 900 859 contendi
934 828 1060 861 iudices
1093 830 1245 860 editicios
1279 840 1335 860 eos
1362 840 1432 860 esse
1456 829 1579 867 dictos,
1616 828 1676 871 qui
1698 828 1740 859 ab
1763 834 1981 860 accussatore
2003 829 2055 860 ita

151 883 310 929 fuissent
333 881 515 914 constituti
537 886 577 913 ut
598 893 696 912 nemo
718 893 836 913 eorum
856 881 898 912 ab
915 893 972 914 reo
995 883 1081 914 reici
1100 887 1227 926 posset.
1273 881 1422 914 Uidetur
1445 882 1510 912 hoc
1532 880 1720 912 necessario
1745 880 1830 910 effici
1853 881 1905 911 his
1928 880 2054 919 uerbis,

161 947 247 979 quae
270 935 405 968 Tullius
429 934 458 974 §.
482 932 534 964 41.
558 933 691 974 posuitz
715 945 776 965 nos
798 946 907 977 neque
929 947 970 966 ex
993 935 1134 966 delectis
1157 934 1351 972 iudicibus,
1381 940 1431 966 set
1454 946 1494 966 ex
1518 934 1612 966 omni
1631 933 1783 976 p0p11l03
1815 944 1923 976 neque
1946 934 2054 964 editos

160 989 208 1021 ad
235 986 464 1024 reiciendum,
497 990 550 1016 ,set
581 984 623 1017 ab
645 991 865 1017 accus-satore
894 988 1100 1019 constitutos
1128 987 1258 1018 iudices
1290 987 1342 1018 ita
1361 985 1540 1029 feremus,
1578 992 1617 1018 ut
1646 985 1815 1016 neminem
1845 986 2055 1017 reiciamzis?

161 1043 219 1072 Set
241 1046 320 1072 sunt
340 1039 423 1070 haec
449 1048 601 1079 quoque,
634 1043 673 1068 ut
693 1037 802 1068 multa
824 1039 906 1078 alia,
939 1051 1024 1081 quae
1047 1039 1111 1071 hoc
1133 1039 1243 1081 capite
1266 1038 1402 1070 Tullius
1427 1038 1522 1077 dicit,
1558 1038 1707 1069 oratorio
1730 1048 1827 1068 more
1850 1043 1882 1068 et
1905 1049 1980 1068 cum
2004 1037 2055 1068 rei

159 1091 422 1135 amplificatione
453 1090 558 1128 dicta3
593 1090 702 1121 ueluti
731 1091 797 1121 hoc
826 1090 956 1132 ipsum,
993 1091 1084 1133 quod
1108 1091 1236 1122 iudices
1259 1102 1277 1121 a
1299 1092 1486 1122 Laterense
1509 1091 1707 1122 constitutos
1739 1101 1783 1121 cx
1807 1089 1901 1120 omni
1924 1090 2054 1132 populo

161 1146 309 1176 delectos
339 1155 409 1175 esse
437 1142 500 1182 ait,
538 1153 622 1184 quos
654 1154 697 1173 ex
726 1142 835 1174 tribus
864 1148 996 1173 tantum
1030 1139 1186 1174 tribubus
1216 1142 1320 1174 fuisse
1344 1143 1491 1174 delectos
1519 1149 1610 1174 certo
1635 1143 1768 1174 scimus.
1818 1142 1889 1174 Cfr.
1920 1142 2055 1184 Proleg.

159 1209 194 1242 p.
218 1197 377 1229 LXXVI
400 1206 489 1237 sqq..
534 1195 624 1227 Nam
649 1194 706 1236 qui
730 1194 867 1225 tandem
890 1194 1017 1227 iudices
1041 1196 1104 1235 illi,
1130 1207 1213 1237 quos
1237 1207 1348 1237 nuper
1372 1196 1489 1227 tulisse
1513 1196 1594 1227 ciuis
1617 1196 1830 1227 clarissumos
1854 1201 1964 1237 negat,
1990 1194 2056 1225 dici

161 1249 295 1282 editicii
317 1253 520 1291 potuerunt,
550 1247 578 1278 si
599 1258 681 1277 uera
704 1253 806 1286 esset,
839 1258 941 1288 quam
964 1258 1040 1279 cum
1065 1248 1230 1279 Cicerone
1257 1247 1349 1284 dedi,
1381 1247 1551 1286 definitio,
1585 1259 1661 1279 cum
1684 1248 1756 1290 ipse
1780 1248 1913 1286 doceat,
1952 1246 2056 1278 fuisse

161 1314 236 1341 eos,
260 1312 343 1343 quos
368 1299 449 1330 dicit
471 1299 647 1338 editicios,
677 1299 922 1341 quinquaginta
943 1299 1040 1340 illos,
1068 1313 1151 1343 quos
1174 1300 1347 1331 rettulerit
1370 1312 1466 1338 rens,
1494 1311 1569 1331 cuin
1594 1312 1637 1331 ex
1662 1301 1816 1340 CXXV,
1841 1300 1881 1330 ab
1904 1311 2056 1331 accussa-

159 1361 236 1387 tore
256 1353 372 1391 editis,
405 1351 549 1384 LXXV
569 1351 764 1384 reiecisset?
808 1353 926 1394 ltaque
952 1352 999 1383 sic
1021 1353 1135 1395 potius
1158 1352 1396 1392 statuendum,
1437 1351 1543 1383 dictos
1567 1364 1637 1383 esse
1658 1352 1785 1384 iudices
1811 1352 1962 1384 editicios
1987 1365 2054 1392 eos,

161 1407 220 1450 qui
253 1418 273 1438 a
294 1406 367 1438 solo
396 1409 507 1435 essent
534 1410 743 1435 accussatore
773 1404 855 1435 editi
885 1405 950 1445 ita,
982 1411 1022 1436 ut
1043 1411 1154 1436 certus
1180 1410 1313 1436 tantum
1343 1416 1462 1436 eorum
1486 1417 1650 1436 numerus
1681 1405 1721 1435 ab
1743 1417 1801 1436 reo
1824 1404 1907 1435 reici
1930 1410 2054 1446 posset.

159 1461 252 1493 Nam
281 1456 445 1490 reiciendi
469 1455 609 1487 facultas
642 1457 744 1488 etiam
771 1468 814 1488 ex
837 1457 911 1499 lege
933 1457 1067 1488 Licinia
1091 1458 1166 1489 data
1198 1463 1270 1488 erat
1291 1468 1368 1495 reo,
1403 1469 1480 1488 cum
1507 1469 1550 1489 ex
1575 1463 1735 1499 quattuor
1759 1457 1935 1495 tribubus,
1973 1468 2054 1499 quas

161 1510 314 1542 ediderat
344 1514 549 1547 accussator,
585 1520 689 1540 unam
720 1509 873 1540 reiceret.
918 1509 1009 1542 Uide
1030 1510 1162 1550 Proleg.
1189 1521 1223 1552 p.
1250 1510 1411 1542 LXXVI
1435 1521 1504 1552 sq..
1549 1509 1588 1540 Id
1612 1521 1695 1541 uero
1721 1510 1838 1542 Cicero
1869 1510 1970 1552 plane
1999 1510 2055 1542 hic

161 1562 370 1601 dissimulat,
401 1572 467 1603 quo
491 1561 659 1600 acerbius,
692 1561 782 1603 quod
804 1562 840 1593 in
863 1562 1039 1593 Plancium
1062 1562 1301 1601 exercebatur,
1333 1562 1438 1593 iudici
1461 1573 1565 1604 genus
1589 1562 1783 1602 uideretur,
1816 1562 2055 1594 reiectionem-

162 1627 227 1658 que
252 1615 347 1647 illam
370 1614 500 1645 nullam
522 1613 658 1644 simulat
682 1625 763 1645 csse.
809 1615 1013 1647 Tenendum
1037 1621 1161 1654 autem,
1187 1616 1223 1646 in
1246 1614 1388 1656 reliquis
1408 1615 1564 1648 omnibus
1587 1614 1721 1647 iudiciis
1744 1621 1778 1646 et
1800 1628 1859 1647 reo
1883 1622 1916 1648 et
1938 1627 2055 1649 accus-

159 1667 263 1700 satori
287 1665 410 1697 edendi
431 1665 663 1708 reiciendique
686 1667 838 1698 iudicum
864 1674 1066 1709 potestatem
1088 1667 1193 1699 fuisse
1216 1679 1418 1699 concessam.

242 1720 380 1753 Nomen
403 1719 523 1752 editici
545 1719 672 1752 iudicis
694 1732 762 1752 non
786 1721 957 1763 tulerunt)
1002 1723 1084 1753 Non
1106 1726 1360 1759 concesserunt,
1394 1726 1432 1751 ut
1453 1726 1642 1752 accussator
1664 1719 1790 1752 iudices
1815 1721 1967 1753 editicios
1990 1723 2054 1753 ha-

159 1774 273 1813 beret,
311 1771 403 1814 quod
423 1770 558 1802 Manuti
582 1782 695 1803 caussa
717 1784 859 1812 moneo,
895 1774 953 1815 qui
977 1774 1011 1805 in
1034 1780 1115 1805 nota
1138 1784 1207 1815 seq.
1231 1773 1314 1804 haec
1337 1773 1425 1803 male
1447 1773 1689 1815 interpretatus
1713 1779 1773 1803 est.
1818 1773 2053 1816 Repetendam

161 1832 274 1857 tamen
305 1824 377 1855 eius
405 1822 447 1854 ad
470 1823 562 1854 hunc
588 1823 721 1864 locum,
756 1831 795 1856 ut
816 1825 857 1856 ad
882 1826 1130 1864 obscuriorem,
1164 1825 1418 1857 adnotationem
1447 1825 1585 1869 putaui,
1624 1825 1701 1857 licet
1724 1836 1880 1857 errorum
1902 1826 2051 1868 plenam,

162 1889 238 1909 cum
261 1887 330 1907 non
353 1887 421 1906 una
443 1875 484 1905 de
507 1875 578 1907 eius
601 1887 700 1907 seusu
726 1876 897 1909 editorum
922 1879 1088 1910 sententia
1110 1878 1164 1909 sit.

245 1928 332 1961 Cum
353 1940 393 1960 ex
415 1927 560 1961 CXXV
582 1928 774 1969 iudicibus,
800 1931 1021 1975 prz'ricilfibus
1050 1931 1219 1975 equestris
1247 1931 1399 1969 ordinis,
1434 1930 1585 1974 quinque
1607 1935 1640 1962 et
1662 1929 1775 1962 LXX
1794 1942 1873 1962 reus
1896 1932 2051 1970 reiceret‚

162 1982 197 2016 L
221 1980 381 2024 referret)
424 1981 505 2011 Nou
537 1985 587 2011 est
613 1980 838 2022 credendum,
875 1984 940 2015 hoc
962 1990 1116 2027 tempore
1139 1984 1206 2015 lata
1228 1982 1296 2014 iam
1318 1983 1463 2015 Aurelia
1490 1983 1582 2024 lege,
1618 1994 1703 2025 quae
1730 1982 1855 2013 iudicia
1878 1982 1966 2014 inter
1989 1983 2051 2015 tris

161 2033 297 2066 ordines
321 2032 595 2072 conmunicabat,
622 2034 733 2065 solum
756 2042 947 2077 equestrem
971 2036 1126 2067 ordinem
1149 2034 1331 2074 iudicasse3
1361 2041 1411 2067 set
1434 2041 1483 2066 est
1502 2035 1785 2078 intellegendum,
1817 2041 1928 2066 totum
1950 2036 2050 2067 illum

160 2097 344 2118 numerum
372 2085 525 2127 equitum
547 2086 799 2128 Romanorum,
836 2089 893 2131 qui
924 2089 1067 2121 diuersis
1091 2088 1224 2120 iudiciis
1248 2088 1413 2130 adsignati
1442 2094 1555 2126 erant,
1590 2087 1693 2119 fuisse
1717 2088 1872 2125 CXXV3
1908 2099 1985 2119 cum
2009 2088 2050 2120 iis

160 2145 337 2183 praeterea
363 2144 533 2169 senatores
564 2144 598 2169 et
618 2139 773 2172 tribunos
804 2142 951 2173 aerarios
978 2141 1162 2179 iudicasse3
1196 2152 1294 2172 reum
1323 2147 1438 2171 autem
1461 2152 1505 2172 ex
1529 2141 1667 2172 CXXV
1689 2139 1856 2172 iudicibus
1884 2141 2049 2182 equestris

162 2191 292 2224 ordinis
322 2190 473 2233 potuisse
498 2189 627 2222 reicere
655 2192 804 2234 quinque
832 2199 865 2224 et
895 2194 1016 2233 LXX,
1052 2200 1085 2225 et
1105 2195 1137 2225 L
1160 2192 1307 2231 referre3
1354 2189 1524 2224 referebat
1553 2200 1666 2225 autem
1696 2205 1752 2224 eos
1781 2193 1890 2234 ipsos,
1926 2192 1985 2234 qui
2007 2192 2049 2224 de

163 2244 302 2277 CXXV
331 2248 549 2286 supererant,
583 2243 642 2285 qui
664 2244 808 2288 demptis
833 2246 976 2278 LXXV
999 2253 1096 2278 erant
1117 2247 1159 2278 L.
1206 2246 1319 2287 Quam
1341 2252 1542 2288 potestatem
1572 2246 1651 2278 licet
1675 2257 1751 2277 reus
1782 2244 1939 2284 haberet,
1977 2245 2048 2276 eius

162 2303 275 2328 tamen
297 2296 414 2336 amici,
438 2296 626 2327 clarissumi
648 2296 755 2336 ciues,
778 2309 903 2329 nomen
927 2298 1009 2329 editi
1027 2298 1147 2330 iudicis
1170 2298 1207 2329 in
1229 2310 1266 2329 ea
1289 2309 1403 2329 caussa
1424 2310 1493 2330 non
1516 2299 1680 2330 tulerunt.
1723 2297 1791 2330 Hic
1810 2308 1946 2338 quaero,
1970 2308 2048 2328 cum

165 2349 254 2381 dicat
282 2350 418 2388 Cicero,
454 2361 575 2381 nomen
604 2349 690 2381 editi
720 2350 866 2388 iudicis,
902 2361 946 2381 ex
977 2362 1044 2393 quo
1073 2351 1193 2382 ordine
1223 2351 1406 2382 ederentur
1433 2351 1474 2382 ab
1504 2357 1711 2382 accussatore
1739 2349 1792 2380 illi
1813 2349 1959 2388 iudices3
2003 2360 2047 2380 ex

164 2402 312 2444 equestri
334 2402 522 2434 uerisimile
542 2401 605 2432 uix
627 2401 783 2433 uidetur:
817 2413 897 2432 nam
920 2402 973 2433 illi
995 2404 1134 2437 CXXV
1154 2415 1224 2436 non
1250 2404 1438 2435 edebantur
1458 2403 1676 2435 accussatoris
1699 2401 1857 2442 arbitrio,
1887 2407 1938 2434 set
1959 2400 2046 2432 deli-
