2185 2720
138 174 173 199 25
787 162 829 191 M.
864 160 1028 191 TULLI
1054 160 1339 190 CICERONIS
1361 161 1561 191 ORATio

138 240 263 280 rensis,
288 238 316 271 si
339 237 374 269 id
396 236 506 269 facere
523 235 705 275 uoluisses,
728 241 787 268 aut
808 235 836 268 si
859 235 1032 279 grauitatis
1056 246 1127 267 esse
1144 240 1294 278 putasses
1318 239 1416 275 tuae,
1452 234 1543 278 quod
1563 236 1665 268 multi
1686 237 1817 271 nobiles
1839 248 1939 282 saepe
1960 237 2013 270 fe-

138 298 272 332 ceruut,
296 297 350 331 ut,
374 301 450 321 cum
474 288 585 320 minus
608 288 794 320 ualuissent
816 288 984 331 suffragiis
1010 299 1112 331 quam
1134 292 1324 330 putassent,
1354 292 1471 330 postea
1489 287 1631 330 prolatis
1651 289 1795 322 comitiis
1817 297 2017 335 prosterne-

137 352 214 378 rent
236 356 271 377 se
295 351 327 375 et
351 341 479 385 populo
506 341 661 372 Romano
684 339 791 372 fracto
831 340 944 371 animo
968 345 1069 384 atque
1092 339 1216 371 humili
1238 340 1486 383 supplicarent:
1526 351 1595 371 non
1619 340 1755 382 dubito,
1800 343 1883 384 quin
1906 342 2017 375 omnis

137 398 179 430 ad
206 404 238 429 te
261 406 466 427 conuersum
490 392 595 425 fuerit
609 392 805 424 multitudo.
851 394 1049 435 Numquam
1072 391 1162 423 enim
1184 390 1257 423 fere
1273 391 1443 431 nobilitas,
1464 391 1596 434 integra
1617 392 1819 435 praesertim
1839 400 1939 436 atque
1960 395 2017 427 in-

137 462 280 487 nocens,
307 460 326 479 a
348 447 477 490 populo
500 446 656 477 Romano
680 444 827 487 supplex
850 445 1027 488 repudiata
1049 442 1125 475 fuit.
1171 443 1230 475 Set
1253 443 1282 475 si
1306 444 1367 475 tibi
1389 443 1535 486 grauitas
1558 451 1616 477 tua
1638 452 1672 478 et
1692 445 1890 488 magnitudo
1912 447 2018 479 animi

138 502 245 546 pluris
270 500 351 540 fuit,
377 499 476 531 sicuti
499 510 569 530 esse
595 496 728 535 debuit,
753 494 857 538 quam*
873 496 1044 536 aedilitas,
1076 494 1167 536 noli,
1191 506 1268 527 cum
1290 496 1412 528 habeas
1434 494 1488 536 id,
1512 497 1602 539 quod
1624 497 1802 537 malueris,
1825 497 2018 530 desiderare

139 554 192 593 id,
225 552 314 595 quod
338 551 481 583 minoris
506 548 647 593 putaris.
692 547 863 590 Equidem
884 548 1037 591 primum
1059 554 1098 579 ut
1120 548 1253 579 honore
1275 548 1395 590 dignus
1420 558 1543 588 essem,
1581 561 1743 582 maxume
1764 561 1900 593 semper
1923 549 2022 581 labo-

138 605 233 643 raui3
268 604 414 636 secundo
436 610 476 634 ut
497 601 741 639 existumarem
764 600 904 632 tertium
926 600 1013 632 mihi
1038 599 1104 631 fuit
1125 599 1221 640 illut,
1252 600 1343 643 quod
1365 600 1538 643 plerisque
1559 603 1762 645 primumst,
1792 602 1865 645 ipse
1891 602 2021 634 honos:

141 658 198 701 qui
223 658 262 689 iis
287 657 432 699 denique
456 655 555 686 debet
577 664 648 685 esse
669 651 853 693 iucundus,
877 664 1025 696 quorum
1049 651 1203 695 dignitati
1224 653 1372 696 populus
1398 653 1575 686 Romanus
1598 654 1842 696 testimonium,
1867 666 1937 686 non
1961 654 2025 686 be-

140 711 299 743 uelicium
321 707 498 740 ambitioni
521 706 626 738 dedit.

95 769 128 795 51
225 763 326 795 XXI,
351 760 494 803 Quaeris
515 759 635 799 etiam,
658 755 872 796 Laterensis,
897 756 978 799 quid
998 755 1201 798 imaginibus
1228 757 1306 798 tuis,
1328 757 1409 800 quid
1433 759 1658 791 ornatissumo
1681 764 1782 801 atque
1804 763 1946 801 optumo
1968 755 2024 788 ui-

142 827 199 856 ro,
223 814 313 858 patri
337 820 395 846 tuo
420 811 625 854 respondeas
649 815 798 842 mortuo.
843 809 928 841 Noli
950 809 1013 840 ista
1034 808 1213 850 meditari,
1236 815 1337 853 atque
1360 810 1439 843 illut
1461 823 1541 843 caue
1563 812 1688 855 potius,
1710 823 1754 842 ne
1776 817 1833 842 tua
1854 809 1918 841 ista
1940 818 2026 851 que-

141 868 226 900 rella
249 866 415 909 dolorque
440 865 565 897 nimius
593 864 634 895 ab
663 863 731 895 illis
758 860 1024 904 sapientissumis
1046 860 1130 893 uiris
1153 862 1435 905 reprehendatur.
1481 864 1580 897 Uidit
1610 863 1702 894 enim
1723 868 1820 906 pater
1845 867 1922 893 tuus
1945 860 2024 903 Ap-

142 921 238 964 pium
262 919 461 958 Claudium,
506 916 767 948 nobilissummn
798 913 995 954 hominem,
1038 913 1120 945 uiuo
1142 920 1240 957 patre
1261 927 1339 955 suo,
1382 916 1630 959 potentissumo
1660 921 1694 947 et
1722 914 1917 946 clarissumo
1947 911 2026 952 ciui,

144 975 183 1005 C.
209 971 370 1011 Claudio,
394 971 538 1002 aedilem
561 980 630 1000 non
653 977 724 998 esse
748 965 894 1006 factum,
918 972 950 998 et
970 966 1117 997 eundem
1142 966 1214 998 sine
1239 967 1375 1010 repulsa
1396 967 1523 1000 factum
1546 980 1617 1000 esse
1637 967 1828 1005 consulem3
1851 964 1940 996 uidit
1961 963 2028 995 ho-

142 1026 271 1058 miuem
295 1023 359 1055 sibi
381 1033 542 1054 maxume
571 1019 806 1057 coniunctum,
843 1019 1017 1061 egregium
1048 1018 1183 1058 uirum,
1225 1020 1267 1051 L.
1291 1020 1503 1060 Uolcatium,
1543 1020 1632 1052 uidit
1653 1021 1702 1052 M.
1726 1020 1884 1051 Pisonem
1906 1016 1943 1048 in
1963 1015 2027 1048 ista

142 1077 313 1109 aedilitate
343 1073 589 1105 offensiuncula
624 1076 760 1113 accepta
790 1081 941 1102 summos
969 1082 989 1101 a
1010 1071 1141 1114 populo
1171 1071 1329 1103 Romano
1358 1083 1429 1103 esse
1451 1072 1598 1104 honores
1623 1072 1774 1115 adeptos.
1817 1071 1914 1104 Auos
1942 1079 2027 1100 uero

143 1136 221 1161 tuus
245 1134 278 1159 et
300 1128 337 1158 P.
363 1126 504 1158 Nasicae
527 1125 589 1156 tibi
616 1122 806 1155 aediliciam
833 1122 1046 1165 praedicaret
1080 1124 1269 1167 repulsam,
1307 1135 1374 1166 quo
1398 1123 1473 1156 ciue
1495 1124 1666 1156 neminem
1691 1135 1751 1166 ego
1775 1129 1884 1155 statuo
1906 1121 1943 1153 in
1965 1122 2028 1153 hac

144 1193 182 1214 re
205 1180 341 1224 publiea
360 1178 557 1218 fortiorem,
593 1183 626 1208 et
649 1177 688 1208 C.
711 1174 819 1216 Mari,
858 1175 917 1217 qui
942 1175 1070 1208 duabus
1093 1176 1320 1208 aedilitatibus
1351 1177 1507 1220 repulsus
1529 1176 1676 1220 septiens
1699 1175 1816 1207 consul
1838 1180 1888 1206 est
1909 1172 2028 1213 factus,

145 1240 179 1266 et
201 1234 243 1266 L.
268 1231 436 1272 Caesaris,
476 1231 538 1263 Cn.
564 1228 704 1269 Octaui,
741 1227 791 1260 Μ.
815 1227 929 1260 Tulli:
966 1239 1049 1270 quos
1073 1228 1182 1261 omnis
1205 1229 1328 1261 scimus
1355 1228 1526 1261 aedilitate
1554 1227 1755 1272 praeteritos
1778 1225 1932 1258 consules
1957 1235 2029 1257 esse

222 1390 288 1408 esse
307 1382 444 1418 putasses
466 1375 550 1416 tuae)
570 1377 618 1406 La
637 1383 710 1406 tuae
730 1387 792 1406 esse
806 1382 973 1415 putas-008,
993 1378 1043 1407 Lb
1064 1382 1095 1406 et
1114 1378 1161 1407 Le
1176 1384 1322 1416 putasses
1341 1388 1403 1407 esse
1422 1383 1510 1414 tuae,
1537 1379 1575 1416 χ3
1589 1383 1734 1416 putasses
1753 1382 1832 1405 tuae.
1851 1390 1890 1398 —-
1926 1373 2030 1413 multi)

148 1430 200 1458 Ma
221 1429 326 1456 inuiti.
346 1441 384 1448 -·
421 1423 555 1462 nobiles)
575 1425 630 1453 Mb
650 1425 789 1453 homines
809 1435 878 1452 cum
897 1425 936 1462 gl.
957 1426 1080 1454 nobiles.
1099 1440 1139 1449 -—·
1175 1423 1357 1463 ualuisseut)
1384 1425 1422 1464 2¹3
1442 1426 1634 1453 maluissent.
1652 1440 1692 1446 -
1728 1421 1872 1464 prolatis)
1893 1423 1941 1451 La
1961 1431 2028 1449 cum

148 1476 185 1513 gl.
205 1475 342 1509 collatis,
362 1473 409 1501 Lc
429 1477 460 1500 et
479 1472 511 1500 H
530 1472 658 1500 collatis.
677 1486 715 1494 -—-
753 1470 795 1508 et)
815 1472 876 1508 Ma,
895 1472 937 1509 D,
958 1478 989 1502 et
1009 1473 1041 1501 H
1063 1483 1128 1509 om,
1148 1479 1195 1501 set
1214 1472 1244 1500 D
1265 1471 1358 1500 habet
1377 1471 1410 1499 in
1431 1481 1522 1509 marg.
1542 1477 1577 1500 ut
1596 1473 1717 1501 ins..——
1755 1477 1846 1510 atque
1866 1468 1978 1497 humili
1992 1482 2030 1489 —-

148 1522 224 1560 quin
247 1519 357 1559 onmis)
378 1520 420 1547 Pa
441 1530 499 1547 om.
518 1533 558 1539 -—
596 1518 797 1558 conuersum)
817 1519 859 1547 Pe
879 1529 1038 1555 conuersa,
1060 1519 1084 1548 C
1104 1530 1243 1548 censura.
1262 1534 1302 1541 —
1338 1518 1448 1557 suerit)
1468 1519 1518 1547 Sic
1538 1519 1573 1555 B,
1593 1519 1631 1556 E,
1653 1521 1715 1556 Ma,
1734 1519 1800 1555 Mb,
1818 1519 1875 1554 La,
1895 1516 1955 1552 Lb,
1974 1516 2032 1549 Lc,

149 1571 199 1605 Pa,
219 1568 274 1603 Pb,
295 1568 335 1603 D,
353 1567 395 1603 O,
416 1566 455 1602 G,
476 1567 538 1601 Br„
558 1566 593 1601 C,
613 1566 656 1601 H,
677 1566 707 1601 S,
727 1576 755 1600 ς,
775 1575 823 1604 χι,
843 1566 870 1601 3,
890 1570 922 1594 et
942 1566 1003 1603 F1;
1024 1567 1057 1594 in
1079 1567 1108 1594 G
1127 1567 1258 1605 margini
1278 1566 1340 1594 ads.
1358 1577 1389 1595 se
1407 1566 1529 1594 adiecto
1549 1567 1687 1602 scilic-em
1706 1566 1802 1595 ceteri
1821 1576 1852 1593 se
1862 1564 1976 1603 fuerit.
1995 1577 2033 1585 —

223 1614 301 1653 fere)
323 1616 493 1642 Scruarunt
512 1615 537 1641 B
558 1617 590 1641 et
608 1612 644 1640 Ε.
664 1627 702 1633 -
739 1611 901 1651 innocens)
920 1613 953 1641 H
972 1623 1091 1641 nocens.
1108 1627 1150 1634 —-
1186 1613 1347 1651 repudiata
1365 1613 1437 1651 fuit)
1456 1613 1483 1640 E
1504 1614 1673 1650 repudiata
1692 1619 1745 1642 est.
1758 1628 1797 1635 ·—
1835 1609 2031 1649 Sed—plu-

150 1663 193 1692 ris
214 1662 286 1700 suit)
307 1662 335 1689 D
357 1672 423 1696 oin,
447 1666 494 1689 set
513 1660 607 1688 habet
626 1659 658 1688 in
678 1668 769 1696 marg.
793 1665 828 1688 ut
847 1660 922 1688 ins..
941 1676 981 1681 --
1017 1658 1091 1698 suit)
1117 1660 1168 1689 Lb
1180 1661 1294 1698 fuerit.
1313 1674 1352 1682 ·—-
1389 1657 1495 1697 sicuti)
1522 1659 1572 1686 Sic
1592 1660 1617 1687 B
1638 1664 1669 1687 et
1688 1659 1732 1696 E;
1767 1660 1864 1689 ceteri
1883 1660 1974 1687 sicut.
1993 1671 2030 1679 -—
2065 1670 2068 1671 ⁷

151 1709 229 1747 noli)
249 1709 310 1743 Ma,
330 1709 386 1743 Lc,
411 1709 452 1744 D,
474 1713 503 1736 et
520 1716 545 1745 ψ
561 1708 659 1742 nolis,
678 1711 725 1734 set
739 1705 772 1733 in
787 1706 817 1733 D
834 1717 848 1734 s
862 1706 986 1745 punctis
999 1706 1145 1734 cinctum.
1161 1721 1200 1729 --
1218 1706 1372 1742 malueris,
1392 1705 1568 1734 desiderare
1582 1706 1623 1741 id,
1643 1706 1738 1745 quod)
1756 1706 1802 1734 Pb
1816 1710 1846 1734 et
1861 1706 1904 1734 Pc
1922 1714 1981 1732 om.
1992 1717 2032 1725 —

226 1755 373 1795 primum)
402 1757 448 1784 La
468 1765 536 1783 cum
557 1754 596 1793 gl.
612 1755 723 1791 primo.
742 1768 779 1774 —
817 1753 1025 1793 existimarer)
1054 1754 1084 1781 D
1105 1756 1287 1789 extimarer,
1321 1763 1357 1792 χι
1387 1754 1560 1790 existimer,
1593 1760 1620 1791 ψ
1640 1755 1839 1782 existimaret.
1858 1766 1897 1773 -
1935 1749 2031 1789 quod)

155 1804 179 1832 C
201 1809 242 1831 ut.
262 1818 300 1823 —
339 1803 473 1840 primum
497 1801 554 1839 est)
574 1802 614 1829 Pa
628 1801 769 1837 primum
781 1800 862 1838 ficit.
874 1816 912 1823 —
948 1799 1001 1839 iis)
1021 1801 1077 1837 Pb,
1096 1801 1149 1837 Pc,
1169 1801 1210 1836 D,
1230 1805 1261 1829 et
1281 1810 1315 1839 χι
1339 1802 1386 1836 is;
1405 1800 1457 1829 Ma
1476 1799 1578 1828 huius.
1593 1815 1631 1821 —
1668 1800 1760 1829 debet
1780 1810 1845 1829 esse
1864 1797 2031 1836 iucundus)

155 1852 206 1879 Mc
235 1850 385 1877 tomandus
411 1859 473 1877 esse
498 1848 606 1883 debet;
639 1847 664 1875 C
685 1847 791 1876 debuit
819 1859 881 1877 esse
901 1849 1065 1878 iucundus.
1083 1863 1122 1870 ·—-
1159 1846 1318 1887 dignitati)
1339 1853 1366 1885 ψ
1386 1847 1577 1885 dignitatem.
1595 1863 1634 1870 —
1672 1846 1769 1887 dedit)
1789 1848 1842 1878 Ma
1862 1851 1893 1875 et
1912 1846 1960 1875 La
1978 1845 2033 1874 de·

156 1897 244 1925 derit.
264 1910 303 1916 —

234 1943 269 1971 C.
290 1942 384 1971 XXI.
406 1941 432 1982 ξ.
454 1943 499 1971 51.
519 1940 623 1980 etiam)
642 1952 660 1974 ς
680 1943 769 1970 enim.
788 1955 826 1962 ·—
864 1941 1061 1981 imaginibus)
1088 1942 1119 1970 D
1140 1943 1175 1970 in
1194 1941 1369 1980 magnibus.
1386 1956 1424 1964 —
1460 1940 1532 1979 ista)
1552 1942 1614 1978 Ma,
1632 1942 1699 1978 Mb,
1718 1942 1780 1978 Mc,
1799 1942 1856 1977 La,
1876 1945 1907 1968 et
1925 1941 1972 1969 Lc
1992 1940 2034 1968 il-

155 1993 196 2020 la.
215 2005 252 2012 —
290 1987 393 2027 atque)
414 1990 455 2018 1³1
479 1991 575 2027 atqui.
594 2004 632 2010 ·-
668 1998 744 2017 caue
764 1988 881 2027 potius)
902 1990 1018 2018 Graeui
1039 1999 1107 2017 mss.
1128 1989 1162 2016 in
1182 1987 1221 2017 U.
1241 1990 1281 2018 L.
1295 1991 1403 2027 potius
1422 1999 1507 2024 caue,
1526 1994 1650 2026 praeter
1669 1989 1730 2025 ΓΙ,
1760 1989 1813 2028 qui
1833 1998 1902 2017 cum
1921 1986 2033 2015 ceteris

158 2037 320 2066 consentit.
341 2050 378 2056 —-·
416 2035 553 2074 querela)
572 2046 591 2068 ς
610 2036 773 2074 querenda.
787 2049 826 2056 ——
863 2035 1121 2075 reprehendatur)
1141 2037 1194 2064 Mc
1214 2036 1486 2074 reprehendantur.
1499 2050 1537 2056 —
1576 2035 1750 2074 Claudium)
1770 2037 1842 2064 Iliss.
1864 2033 1981 2063 Graeui
1999 2033 2033 2061 in

159 2084 199 2113 Γ.
221 2086 258 2114 L.
282 2088 313 2111 et
333 2083 370 2121 23
391 2083 538 2111 Clodiam.
557 2097 596 2103 —
634 2082 709 2110 uiuo
736 2083 836 2122 patre)
861 2084 906 2112 Pb
927 2089 958 2112 et
977 2084 1019 2112 Pc
1040 2084 1150 2111 uiuam
1163 2089 1265 2120 patre.
1284 2097 1322 2104 —-
1360 2082 1436 2121 ciui)
1466 2083 1517 2110 Sic
1538 2083 1573 2117 B,
1593 2083 1630 2118 E,
1650 2084 1711 2119 Ma,
1731 2084 1796 2119 Mb,
1816 2084 1878 2118 Mc,
1897 2083 1953 2118 La,
1971 2080 2032 2116 Lb,

161 2132 218 2167 Lc,
238 2133 287 2165 Pa,
308 2130 362 2165 Pb,
383 2129 435 2164 Pe,
454 2129 495 2164 D,
517 2129 555 2165 Ο,
577 2129 616 2166 G,
636 2130 687 2158 ΒΓ.
707 2140 724 2158 a
742 2140 789 2168 pr.
809 2140 915 2167 manu,
936 2141 981 2169 χι,
1000 2134 1034 2157 et
1051 2130 1084 2166 33
1106 2128 1202 2158 ceteri
1221 2131 1298 2158 ciue.
1317 2144 1355 2150 --
1394 2128 1537 2167 Claudio)
1557 2130 1608 2165 Pc,
1628 2129 1669 2165 D,
1691 2129 1729 2165 O,
1759 2129 1798 2166 G,
1825 2130 1888 2165 Bn,
1915 2133 1945 2156 et
1963 2137 2032 2156 mss.

163 2177 277 2207 Gracui
298 2177 413 2206 Clodio.
428 2191 465 2198 —-
503 2175 659 2205 hominem
679 2177 739 2205 sibi
753 2192 791 2198 —
804 2177 897 2215 uidit)
916 2187 950 2215 χι
974 2187 1032 2205 om.
1046 2190 1085 2197 -·
1122 2174 1312 2213 Uolcatilun)
1331 2175 1358 2202 E
1379 2177 1567 2211 nolendum,
1589 2176 1612 2204 C
1639 2177 1823 2206 Uoltacium.
1837 2192 1875 2199 —
1911 2175 1943 2204 in
1963 2174 2033 2212 ista)

162 2227 187 2253 Γ,
209 2231 239 2254 et
258 2225 353 2253 Prisc.
374 2233 403 2261 p.
424 2223 487 2250 614.
508 2224 570 2251 ista
586 2225 641 2257 ιἠ;
664 2225 706 2253 Pa
725 2225 796 2252 ista.
816 2238 854 2246 —-·
892 2222 1169 2262 offcnsim1c1da)c
1190 2222 1417 2261 offensiuncula
1437 2232 1510 2250 una.
1529 2236 1568 2243 ——·
1605 2233 1670 2251 esse
1689 2223 1835 2262 honores)
1860 2223 1912 2252 Ma
1936 2221 2032 2249 hono—

162 2283 209 2300 res
230 2283 300 2300 esse.
318 2286 358 2292 —
395 2269 533 2307 adeptos)
553 2270 591 2306 753
611 2271 731 2307 adepto.
750 2285 787 2292 —

234 2318 281 2357 P.)
308 2328 341 2355 χι
366 2322 524 2353 [1‹1tt›r.—
562 2315 704 2354 Nasicae)
729 2316 776 2344 La
800 2316 930 2347 A‘asica.
950 2333 988 2339 —
1025 2314 1229 2357 praedicaret)
1253 2326 1273 2348 ς
1293 2317 1487 2354 praedicare.
1506 2330 1544 2338 ·-
1583 2316 1665 2355 ciue)
1688 2317 1720 2345 D
1748 2322 1779 2345 et
1803 2316 1842 2353 χ3
1868 2316 1974 2343 ciuem.
1994 2329 2032 2336 —-

162 2364 368 2394 aedilitatibus
388 2362 543 2402 repulsus)
570 2363 620 2390 Sic
639 2362 683 2399 E,
709 2372 729 2394 ς
748 2364 921 2392 aedilitatis
948 2367 1104 2403 acceptis;
1138 2363 1234 2392 ceteri
1254 2365 1427 2392 aedilitatis
1458 2365 1592 2400 acceptis
1618 2365 1756 2399 repulsis.
1774 2377 1812 2383 —
1848 2367 1894 2390 cst
1921 2362 2032 2399 sactus)

164 2414 208 2440 La
228 2416 258 2439 et
280 2410 328 2437 Lb
342 2411 454 2447 factus
473 2416 537 2443 est;
558 2410 727 2447 Csactus5
746 2410 784 2447 23
804 2420 866 2438 esse
880 2411 1004 2448 fac-tas.
1023 2426 1061 2432 —
1100 2410 1157 2439 Cn.
1179 2410 1317 2449 Octauii)
1336 2412 1388 2440 Ma
1403 2421 1458 2448 gn.
1479 2416 1606 2450 octauy,
1634 2410 1658 2437 C
1679 2410 1731 2436 Cn.
1753 2409 1892 2446 Optauii.
1914 2424 1951 2431 —-
1988 2410 2031 2438 M.

164 2458 276 2494 Tullii)
299 2457 350 2485 Mc
371 2463 398 2484 el
418 2458 466 2486 M.
492 2458 609 2491 Tullia]
629 2457 666 2495 23
687 2461 717 2486 et
737 2456 819 2486 Pith.
839 2467 898 2485 om.
917 2472 955 2479 —
