2185 2720
852 135 876 164 C
896 135 925 163 A
945 135 986 164 P.
1024 133 1109 163 XIII
1126 148 1165 155 —
1183 133 1277 164 XIV.
1310 133 1339 175 §.
1366 141 1412 169 33.
2017 151 2070 178 111

170 211 401 253 xissetque
438 210 728 244 ioculariter:
779 209 918 243 Grani
948 209 1055 252 quid
1092 208 1240 241 tristis
1271 211 1339 242 es‘?
1384 210 1452 243 An
1485 213 1601 255 quod
1630 213 1852 247 auctiones
1883 217 2071 252 reiectae

168 264 289 295 sunt?
335 263 500 295 Scimus
530 263 644 296 enim
669 263 959 306 praeconibus
995 261 1227 294 auctiones
1249 260 1423 294 fructui
1451 275 1557 305 esse,
1595 266 1708 308 quod
1730 279 1806 310 per
1833 280 1899 300 eos
1924 272 2070 304 omnia

168 314 502 355 distrahantur3
540 315 624 347 illo
654 321 795 347 autem
826 314 1007 348 iustitio
1031 326 1107 347 nec
1133 315 1255 357 ipsae
1277 320 1491 357 poterant
1514 319 1730 351 exerceri.
1777 321 1892 352 Huic
1913 322 1950 353 P,
1975 324 2070 356 Sci-

167 366 289 410 pioni
313 379 331 399 e
354 367 578 399 contrario
605 378 688 398 non
712 367 807 399 sine
830 380 975 401 morsu
998 366 1211 400 stomachi
1238 367 1520 410 respondisse
1544 369 1759 404 Granium
1782 372 1905 406 dicit:
1937 375 2067 409 Immo

168 419 264 451 ideo
287 420 435 452 tristis
457 431 567 459 sum,
595 420 707 461 quod
730 420 974 463 legationes
996 420 1191 452 reiectae
1216 419 1317 451 sint.
1363 420 1516 453 Uoluit
1533 427 1678 454 autem
1700 425 1916 466 pudorem
1938 428 2069 460 Nasi-

168 483 239 503 cae
264 472 459 504 consulis
484 472 788 515 perstringere
811 474 888 505 hoc
913 472 1182 505 amarissimo
1208 471 1337 504 dicto.
1381 473 1491 504 Nam
1522 472 1772 515 legationes
1796 478 1843 509 ab
1868 481 2067 513 externis

167 525 352 567 populis
381 525 538 557 missae
569 525 616 556 ad
646 532 848 558 senatum
870 526 1073 558 solebant
1104 524 1302 556 ordinari
1329 536 1408 567 pro
1432 524 1666 558 uoluntate
1689 531 1932 570 consulum3
1965 542 2066 574 quas

170 577 428 620 plerumque
450 577 610 621 gratia,
649 590 974 621 nonnumquam
997 583 1037 609 et
1059 583 1231 620 accepta
1254 577 1450 619 pecunia
1482 579 1680 611 consules
1707 581 1987 623 ordinabant,
2021 591 2067 616 ut

167 629 392 661 introduci
413 630 464 661 ad
486 636 678 662 senatum
703 637 887 673 possent.
913 632 1077 663 Scnorm
1100 630 1362 662 AMBROSIANA.
1406 630 1487 662 Post
1510 631 1601 670 haec,
1627 643 1712 673 quae
1733 634 1922 666 uerissume
1945 637 1985 668 ab
2008 637 2065 669 in-

166 688 316 724 terprete
336 683 567 714 Ambrosiauo
590 683 721 714 monita
743 689 837 723 sunt,
863 695 930 713 non
956 693 1040 725 opus
1064 687 1131 719 est,
1163 687 1203 712 ut
1225 681 1391 713 Garatoni
1413 682 1561 714 refutem
1583 684 1801 725 sententiam,
1834 687 1893 728 qui
1915 688 1952 719 in
1973 690 2063 722 notis

166 734 218 765 ed.
241 735 350 777 Neap.
381 742 563 777 antequam
593 734 683 765 edita
713 741 810 767 erant
840 735 968 766 scholia
995 734 1071 773 illa,
1109 734 1150 765 de
1172 734 1395 776 legationibus
1417 746 1436 766 a
1458 742 1578 767 senatu
1600 736 1643 767 ad
1666 737 1866 779 Iugurtham
1888 741 1999 774 missis
2021 743 2062 775 ab

165 798 274 829 eoque
297 787 484 830 repudiatis
508 798 701 819 sermonem
724 787 780 818 hic
801 786 937 830 putauit
959 798 1040 826 esse,
1063 798 1224 819 monens:
1249 787 1476 829 „Legationes
1500 788 1556 819 hic
1574 788 1738 821 uidentur
1761 791 1943 833 significari
1964 794 2060 836 duae,

165 851 246 882 quas
280 840 323 871 ad
354 841 555 883 Iugurtham
585 846 719 871 senatus
749 840 906 879 miserat,
939 845 973 871 et
1000 838 1179 870 audiuerat
1209 839 1348 881 quidem
1379 839 1456 876 ille,
1489 845 1540 870 set
1561 839 1723 874 reiecerat
1753 850 1786 875 et
1808 844 2060 886 repudiauerat.

164 893 249 924 Inde
271 893 402 924 bellum
426 892 570 931 exarsit,
609 892 704 923 cuius
735 892 878 935 parandi
902 903 1015 924 caussa
1045 891 1214 923 iustitium
1237 892 1390 923 consules
1415 891 1599 923 edixerunt
1620 893 1657 924 P.
1684 895 1806 927 Nasica
1829 903 1862 928 et
1883 898 1925 929 L.
1948 899 2061 931 Bestia

164 957 253 978 anno
276 946 486 977 DCXLIII..
531 944 621 977 Uide
636 945 835 976 Sallustium
860 945 931 987 lug.
955 945 1057 983 XXI,
1078 944 1110 975 4.
1133 944 1254 984 XXV,
1277 943 1308 975 4.
1332 945 1486 983 XXVII,
1510 944 1541 976 4.
1566 951 1600 976 et
1611 946 1806 980 Diodorum
1828 949 1893 980 Sic.
1915 949 1950 981 in
1972 951 2058 983 Exc.

162 998 307 1030 Peirese.
336 1009 371 1040 p.
400 998 492 1030 581..
537 996 680 1039 Legatio
709 997 829 1028 saltem
856 998 962 1028 altera
992 996 1092 1028 missa
1120 996 1275 1036 uidetur,
1309 1008 1387 1028 cum
1410 997 1532 1029 Nasica
1554 997 1590 1028 in
1613 999 1791 1031 consulatu
1813 1002 1961 1043 petendo
1983 1015 2059 1035 ma-

162 1062 268 1084 xume
296 1055 476 1093 occupatus
511 1055 616 1089 esset,
654 1054 688 1080 et
712 1049 748 1080 in
772 1060 810 1081 ea
831 1062 932 1082 nemo
959 1050 1024 1081 nisi
1047 1050 1232 1081 consularis
1255 1048 1383 1081 fuisset.
1431 1049 1564 1091 Quodsi
1591 1050 1749 1083 Nasicam
1772 1052 1807 1084 in
1835 1065 1912 1085 euni
1935 1067 2058 1087 nume-

160 1116 240 1137 rum
261 1103 380 1135 liceret
401 1101 595 1142 includere,
630 1102 739 1133 Grani
763 1113 966 1145 responsum
990 1102 1088 1134 fieret
1109 1103 1206 1134 nobis
1229 1101 1398 1144 apertius3
1427 1113 1634 1143 quamquam
1659 1098 1818 1136 laudatur
1838 1106 1898 1137 ille
1928 1118 1947 1138 a
1968 1109 2058 1140 Dio-

161 1158 247 1190 doro
279 1154 473 1198 magnifice,
513 1160 562 1193 et,
602 1154 693 1196 quod
723 1155 789 1186 huc
820 1155 920 1186 ualde
941 1155 1105 1198 pertinet,
1137 1152 1386 1198 ἀδωροδόκητος
1410 1154 1534 1185 dicitur
1556 1153 1695 1189 ἅπαντα
1717 1156 1778 1190 τὸν
1798 1158 1879 1201 βίον
1901 1171 1936 1202 p.
1960 1160 2055 1193 535..

161 1211 374 1253 Conpertum
397 1213 447 1239 est
469 1207 578 1247 enim,
604 1213 728 1250 quanta
749 1208 785 1239 in
808 1208 938 1239 inuidia
959 1214 1093 1240 senatus
1116 1214 1191 1239 tum
1208 1207 1330 1247 fuerit,
1355 1206 1534 1248 omnisque
1558 1206 1728 1247 nobilitas,
1757 1210 1847 1251 quod
1871 1212 2056 1253 Iugurthae

161 1262 290 1295 diuitiis
321 1272 395 1293 rem
417 1272 451 1303 p.
474 1260 622 1304 prodere
651 1266 841 1303 putaretur.
886 1261 980 1292 Haec
1009 1265 1122 1291 tamen
1145 1271 1198 1292 res
1227 1261 1335 1292 Grani
1359 1260 1488 1291 dictum
1514 1258 1628 1301 aliqua
1650 1260 1726 1291 luce
1748 1261 1942 1303 perfundit,
1977 1277 2055 1297 cum

161 1315 199 1346 in
220 1314 296 1357 ipso
318 1313 442 1346 Nasica
467 1313 555 1344 nihil
574 1313 679 1355 magis
704 1313 845 1345 haberet
875 1312 967 1355 quod
989 1312 1274 1355 reprehenderet,
1313 1324 1413 1355 quam
1436 1313 1472 1343 in
1496 1312 1658 1344 Scaeuola
1681 1312 1866 1354 publicani.
1913 1317 2055 1349 Consuli

159 1367 303 1400 fortasse
327 1366 474 1398 obicitur
496 1365 609 1409 inperi
632 1365 795 1398 dedecus:
822 1377 900 1396 cum
922 1371 1015 1396 tanta
1037 1365 1221 1407 Iugurthae
1242 1364 1369 1396 ferocia
1390 1364 1553 1408 pecuniae
1576 1364 1708 1405 fiducia,
1733 1372 1767 1397 et
1789 1378 1921 1408 eorum,
1945 1370 2054 1411 quise

159 1420 213 1452 illi
234 1419 478 1458 uendiderant,
501 1418 693 1461 inpunitate
715 1419 875 1450 aleretur.
921 1419 1081 1451 Ceterum
1104 1418 1159 1449 hic
1181 1417 1313 1456 Nasica,
1339 1423 1378 1448 ut
1399 1418 1445 1449 ait
1469 1417 1587 1449 Cicero
1610 1418 1647 1449 in
1670 1418 1777 1449 Bruto
1800 1430 1828 1449 c.
1852 1420 1915 1460 54„
1943 1423 2053 1454 omnis

161 1473 235 1506 sale
247 1471 462 1516 facetiisque
484 1471 707 1514 superabat.“
749 1471 844 1502 Idem
867 1476 981 1501 tamen
1005 1470 1210 1502 Garatonius
1230 1470 1267 1500 in
1291 1470 1389 1501 Curis
1404 1469 1566 1501 Secundis
1592 1470 1860 1512 probabiliorem
1879 1471 2053 1505 intellexit

159 1525 358 1558 scholiastae
386 1523 650 1566 explicationem
675 1535 761 1563 esse,
785 1523 915 1555 dicens:
939 1524 1071 1562 „Nunc
1091 1523 1192 1554 huius
1215 1523 1364 1554 hominis
1388 1522 1624 1565 interpretatio
1648 1522 1966 1556 commendationem
1987 1526 2051 1557 ha-

160 1578 219 1610 bet
240 1575 461 1619 antiquitatis.
505 1576 628 1608 Liuius
651 1576 812 1615 XXXII,
844 1575 874 1608 8.
904 1576 1024 1609 Attali
1045 1576 1169 1608 deinde
1191 1577 1286 1620 regis
1313 1577 1446 1619 legatos
1468 1576 1505 1607 in
1527 1581 1686 1607 senatum
1712 1575 1866 1607 consules
1889 1577 2050 1610 introclu-

161 1635 299 1664 xerunt.
339 1628 554 1670 Ambiguum
582 1635 632 1660 est
660 1630 826 1661 reiectae.-
865 1639 925 1670 ego
954 1627 1069 1670 itaque
1097 1628 1280 1670 legationes
1309 1628 1349 1658 ab
1379 1627 1544 1669 Iugurtha
1572 1627 1765 1669 repudiatas
1797 1627 2049 1669 intellegebam,

157 1683 317 1716 mandata
337 1681 483 1720 scilicet,
519 1692 604 1723 quae
626 1681 728 1723 legati
749 1681 899 1712 Romani
923 1680 1133 1719 detulerant3
1166 1680 1223 1712 hic
1245 1680 1281 1711 iu
1303 1680 1388 1711 aliut
1411 1685 1543 1721 tempus
1567 1685 1724 1711 externas
1747 1681 1896 1720 Romae,
1927 1692 2049 1723 quem-

158 1734 344 1768 admodum
368 1734 556 1774 auctiones,
585 1733 693 1765 iustiti
717 1745 831 1765 caussa
853 1733 988 1764 delatas.
1033 1734 1151 1775 Atque
1172 1732 1220 1764 ita
1241 1732 1413 1776 profecto,
1443 1732 1501 1763 ubi
1524 1732 1587 1763 hae
1609 1732 1650 1763 de
1672 1744 1710 1763 re
1732 1733 1854 1775 agitur.
1901 1735 2048 1767 Gabinia

158 1789 218 1820 lex
240 1793 328 1827 erat,
363 1798 429 1829 qua
451 1786 603 1818 consules
626 1793 699 1818 toto
721 1797 837 1818 mense
859 1786 1046 1818 Februario
1070 1787 1149 1829 cogi
1172 1786 1331 1817 dicuntur
1353 1786 1396 1816 II.
1419 1784 1461 1815 ad
1488 1785 1531 1826 Q.
1555 1783 1650 1816 fratr.
1679 1796 1745 1824 12.‚
1779 1785 1905 1817 exteris
1927 1787 2046 1825 legatis

159 1839 284 1873 cotidie
306 1846 458 1871 senatum
483 1839 574 1871 dare.
619 1839 721 1881 Quod
745 1839 850 1881 igitur
872 1840 898 1870 Ι.
922 1838 1032 1881 Epist.
1056 1838 1087 1869 4.
1110 1838 1271 1879 legimus,
1305 1843 1464 1870 senatum
1488 1838 1608 1870 haberi
1632 1850 1699 1869 non
1721 1850 1822 1881 posse
1843 1851 1956 1871 mense
1976 1840 2046 1873 Fe-

157 1894 300 1927 bruario
323 1898 416 1931 toto,
446 1893 518 1924 nisi
537 1891 704 1936 perfectis
726 1898 789 1924 aut
812 1892 949 1924 reiectis
970 1890 1223 1934 legationibus,
1252 1889 1299 1921 ita
1320 1889 1587 1932 intellegendum
1613 1896 1678 1927 est,
1709 1896 1747 1921 ut
1768 1896 1902 1922 senatus
1927 1891 2044 1923 decer-

156 1957 239 1979 nere
264 1945 329 1976 alia
352 1945 394 1975 de
415 1955 454 1975 re
476 1944 564 1975 nihil
586 1950 715 1987 posset,
739 1944 805 1975 nisi
827 1950 1007 1986 postquam
1029 1943 1237 1986 legationum
1263 1948 1320 1973 aut
1341 1942 1540 1973 absoluisset
1562 1942 1736 1983 negotium
1759 1948 1816 1972 aut
1838 1948 1948 1974 totum
1972 1944 2043 1976 dis-

156 1998 300 2030 tulisset.
345 1997 437 2029 Hinc
458 1997 485 2028 I.
508 1996 551 2028 ad
575 1996 680 2029 Attio..
709 1996 773 2035 14„
799 2008 883 2039 quae
906 1997 1021 2029 Idibus
1044 1995 1238 2028 Februariis
1262 1990 1410 2025 data'est
1433 1994 1593 2036 epistula,
1617 1999 1756 2025 senatus
1779 2000 1813 2025 et
1833 1995 1876 2027 de
1891 1998 2042 2039 prouin-

158 2053 221 2085 ciis
238 2056 445 2095 praetorum
467 2056 501 2082 et
522 2050 564 2082 de
584 2048 817 2092 legationibus
839 2056 873 2082 et
894 2051 936 2083 de
958 2050 1080 2082 ceteris
1103 2047 1202 2080 rebus
1225 2047 1436 2086 decernebat,
1459 2052 1499 2078 ut
1520 2052 1611 2084 ante,
1635 2059 1738 2089 quam
1760 2048 1898 2089 rogatio
1923 2049 2041 2089 (quam

154 2103 331 2137 ferendam
360 2102 576 2144 decreuerat)
610 2102 684 2134 lata
712 2108 817 2141 esset,
854 2116 897 2136 ne
926 2103 1012 2148 quid
1042 2107 1219 2145 ageretur.
1263 2099 1451 2131 Differebat
1480 2099 1585 2140 igitur
1607 2099 1800 2140 legationes.
1845 2100 1932 2131 Item
1959 2101 2038 2132 Kal.

153 2157 255 2190 Febr.
280 2154 419 2186 alterius
441 2154 521 2185 anni
543 2154 626 2186 ibid.
652 2166 704 2197 ep.
729 2155 798 2187 18.:
842 2168 903 2188 nos
927 2156 1084 2199 cogimur
1107 2153 1251 2197 reliquis
1274 2153 1315 2184 de
1335 2152 1434 2184 rebus
1456 2152 1547 2183 nihil
1566 2152 1763 2190 decernere,
1783 2168 1826 2174 —
1855 2165 1962 2195 quare
1988 2159 2038 2185 et-

154 2210 226 2243 iam
251 2207 443 2252 legationes
465 2208 629 2240 reiectum
651 2208 699 2239 iri
718 2210 845 2251 pnto.“
887 2208 980 2240 Nolo
1003 2207 1150 2238 aliorum
1172 2205 1349 2237 hominum
1373 2205 1552 2236 doctorum
1576 2204 1818 2246 explicationes
1841 2215 2038 2236 conmemo-

152 2273 228 2294 rare
259 2266 293 2292 et
321 2258 488 2299 refutare,
523 2270 603 2302 quas
633 2259 745 2302 quiuis
776 2259 874 2292 falsas
905 2271 976 2291 esse
1004 2260 1179 2301 intelleget
1204 2270 1287 2290 uera
1317 2258 1383 2289 loci
1412 2257 1578 2289 sententia
1601 2256 1766 2299 exposita.
1810 2256 1863 2288 Ac
1885 2256 2037 2298 primum

155 2313 292 2356 quidem
315 2312 573 2351 monendumst,
605 2322 719 2343 errare
744 2312 988 2352 Garatonium,
1014 2312 1072 2355 qui
1095 2312 1286 2355 legationes
1310 2312 1436 2343 reicere
1458 2316 1490 2341 et
1513 2309 1568 2340 hic
1591 2315 1624 2340 et
1645 2309 1726 2340 alibi
1748 2319 1883 2350 semper
1905 2308 2036 2350 signifi-

155 2376 231 2397 care
261 2365 404 2410 differre
434 2365 625 2408 legationes
653 2370 761 2407 putat.
807 2366 928 2406 Neque
952 2366 1097 2396 uerbum
1119 2365 1232 2406 ipsum
1257 2364 1440 2401 reiciendi,
1473 2372 1583 2404 neque
1607 2361 1773 2392 sententia
1794 2364 1962 2397 locorum,
1998 2361 2034 2392 in

154 2417 275 2460 quibus
298 2418 443 2449 elocutio
466 2419 530 2450 ista
552 2423 714 2460 usurpata
734 2417 917 2459 reperitur,
942 2416 1039 2449 illam
1061 2416 1323 2459 explicationem
1348 2414 1508 2447 admittit.
1557 2413 1646 2445 Uide
1668 2413 1771 2444 modo
1784 2413 1810 2443 I.
1834 2411 1876 2442 ad
1890 2412 1971 2443 Diu·
1989 2409 2031 2447 ὦ,
