2185 2720
155 130 234 159 LIV
826 131 1355 161 PROLEGOMENA.

157 203 314 242 exemplar
333 203 511 243 descripsit,
533 212 573 236 ex
591 213 652 243 quo
671 204 742 234 fam.
762 205 872 234 tertiae
891 205 1013 247 codices
1033 206 1095 234 orti
1116 211 1196 241 sunt,
1217 204 1455 233 additamentum
1474 203 1547 233 illut
1568 207 1668 235 textui
1688 207 1817 236 inlatum
1837 215 1917 236 esse:
1937 205 2020 245 quod

156 251 183 279 si
202 251 317 280 factum
337 257 430 287 esset,
463 251 497 279 in
519 251 661 280 omnibus
680 253 822 291 profecto
842 252 913 281 fam.
933 252 1019 281 illius
1040 253 1198 282 codicibus
1219 252 1346 280 deberet
1367 256 1490 289 extare3
1524 255 1592 287 aut,
1627 252 1652 280 si
1671 263 1735 282 non
1754 260 1888 290 extaret,
1914 254 2020 291 negle-

156 299 258 336 gentia
278 300 422 327 omissum
441 308 506 326 esse
526 299 712 328 censendum
732 306 827 329 esset:
865 305 928 336 set,
956 300 990 328 id
1009 300 1091 338 quod
1109 310 1172 328 non
1200 310 1270 328 raro
1291 299 1420 334 accidit,
1452 309 1513 327 una
1534 308 1603 327 cum
1623 308 1660 327 eo
1679 301 1793 336 uerbo,
1825 312 1918 340 super
1938 300 2021 339 quod

157 346 305 384 scriptum
326 352 406 381 erat,
432 345 499 374 siue
526 356 583 384 pro
610 347 696 375 uaria
721 347 858 376 lectione
883 347 950 375 siue
976 357 1033 386 pro
1060 348 1159 385 glossa
1177 347 1211 375 in
1232 356 1336 382 suum,
1365 356 1455 384 quem
1475 346 1656 385 scripserat,
1685 346 1820 376 codicem
1839 349 2021 377 translatum

157 403 232 422 esse.
270 393 315 421 Ita
334 393 421 421 uides
440 392 597 422 facillume
623 393 691 423 fieri
718 394 872 433 potuisse,
902 400 937 423 ut
956 394 989 422 in
1011 394 1088 423 alios
1115 396 1185 423 fam.
1207 394 1318 423 tertiae
1346 394 1467 422 codices
1486 394 1647 429 transiret,
1674 393 1707 421 in
1727 393 1795 422 aliis
1815 396 2020 430 omitteretur,

158 440 191 467 in
218 439 294 467 alios
321 439 454 477 denique
479 450 537 479 pro
559 451 638 469 uoce
665 442 797 479 genuina
822 442 1025 480 reciperetur.
1064 443 1186 470 Fecisse
1212 441 1245 469 id
1272 441 1435 470 librarium
1462 441 1551 469 illum
1570 450 1814 479 nonnumquam,
1844 451 2022 480 quamquam

157 487 340 525 plerumque
366 486 445 515 solas
471 488 583 525 glossas
609 489 837 524 interlinearis,
864 499 940 527 quae
968 489 1001 517 iu
1028 490 1095 517 cod.
1121 488 1265 527 principe
1294 488 1455 524 extabant,
1487 498 1544 527 pro
1571 489 1711 525 genuinis
1738 489 1842 517 uerbis
1868 488 2023 526 recepisse

158 543 250 571 supra
269 534 421 570 uidimus,
449 545 513 563 nou
532 536 632 564 solum
660 546 699 564 ex
725 536 784 564 hoc
811 537 898 571 loco,
925 546 1035 564 uerum
1056 546 1094 564 ex
1119 536 1188 564 aliis
1210 536 1301 564 etiam
1327 536 1495 571 concluth,
1521 535 1575 563 ubi
1604 535 1758 571 diuersae,
1785 536 1914 573 quaein
1935 535 2024 564 codj-

157 581 244 608 cibus
265 586 351 616 sunt,
385 581 556 620 scripturae
582 583 666 611 uude
686 589 771 612 ortae
791 583 871 619 sint,
898 584 959 612 alio
980 583 1070 612 modo
1090 593 1216 622 prorsus
1237 583 1386 622 explicari
1406 582 1523 620 nequit.
1561 582 1722 610 Eiusmodi
1742 583 1847 618 locus,
1875 587 1910 611 ut
1928 591 2024 611 unum

157 637 240 656 nuuc
259 628 410 664 adferam,
429 629 455 657 is
474 629 553 658 mihi
573 630 714 667 uidetur,
733 631 786 669 qui
807 632 840 660 C.
861 631 975 659 XXX.
995 629 1022 670 §.
1044 632 1087 666 73.
1107 636 1192 660 extat
1212 636 1244 659 et
1262 631 1296 658 in
1315 630 1471 669 plerisque
1492 629 1681 658 editionibus
1700 630 1743 659 ita
1763 629 1926 658 scribitur:

234 680 298 717 Qui
317 695 355 701 —-
373 683 418 709 sic
435 691 554 709 mecum
572 693 689 720 semper
708 685 815 720 egisti,
848 689 878 712 te
897 684 975 712 mihi
993 685 1149 712 remittere
1167 689 1260 721 atque
1279 683 1456 712 concedere,
1483 688 1518 710 ut
1537 692 1623 710 omne
1642 683 1782 710 stadium
1800 691 1899 710 meum
1919 683 1953 709 in
1972 679 2025 710 Cn.

158 727 276 756 Planci
294 727 406 756 honore
425 738 646 766 consumerem,
673 731 755 768 quod
772 733 838 758 eius
857 732 891 758 in
910 741 957 759 me
976 733 1120 759 meritum
1140 731 1198 759 tihi
1218 732 1341 758 etiam
1356 736 1486 766 gratnm
1506 740 1568 758 esse
1587 729 1718 757 dicebas.

232 778 353 806 Primus
375 779 545 817 Graeuius,
573 791 664 819 quem
684 787 806 810 secutus
828 782 967 810 Orellius
988 788 1050 818 est,
1075 788 1145 821 post
1166 784 1260 810 eliam
1281 781 1399 809 addidit
1419 783 1499 819 ipsi,
1527 781 1609 820 quod
1628 791 1798 819 pronomen
1819 790 1882 808 non
1900 780 1926 807 B
1946 784 1978 808 et
1997 778 2024 807 E

158 825 274 861 solum,
293 831 339 854 set
359 827 451 856 etiam
470 829 529 864 Pa,
551 828 592 864 C,
611 829 660 864 H,
682 829 719 864 S,
741 829 785 863 T,
811 834 842 858 et
860 838 882 863 ψ
902 828 1026 858 habeut.
1065 829 1129 857 Iam
1149 838 1271 866 quaeso,
1291 828 1343 866 qui
1363 829 1478 857 factum
1498 828 1555 864 sit,
1574 832 1609 856 ut
1628 828 1661 855 111
1680 827 1809 866 reliquis
1827 828 1895 856 fam.
1914 825 2026 855 tertiae

158 872 317 900 codicibus
337 874 551 904 omitteretur!
577 875 690 913 Neque
709 876 791 904 enim
812 876 877 905 eius
898 877 963 905 ullo
984 876 1074 905 modo
1095 875 1248 904 sententia
1269 875 1396 913 probari
1415 880 1537 914 potest,
1564 874 1617 913 qui
1638 875 1674 902 ab
1695 874 1750 910 iis,
1769 884 1787 902 a
1806 873 1916 912 quibus
1936 871 2024 900 codi-

158 929 208 948 ces
228 925 300 949 suut
319 921 451 957 exarati,
478 922 511 950 111
531 922 643 960 quibus
670 923 801 961 legitur,
824 924 1000 961 profectum
1027 923 1117 951 dicat.
1156 922 1266 960 Neque
1293 923 1417 951 omnino
1444 923 1560 960 glossae
1580 922 1719 950 similest.
1758 921 1864 960 Itaque
1884 919 2026 958 equidem

158 967 278 996 nullum
297 967 349 996 hic
375 968 512 1007 relinqui
539 970 701 999 dubitandi
728 971 831 999 locun]
857 970 1010 1007 arbitror,
1044 970 1119 1009 quin
1144 969 1178 997 in
1204 970 1310 998 codice
1335 970 1479 1008 principe
1505 970 1561 998 tibi
1585 971 1647 1006 ipsi
1667 976 1798 1008 gratum
1821 968 1971 1006 scriptum
1994 972 2026 997 et

158 1023 250 1052 super
272 1016 333 1051 ipsi
353 1015 528 1053 explicandi
549 1027 653 1046 caussa
676 1021 770 1046 etiam
792 1018 945 1056 particula
964 1017 1064 1056 posita
1083 1016 1197 1052 fuerit,
1216 1022 1380 1055 utrumque
1400 1022 1501 1045 autem
1523 1026 1636 1044 nomen
1653 1017 1689 1044 ab
1714 1016 1861 1044 ambobus
1880 1014 2027 1049 librariis,

159 1061 212 1098 qui
239 1062 376 1090 codicem
402 1062 577 1101 principem
606 1064 853 1102 descripserunt,
878 1070 1033 1093 retentum
1061 1064 1176 1100 suerit,
1203 1065 1246 1093 ita
1272 1069 1393 1100 tamen,
1419 1069 1454 1092 ut
1473 1063 1518 1099 is,
1537 1064 1590 1101 qui
1609 1063 1723 1091 librum
1743 1063 1886 1101 scripsit,
1906 1072 1946 1091 ex
1965 1072 2025 1100 quo

157 1109 228 1137 sam.
249 1109 359 1138 tertiae
380 1109 501 1137 codices
521 1110 672 1147 originem
693 1111 865 1148 duxerunt,
898 1112 1028 1141 alterum
1047 1122 1105 1150 pro
1125 1111 1210 1139 uaria
1230 1111 1364 1139 lectione
1384 1121 1476 1150 super
1502 1112 1632 1140 alterum
1661 1115 1792 1149 poneret
1816 1109 1870 1138 uel
1895 1108 2028 1146 margini

158 1157 357 1186 adscriberet.
397 1157 542 1185 Ceterum
568 1167 631 1185 11011
660 1169 736 1195 opus
763 1165 824 1195 est,
850 1164 887 1187 ut
912 1160 1009 1188 uerbo
1038 1160 1180 1194 doceam,
1201 1163 1325 1197 optume
1352 1159 1451 1187 solum
1478 1160 1541 1197 ipsi
1568 1158 1678 1186 omissa
1705 1159 1800 1185 etiam
1825 1155 1977 1195 particula
1995 1165 2028 1182 se

158 1203 282 1232 habere.
321 1203 546 1239 Nihilominus,
566 1214 606 1232 ue
625 1205 755 1235 nimium
776 1206 963 1236 coniecturis
983 1206 1059 1235 meis
1080 1206 1216 1234 tribuere
1236 1206 1370 1242 uiderer,
1389 1215 1455 1234 eam
1478 1205 1689 1244 recipiundam
1709 1205 1892 1243 scripturam
1910 1201 2030 1241 putaui,

158 1261 248 1288 quam
269 1251 388 1289 optumi
409 1251 483 1279 libri
503 1257 674 1281 tuerentur.

232 1299 342 1337 Longe
362 1299 454 1327 etiam
473 1309 541 1327 mea
560 1300 714 1329 sententia
734 1311 750 1328 a
769 1310 845 1329 uero
866 1302 1023 1330 aberrauit
1045 1300 1200 1336 Orellius,
1229 1300 1282 1338 qui
1303 1300 1336 1328 C.
1356 1300 1502 1329 XXXV.
1523 1298 1550 1339 ἕ.
1571 1299 1616 1330 86.
1637 1309 1705 1328 011111
1727 1297 1913 1334 Garatonio,
1941 1297 2028 1326 cuius

158 1345 387 1375 adnotationem
407 1346 440 1374 111
460 1346 556 1375 111111111
575 1347 743 1383 marginem
764 1349 861 1377 reieci
878 1348 923 1388 Ἴ,
955 1350 1050 1378 trium
1070 1349 1140 1377 fam.
1160 1347 1271 1376 tertiae
1297 1347 1438 1376 codicum
1458 1348 1642 1376 auctoritate
1662 1357 1709 1374 me
1727 1355 1899 1385 pronomen
1919 1343 2028 1383 expel-

158 1393 283 1421 lendum
301 1393 434 1431 putauit.
472 1393 605 1431 Legitur
624 1394 711 1422 locus
732 1395 802 1431 ille,
822 1406 913 1433 quem
935 1397 1003 1425 dico
1015 1418 1024 1432 ,
1043 1397 1077 1424 111
1095 1395 1253 1433 plerisque
1272 1394 1461 1422 editionibus
1481 1395 1525 1420 sic.
1545 1395 1692 1430 scriptus:

232 1447 298 1481 Ego
325 1452 398 1470 uero
416 1445 527 1480 fateor
552 1445 792 1475 mehercule,
826 1449 911 1484 quod
934 1450 1068 1475 uiderim
1092 1446 1172 1473 mihi
1196 1444 1352 1471 auxilium
1376 1453 1438 1471 non
1464 1444 1581 1477 deesse,
1612 1444 1728 1471 idcirco
1753 1452 1807 1470 me
1832 1442 1883 1471 ille:
1909 1443 2029 1471 auxilio

154 1492 338 1530 pepercisse.

235 1538 352 1566 Contra
370 1535 403 1564 111
423 1537 558 1575 optumis
578 1547 611 1566 ac
631 1538 783 1576 plurumis
804 1539 963 1568 codicibus
984 1549 1047 1567 nou
1066 1538 1236 1567 mehercule
1255 1537 1418 1573 scribitur,
1443 1542 1490 1566 set
1514 1547 1582 1571 me,·
1609 1536 1750 1565 scribunt
1767 1535 1811 1564 ita
1829 1535 1871 1573 B,
1897 1536 1942 1572 E,
1968 1537 2030 1573 Ma,

160 1587 232 1621 Mb,
257 1586 322 1620 Le,
348 1584 411 1619 Pb,
438 1584 497 1619 Pc,
523 1584 570 1620 D,
600 1585 646 1621 G,
666 1585 734 1621 Br.‚
756 1587 804 1622 H,
826 1587 864 1622 S,
886 1586 930 1622 T,
950 1594 984 1620 ς,
1006 1590 1037 1614 et
1055 1587 1110 1623 χ5.
1149 1585 1234 1613 Idem
1254 1595 1329 1613 uero
1350 1585 1443 1620 libri,
1471 1584 1610 1623 exceptis
1630 1584 1700 1619 Br.,
1728 1583 1774 1620 T,
1794 1589 1824 1612 et
1843 1584 1904 1621 23,
1924 1593 2030 1612 omnes

160 1634 297 1663 retinent
317 1643 363 1660 me
382 1641 554 1669 pronomen
574 1637 644 1669 post
664 1634 797 1667 idcireo,
818 1632 899 1670 quod
918 1637 1004 1670 patet
1023 1643 1039 1660 a
1061 1632 1213 1661 Cicerone
1233 1642 1295 1659 non
1315 1631 1453 1670 potuisse
1473 1631 1558 1666 addi,
1579 1631 1605 1659 si
1624 1631 1716 1669 paulo
1737 1636 1808 1658 ante
1827 1641 1890 1659 11011
1909 1631 2028 1659 meher-

161 1683 227 1709 cule
247 1685 293 1708 set
313 1689 359 1707 me
379 1678 513 1716 scripsit.
551 1678 658 1716 Itaque
680 1679 828 1715 Orellius‚
858 1680 912 1718 qui
931 1690 988 1718 pro
1010 1678 1182 1707 mehercule
1201 1689 1373 1718 pronomen
1393 1689 1439 1707 me
1458 1678 1586 1717 recepit,
1607 1687 1647 1706 ex
1665 1678 1726 1713 Br.,
1747 1677 1786 1713 T,
1806 1683 1837 1706 et
1855 1677 1902 1713 23
1921 1683 2028 1706 aucto-

160 1729 253 1757 ritate
274 1737 320 1754 me
339 1729 410 1764 post
430 1725 544 1753 idcireo
565 1725 690 1755 deleuit.
730 1727 798 1755 Etsi
819 1728 1002 1756 Ciceronem
1022 1727 1158 1755 scribere
1179 1726 1223 1754 sic
1243 1726 1382 1765 potuisse
1402 1735 1492 1754 nemo
1512 1725 1652 1763 negabit,
1684 1730 1786 1753 tamen
1805 1725 1849 1753 ita
1868 1734 1930 1752 non
1950 1725 2028 1753 scri-

161 1775 274 1813 psisse,
294 1772 435 1801 codicum
455 1771 627 1810 scripturae
647 1780 735 1803 extra
755 1774 997 1803 controuersiam
1018 1779 1149 1813 ponunt.
1178 1773 1257 1802 Nam
1277 1779 1312 1802 ut
1332 1773 1413 1801 1111111
1432 1783 1514 1801 1111110
1534 1773 1567 1800 id
1586 1783 1718 1810 urgeam,
1739 1772 1821 1811 quod
1839 1772 1906 1800 iure
1924 1772 2030 1810 urgeri

161 1826 275 1860 potest,
290 1820 386 1848 trium
400 1819 525 1847 illorum
542 1820 682 1849 codicum
702 1822 886 1860 scripturam
901 1822 988 1849 nullo
1005 1826 1094 1860 pacto
1110 1821 1300 1859 reliquorum
1315 1821 1467 1849 librorum
1482 1820 1612 1848 lectioni
1628 1819 1779 1858 praeferri
1793 1829 1894 1858 posse,
1908 1820 2030 1848 cuinam

162 1867 285 1896 tandem
305 1866 472 1904 interpreti
487 1872 539 1895 aut
554 1867 682 1896 librario
703 1869 735 1896 in
753 1874 887 1897 mentem
906 1874 1030 1907 poterat
1044 1868 1161 1903 uenire,
1181 1873 1251 1906 post
1265 1869 1380 1896 idcirco
1400 1867 1511 1895 addere
1527 1878 1584 1901 me,
1605 1867 1631 1895 si
1650 1867 1750 1906 ipsum
1768 1867 1843 1896 istut
1857 1876 2030 1905 pronomen

163 1914 254 1943 modo
274 1918 344 1952 post
355 1913 466 1951 fateor
484 1914 620 1952 positum
640 1915 783 1944 uiderat?
802 1916 901 1953 Atqui
921 1916 1058 1945 additum
1078 1917 1110 1944 in
1133 1915 1275 1944 omnibus
1295 1915 1384 1943 libris
1405 1916 1543 1954 exceptis
1562 1914 1662 1943 tribus
1682 1914 1745 1942 illis
1764 1914 1930 1952 reperitur.
1959 1914 2029 1943 Hoc

162 1962 258 2000 igitur
277 1965 312 1990 ut
331 1961 368 1988 ab
396 1962 481 1990 omni
506 1962 726 2001 probabilitate
752 1963 917 1998 abhorret,
944 1963 987 1991 ita
1005 1963 1078 1992 illut
1105 1968 1213 1991 contra
1236 1962 1428 1991 facillumum
1454 1962 1568 1992 dictust
1587 1966 1618 1990 et
1637 1961 1812 2000 explicatu,
1838 1961 1891 1999 qui
1916 1960 2030 1990 factum

231 2112 253 2143 Ἴ
272 2111 372 2135 Fateor
389 2110 549 2145 mehercule]
584 2111 655 2136 Uide
680 2120 711 2135 an
737 2110 836 2135 rectius
861 2110 929 2135 absit
952 2109 1118 2141 mehercule,
1143 2115 1171 2134 ut
1196 2109 1326 2135 Lambino
1350 2109 1414 2134 haut
1440 2109 1496 2134 siue
1524 2117 1614 2133 caussa
1639 2108 1757 2134 uisumst.
1793 2109 1830 2134 Ea
1856 2114 1909 2137 uox
1931 2115 1945 2132 a
1969 2106 2028 2131 ced.

164 2155 260 2180 Dresd.
280 2155 355 2180 abest
370 2159 442 2185 tota3
466 2155 493 2180 in
512 2164 571 2180 meo
591 2160 617 2179 et
635 2155 660 2180 in
679 2155 758 2180 Barb.
778 2159 806 2178 nt
823 2155 850 2180 in
870 2154 948 2179 Rom.
968 2159 994 2179 et
1011 2159 1122 2187 utraque
1141 2153 1208 2179 Uen.
1228 2159 1254 2178 et
1271 2154 1298 2178 in
1318 2154 1377 2178 cod.
1398 2152 1429 2179 C.
1448 2152 1539 2186 Steph.
1560 2158 1599 2177 est
1615 2152 1712 2186 fateor
1728 2161 1781 2183 me,
1805 2151 1890 2186 quod;
1913 2150 1940 2176 in
1957 2158 2029 2174 mar-

163 2199 222 2233 gine
241 2198 320 2224 Barb.
337 2203 364 2223 et
382 2199 435 2223 mei
453 2199 559 2224 additur
576 2198 696 2228 hercule,
716 2203 757 2223 set
775 2198 897 2224 adiuncta
914 2203 976 2224 nota
997 2198 1073 2223 uocis
1091 2197 1203 2229 scilicet,
1221 2205 1271 2230 qua
1289 2197 1317 2222 id
1335 2206 1392 2222 esse
1412 2206 1426 2222 a
1445 2198 1595 2222 coniectura
1612 2197 1730 2227 sciamus,
1750 2204 1834 2228 eoque
1852 2194 1939 2227 magis,
1957 2194 2029 2226 quod

163 2244 245 2268 Barb.
270 2244 307 2268 ita
331 2243 410 2276 plane
433 2242 529 2276 habet,
549 2248 578 2267 ut
605 2243 677 2268 dedit
694 2242 852 2273 Lambinus,
867 2242 964 2276 fateor
989 2251 1045 2271 me,
1075 2242 1146 2275 quod
1161 2255 1195 2260 —
1213 2241 1310 2266 idcirco
1329 2241 1373 2266 illi
1390 2241 1494 2266 auxilio
1509 2241 1669 2275 pepercisse.
1703 2241 1772 2266 Nam
1795 2239 1910 2263 retinent
1926 2246 1966 2262 me
1984 2237 2028 2262 illi

166 2287 258 2317 ceteri,
277 2295 343 2320 quos
362 2287 425 2319 dixi,
443 2287 521 2317 libri3
539 2292 617 2321 atque
635 2288 702 2312 adeo
721 2287 792 2320 prior
810 2286 876 2311 Uen.
897 2295 938 2311 me
957 2286 1001 2311 illi
1019 2285 1123 2311 auxilio
1141 2295 1182 2310 me
1196 2285 1359 2319 pepercisse,
1377 2291 1406 2310 ut
1424 2286 1496 2310 uaria
1514 2285 1675 2318 pronominis
1694 2282 1841 2309 conlocatio
1861 2287 1888 2306 et
1905 2283 2027 2307 iteratio-

164 2340 225 2356 nem
248 2331 318 2355 illius
346 2335 373 2355 et
394 2331 625 2365 interpolationem
653 2331 704 2355 loci
731 2331 864 2364 peperisse
889 2331 1020 2356 uideatur.
1055 2331 1159 2355 Ducem
1192 2330 1217 2354 in
1243 2329 1292 2353 hac
1319 2337 1348 2353 re
1375 2334 1513 2362 optumum
1536 2330 1649 2363 aliquem
1676 2326 1795 2353 codicem
1816 2325 1915 2351 habere
1940 2327 2027 2352 uelim.

165 2375 416 2400 GARATONIUS
431 2376 452 2400 I.
489 2375 555 2400 Cum
578 2375 707 2400 Lambino
732 2374 896 2407 legendumst
912 2374 1009 2407 fateor
1034 2383 1088 2406 me,
1113 2380 1139 2399 et
1163 2374 1304 2407 repetitum
1328 2382 1369 2397 me
1386 2373 1450 2398 infra
1469 2374 1622 2405 delendum,
1644 2372 1739 2396 Bauar·
1757 2375 1782 2394 et
1801 2369 1904 2395 duobus
1922 2370 2028 2399 (lxoun.

165 2419 343 2445 suadentibus.
377 2418 429 2443 L'el
448 2419 527 2444 etiam
545 2424 601 2443 toto
621 2419 706 2444 eiecto
723 2417 870 2443 mehercule
888 2418 997 2443 alterum
1016 2427 1056 2442 me
1074 2419 1242 2443 retineamus.
1279 2418 1527 2443 GARATONH‘S
1544 2417 1576 2441 IL
