<?xml version="1.0" encoding="UTF-8"?>
<!DOCTYPE html PUBLIC "-//W3C//DTD XHTML 1.0 Transitional//EN"
    "http://www.w3.org/TR/xhtml1/DTD/xhtml1-transitional.dtd">
<html xmlns="http://www.w3.org/1999/xhtml" xml:lang="en" lang="en">
 <head>
  <title>
</title>
<meta http-equiv="Content-Type" content="text/html;charset=utf-8" />
  <meta name='ocr-system' content='tesseract 3.04.00' />
  <meta name='ocr-capabilities' content='ocr_page ocr_carea ocr_par ocr_line ocrx_word'/>
</head>
<body>
  <div class='ocr_page' id='page_1' title='image "./oratioprocnplanc00ciceuoft/oratioprocnplanc00ciceuoft_0186.png"; bbox 0 0 2185 2720; ppageno 0'>
   <div class='ocr_carea' id='block_1_1' title="bbox 126 172 1354 206">
    <p class='ocr_par' dir='ltr' id='par_1_1' title="bbox 126 172 1354 206">
     <span class='ocr_line' id='line_1_1' title="bbox 126 172 1354 206; baseline -0.004 0"><span class='ocrx_word' id='word_1_1' title='bbox 126 179 163 206; x_wconf 73' lang='lat'>70</span> <span class='ocrx_word' id='word_1_2' title='bbox 772 172 1354 203; x_wconf 86' lang='lat' dir='ltr'><strong>COMMENTARIUS.</strong></span> 
     </span>
    </p>
   </div>
   <div class='ocr_carea' id='block_1_2' title="bbox 127 245 2009 443">
    <p class='ocr_par' dir='ltr' id='par_1_2' title="bbox 127 245 2009 443">
     <span class='ocr_line' id='line_1_2' title="bbox 128 245 2005 291; baseline 0.001 -13"><span class='ocrx_word' id='word_1_3' title='bbox 128 258 161 291; x_wconf 86' lang='lat' dir='ltr'>p.</span> <span class='ocrx_word' id='word_1_4' title='bbox 187 246 277 278; x_wconf 76' lang='lat'><strong>525..</strong></span> <span class='ocrx_word' id='word_1_5' title='bbox 321 245 370 278; x_wconf 77' lang='lat' dir='ltr'>Ita</span> <span class='ocrx_word' id='word_1_6' title='bbox 395 246 554 279; x_wconf 82' lang='lat' dir='ltr'>scribitur</span> <span class='ocrx_word' id='word_1_7' title='bbox 578 251 660 288; x_wconf 86' lang='lat' dir='ltr'>aput</span> <span class='ocrx_word' id='word_1_8' title='bbox 685 246 887 280; x_wconf 84' lang='lat' dir='ltr'>Terentium</span> <span class='ocrx_word' id='word_1_9' title='bbox 910 255 1083 290; x_wconf 85' lang='lat' dir='ltr'>tamquam</span> <span class='ocrx_word' id='word_1_10' title='bbox 1108 259 1151 278; x_wconf 79' lang='lat' dir='ltr'>ex</span> <span class='ocrx_word' id='word_1_11' title='bbox 1173 246 1293 278; x_wconf 88' lang='lat' dir='ltr'>Bembi</span> <span class='ocrx_word' id='word_1_12' title='bbox 1317 245 1450 285; x_wconf 85' lang='lat' dir='ltr'>codice,</span> <span class='ocrx_word' id='word_1_13' title='bbox 1481 251 1515 277; x_wconf 86' lang='lat' dir='ltr'>et</span> <span class='ocrx_word' id='word_1_14' title='bbox 1536 245 1584 277; x_wconf 87' lang='lat' dir='ltr'>sic</span> <span class='ocrx_word' id='word_1_15' title='bbox 1605 247 1664 279; x_wconf 87' lang='lat' dir='ltr'>ille</span> <span class='ocrx_word' id='word_1_16' title='bbox 1687 248 1822 290; x_wconf 88' lang='lat' dir='ltr'>quidem</span> <span class='ocrx_word' id='word_1_17' title='bbox 1848 248 2005 280; x_wconf 76' lang='lat' dir='ltr'>Eunuch-</span> 
     </span>
     <span class='ocr_line' id='line_1_3' title="bbox 127 298 2009 343; baseline -0.001 -12"><span class='ocrx_word' id='word_1_18' title='bbox 127 301 177 337; x_wconf 88' lang='lat' dir='ltr'>II,</span> <span class='ocrx_word' id='word_1_19' title='bbox 205 311 241 338; x_wconf 87' lang='lat'>1,</span> <span class='ocrx_word' id='word_1_20' title='bbox 269 298 316 330; x_wconf 59' lang='lat'>14.</span> <span class='ocrx_word' id='word_1_21' title='bbox 341 306 373 331; x_wconf 84' lang='lat' dir='ltr'>et</span> <span class='ocrx_word' id='word_1_22' title='bbox 396 300 534 330; x_wconf 85' lang='lat' dir='ltr'>Phorm.</span> <span class='ocrx_word' id='word_1_23' title='bbox 556 299 606 336; x_wconf 86' lang='lat' dir='ltr'>V,</span> <span class='ocrx_word' id='word_1_24' title='bbox 631 299 668 337; x_wconf 85' lang='grc'>5,</span> <span class='ocrx_word' id='word_1_25' title='bbox 695 311 761 338; x_wconf 88' lang='grc'><strong>11.,</strong></span> <span class='ocrx_word' id='word_1_26' title='bbox 793 307 843 331; x_wconf 86' lang='lat' dir='ltr'>set</span> <span class='ocrx_word' id='word_1_27' title='bbox 866 301 1014 343; x_wconf 78' lang='lat' dir='ltr'>Adelph.</span> <span class='ocrx_word' id='word_1_28' title='bbox 1041 301 1110 335; x_wconf 90' lang='lat' dir='ltr'>IV,</span> <span class='ocrx_word' id='word_1_29' title='bbox 1138 311 1171 339; x_wconf 84' lang='lat'>1,</span> <span class='ocrx_word' id='word_1_30' title='bbox 1196 300 1225 331; x_wconf 80' lang='lat'>5.</span> <span class='ocrx_word' id='word_1_31' title='bbox 1256 298 1479 342; x_wconf 61' lang='lat' dir='ltr'>defatigarit.</span> <span class='ocrx_word' id='word_1_32' title='bbox 1504 299 1763 331; x_wconf 75' lang='lat' dir='ltr'><strong>GARATONHJS.</strong></span> <span class='ocrx_word' id='word_1_33' title='bbox 1808 301 1853 332; x_wconf 89' lang='lat' dir='ltr'>Et</span> <span class='ocrx_word' id='word_1_34' title='bbox 1875 301 2009 331; x_wconf 79' lang='lat' dir='ltr'>Tereu-</span> 
     </span>
     <span class='ocr_line' id='line_1_4' title="bbox 128 350 2009 396; baseline -0.001 -12"><span class='ocrx_word' id='word_1_35' title='bbox 128 353 213 384; x_wconf 83' lang='lat' dir='ltr'>tinm</span> <span class='ocrx_word' id='word_1_36' title='bbox 239 359 272 383; x_wconf 84' lang='lat' dir='ltr'>et</span> <span class='ocrx_word' id='word_1_37' title='bbox 298 352 497 383; x_wconf 74' lang='lat' dir='ltr'>Ciceronem</span> <span class='ocrx_word' id='word_1_38' title='bbox 528 350 721 394; x_wconf 59' lang='lat' dir='ltr'>defetigari</span> <span class='ocrx_word' id='word_1_39' title='bbox 748 353 937 396; x_wconf 79' lang='lat' dir='ltr'>scripsisse,</span> <span class='ocrx_word' id='word_1_40' title='bbox 975 354 1012 385; x_wconf 88' lang='lat' dir='ltr'>in</span> <span class='ocrx_word' id='word_1_41' title='bbox 1033 353 1140 393; x_wconf 85' lang='lat' dir='ltr'>libro,</span> <span class='ocrx_word' id='word_1_42' title='bbox 1180 363 1281 394; x_wconf 86' lang='lat' dir='ltr'>quem</span> <span class='ocrx_word' id='word_1_43' title='bbox 1312 352 1354 383; x_wconf 92' lang='lat' dir='ltr'>de</span> <span class='ocrx_word' id='word_1_44' title='bbox 1376 351 1619 394; x_wconf 79' lang='lat' dir='ltr'>orthographia</span> <span class='ocrx_word' id='word_1_45' title='bbox 1649 351 1755 383; x_wconf 81' lang='lat' dir='ltr'>latina</span> <span class='ocrx_word' id='word_1_46' title='bbox 1778 352 2009 394; x_wconf 83' lang='lat' dir='ltr'>conscriptum</span> 
     </span>
     <span class='ocr_line' id='line_1_5' title="bbox 127 403 786 443; baseline -0.002 -6"><span class='ocrx_word' id='word_1_47' title='bbox 127 416 211 437; x_wconf 71' lang='lat' dir='ltr'>mox</span> <span class='ocrx_word' id='word_1_48' title='bbox 233 404 387 435; x_wconf 80' lang='lat' dir='ltr'>omissuri</span> <span class='ocrx_word' id='word_1_49' title='bbox 409 414 542 443; x_wconf 85' lang='lat' dir='ltr'>sumus,</span> <span class='ocrx_word' id='word_1_50' title='bbox 566 403 786 436; x_wconf 82' lang='lat' dir='ltr'>ostendimus.</span> 
     </span>
    </p>
   </div>
   <div class='ocr_carea' id='block_1_3' title="bbox 939 491 1198 529">
    <p class='ocr_par' dir='ltr' id='par_1_3' title="bbox 939 491 1198 529">
     <span class='ocr_line' id='line_1_6' title="bbox 939 491 1198 529; baseline -0.008 -1"><span class='ocrx_word' id='word_1_51' title='bbox 939 493 1100 529; x_wconf 86' lang='lat' dir='ltr'><strong>CAP.</strong></span> <span class='ocrx_word' id='word_1_52' title='bbox 1151 491 1198 528; x_wconf 85' lang='lat' dir='ltr'>V.</span> 
     </span>
    </p>
   </div>
   <div class='ocr_carea' id='block_1_4' title="bbox 121 561 2014 2493">
    <p class='ocr_par' dir='ltr' id='par_1_4' title="bbox 121 561 2014 2493">
     <span class='ocr_line' id='line_1_7' title="bbox 212 561 2011 607; baseline 0 -13"><span class='ocrx_word' id='word_1_53' title='bbox 212 565 241 604; x_wconf 85' lang='lat'>§.</span> <span class='ocrx_word' id='word_1_54' title='bbox 269 574 317 594; x_wconf 82' lang='lat'>12.</span> <span class='ocrx_word' id='word_1_55' title='bbox 362 564 434 603; x_wconf 86' lang='lat' dir='ltr'>Qui</span> <span class='ocrx_word' id='word_1_56' title='bbox 456 564 488 596; x_wconf 86' lang='lat' dir='ltr'>si</span> <span class='ocrx_word' id='word_1_57' title='bbox 507 580 552 587; x_wconf 91' lang='lat'>—-</span> <span class='ocrx_word' id='word_1_58' title='bbox 572 563 655 595; x_wconf 77' lang='lat' dir='ltr'>haec</span> <span class='ocrx_word' id='word_1_59' title='bbox 677 564 790 606; x_wconf 80' lang='lat' dir='ltr'>dicat)</span> <span class='ocrx_word' id='word_1_60' title='bbox 834 565 861 597; x_wconf 92' lang='lat' dir='ltr'>B</span> <span class='ocrx_word' id='word_1_61' title='bbox 892 579 933 598; x_wconf 85' lang='lat' dir='ltr'>ac</span> <span class='ocrx_word' id='word_1_62' title='bbox 955 566 1050 597; x_wconf 84' lang='lat' dir='ltr'>dicat</span> <span class='ocrx_word' id='word_1_63' title='bbox 1072 576 1135 607; x_wconf 85' lang='lat' dir='ltr'>pro</span> <span class='ocrx_word' id='word_1_64' title='bbox 1160 565 1243 597; x_wconf 79' lang='lat' dir='ltr'>lzaec</span> <span class='ocrx_word' id='word_1_65' title='bbox 1265 563 1380 596; x_wconf 81' lang='lat' dir='ltr'>dicat.-</span> <span class='ocrx_word' id='word_1_66' title='bbox 1409 568 1449 594; x_wconf 86' lang='lat' dir='ltr'>ut</span> <span class='ocrx_word' id='word_1_67' title='bbox 1470 562 1513 594; x_wconf 84' lang='lat' dir='ltr'>ad</span> <span class='ocrx_word' id='word_1_68' title='bbox 1536 563 1710 605; x_wconf 70' lang='lat' dir='ltr'>sequentia</span> <span class='ocrx_word' id='word_1_69' title='bbox 1731 561 1919 601; x_wconf 79' lang='lat' dir='ltr'>referatur,</span> <span class='ocrx_word' id='word_1_70' title='bbox 1956 572 2011 594; x_wconf 90' lang='lat' dir='ltr'>re-</span> 
     </span>
     <span class='ocr_line' id='line_1_8' title="bbox 127 615 2010 659; baseline -0.001 -13"><span class='ocrx_word' id='word_1_71' title='bbox 127 616 326 658; x_wconf 83' lang='lat' dir='ltr'>spondebis,</span> <span class='ocrx_word' id='word_1_72' title='bbox 354 617 465 648; x_wconf 83' lang='lat' dir='ltr'>credo.</span> <span class='ocrx_word' id='word_1_73' title='bbox 509 616 629 646; x_wconf 87' lang='lat' dir='ltr'>Breuis</span> <span class='ocrx_word' id='word_1_74' title='bbox 654 623 704 647; x_wconf 87' lang='lat' dir='ltr'>est</span> <span class='ocrx_word' id='word_1_75' title='bbox 728 617 818 648; x_wconf 87' lang='lat' dir='ltr'>enim</span> <span class='ocrx_word' id='word_1_76' title='bbox 842 617 1027 655; x_wconf 76' lang='lat' dir='ltr'>adlocutio,</span> <span class='ocrx_word' id='word_1_77' title='bbox 1062 629 1146 659; x_wconf 83' lang='lat' dir='ltr'>quae</span> <span class='ocrx_word' id='word_1_78' title='bbox 1170 616 1360 655; x_wconf 80' lang='lat' dir='ltr'>inducitur,</span> <span class='ocrx_word' id='word_1_79' title='bbox 1397 621 1498 656; x_wconf 86' lang='lat' dir='ltr'>atque</span> <span class='ocrx_word' id='word_1_80' title='bbox 1521 615 1604 647; x_wconf 84' lang='lat' dir='ltr'>adeo</span> <span class='ocrx_word' id='word_1_81' title='bbox 1628 615 1785 654; x_wconf 77' lang='lat' dir='ltr'>breuior,</span> <span class='ocrx_word' id='word_1_82' title='bbox 1824 625 1925 655; x_wconf 86' lang='lat' dir='ltr'>quam</span> <span class='ocrx_word' id='word_1_83' title='bbox 1945 625 2010 656; x_wconf 83' lang='lat' dir='ltr'>pro</span> 
     </span>
     <span class='ocr_line' id='line_1_9' title="bbox 127 667 2012 710; baseline -0.001 -10"><span class='ocrx_word' id='word_1_84' title='bbox 127 668 203 700; x_wconf 83' lang='lat' dir='ltr'>Mil.</span> <span class='ocrx_word' id='word_1_85' title='bbox 228 668 289 705; x_wconf 64' lang='lat'>28„</span> <span class='ocrx_word' id='word_1_86' title='bbox 314 668 372 698; x_wconf 83' lang='lat' dir='ltr'>ubi</span> <span class='ocrx_word' id='word_1_87' title='bbox 393 670 425 699; x_wconf 83' lang='lat' dir='ltr'>si</span> <span class='ocrx_word' id='word_1_88' title='bbox 443 669 614 700; x_wconf 75' lang='lat' dir='ltr'>clamaret</span> <span class='ocrx_word' id='word_1_89' title='bbox 640 669 680 701; x_wconf 88' lang='lat' dir='ltr'>T.</span> <span class='ocrx_word' id='word_1_90' title='bbox 696 669 837 702; x_wconf 86' lang='lat' dir='ltr'>Annius</span> <span class='ocrx_word' id='word_1_91' title='bbox 851 687 894 692; x_wconf 89' lang='lat'>——</span> <span class='ocrx_word' id='word_1_92' title='bbox 910 676 997 702; x_wconf 86' lang='lat' dir='ltr'>esset</span> <span class='ocrx_word' id='word_1_93' title='bbox 1020 682 1102 701; x_wconf 82' lang='lat' dir='ltr'>uero</span> <span class='ocrx_word' id='word_1_94' title='bbox 1126 670 1326 701; x_wconf 78' lang='lat' dir='ltr'>timendum.</span> <span class='ocrx_word' id='word_1_95' title='bbox 1371 668 1426 698; x_wconf 87' lang='lat' dir='ltr'>Sic</span> <span class='ocrx_word' id='word_1_96' title='bbox 1448 668 1561 709; x_wconf 87' lang='lat' dir='ltr'>itaque</span> <span class='ocrx_word' id='word_1_97' title='bbox 1584 668 1806 710; x_wconf 79' lang='lat' dir='ltr'>interpungo:</span> <span class='ocrx_word' id='word_1_98' title='bbox 1831 673 1864 699; x_wconf 88' lang='lat' dir='ltr'>et</span> <span class='ocrx_word' id='word_1_99' title='bbox 1886 667 1918 698; x_wconf 84' lang='lat' dir='ltr'>si</span> <span class='ocrx_word' id='word_1_100' title='bbox 1940 679 2012 699; x_wconf 81' lang='lat' dir='ltr'>una</span> 
     </span>
     <span class='ocr_line' id='line_1_10' title="bbox 128 720 2008 765; baseline -0.002 -13"><span class='ocrx_word' id='word_1_101' title='bbox 128 732 210 752; x_wconf 80' lang='lat' dir='ltr'>uoce</span> <span class='ocrx_word' id='word_1_102' title='bbox 233 720 328 762; x_wconf 84' lang='lat' dir='ltr'>loqui</span> <span class='ocrx_word' id='word_1_103' title='bbox 345 721 478 762; x_wconf 77' lang='lat' dir='ltr'>possit,</span> <span class='ocrx_word' id='word_1_104' title='bbox 505 733 546 751; x_wconf 83' lang='lat' dir='ltr'>ac</span> <span class='ocrx_word' id='word_1_105' title='bbox 571 721 684 753; x_wconf 85' lang='lat' dir='ltr'>dicat:</span> <span class='ocrx_word' id='word_1_106' title='bbox 727 723 807 763; x_wconf 83' lang='lat' dir='ltr'>Ego</span> <span class='ocrx_word' id='word_1_107' title='bbox 831 721 895 753; x_wconf 74' lang='lat' dir='ltr'>tibi</span> <span class='ocrx_word' id='word_1_108' title='bbox 916 739 958 744; x_wconf 91' lang='lat'>—</span> <span class='ocrx_word' id='word_1_109' title='bbox 981 723 1218 765; x_wconf 77' lang='lat' dir='ltr'>supplicarat:</span> <span class='ocrx_word' id='word_1_110' title='bbox 1263 720 1481 763; x_wconf 79' lang='lat' dir='ltr'>respondebis</span> <span class='ocrx_word' id='word_1_111' title='bbox 1505 721 1604 752; x_wconf 86' lang='lat' dir='ltr'>credo</span> <span class='ocrx_word' id='word_1_112' title='bbox 1627 727 1709 751; x_wconf 78' lang='lat' dir='ltr'>etc..</span> <span class='ocrx_word' id='word_1_113' title='bbox 1747 721 2008 751; x_wconf 76' lang='lat' dir='ltr'><strong>GARATONIUS.</strong></span> 
     </span>
     <span class='ocr_line' id='line_1_11' title="bbox 129 770 2011 815; baseline 0 -13"><span class='ocrx_word' id='word_1_114' title='bbox 129 772 233 803; x_wconf 88' lang='lat' dir='ltr'>Cuius</span> <span class='ocrx_word' id='word_1_115' title='bbox 256 772 458 802; x_wconf 88' lang='lat' dir='ltr'>sententiam</span> <span class='ocrx_word' id='word_1_116' title='bbox 481 784 550 803; x_wconf 88' lang='lat' dir='ltr'>non</span> <span class='ocrx_word' id='word_1_117' title='bbox 569 773 647 804; x_wconf 81' lang='lat' dir='ltr'>satis</span> <span class='ocrx_word' id='word_1_118' title='bbox 670 774 841 805; x_wconf 79' lang='lat' dir='ltr'>intellexit</span> <span class='ocrx_word' id='word_1_119' title='bbox 865 775 1028 812; x_wconf 90' lang='lat' dir='ltr'>Orellius,</span> <span class='ocrx_word' id='word_1_120' title='bbox 1053 774 1110 815; x_wconf 87' lang='lat' dir='ltr'>qui</span> <span class='ocrx_word' id='word_1_121' title='bbox 1134 772 1238 814; x_wconf 83' lang='lat' dir='ltr'>magis</span> <span class='ocrx_word' id='word_1_122' title='bbox 1262 772 1363 802; x_wconf 77' lang='lat' dir='ltr'>etiam</span> <span class='ocrx_word' id='word_1_123' title='bbox 1386 783 1404 802; x_wconf 89' lang='lat' dir='ltr'>a</span> <span class='ocrx_word' id='word_1_124' title='bbox 1421 783 1503 803; x_wconf 90' lang='lat' dir='ltr'>uero</span> <span class='ocrx_word' id='word_1_125' title='bbox 1526 773 1707 811; x_wconf 83' lang='lat' dir='ltr'>aberrauit,</span> <span class='ocrx_word' id='word_1_126' title='bbox 1730 783 1891 803; x_wconf 86' lang='lat' dir='ltr'>monens:</span> <span class='ocrx_word' id='word_1_127' title='bbox 1915 770 2011 809; x_wconf 83' lang='lat' dir='ltr'>„Uix</span> 
     </span>
     <span class='ocr_line' id='line_1_12' title="bbox 129 822 2009 867; baseline -0.001 -13"><span class='ocrx_word' id='word_1_128' title='bbox 129 824 286 865; x_wconf 80' lang='lat' dir='ltr'>equidem</span> <span class='ocrx_word' id='word_1_129' title='bbox 309 824 489 865; x_wconf 81' lang='lat' dir='ltr'>intellegO,</span> <span class='ocrx_word' id='word_1_130' title='bbox 532 826 702 866; x_wconf 86' lang='lat' dir='ltr'>quomodo</span> <span class='ocrx_word' id='word_1_131' title='bbox 728 826 933 865; x_wconf 87' lang='lat' dir='ltr'>Garatonio,</span> <span class='ocrx_word' id='word_1_132' title='bbox 974 826 1027 856; x_wconf 88' lang='lat' dir='ltr'>cui</span> <span class='ocrx_word' id='word_1_133' title='bbox 1050 825 1249 867; x_wconf 85' lang='lat' dir='ltr'>subscripsit</span> <span class='ocrx_word' id='word_1_134' title='bbox 1271 823 1454 863; x_wconf 80' lang='lat' dir='ltr'>VV01ffius‚</span> <span class='ocrx_word' id='word_1_135' title='bbox 1494 824 1577 855; x_wconf 85' lang='lat' dir='ltr'>haec</span> <span class='ocrx_word' id='word_1_136' title='bbox 1605 824 1794 855; x_wconf 82' lang='lat' dir='ltr'>emendatio</span> <span class='ocrx_word' id='word_1_137' title='bbox 1824 822 2009 855; x_wconf 81' lang='lat' dir='ltr'>exciderit:</span> 
     </span>
     <span class='ocr_line' id='line_1_13' title="bbox 129 875 2010 920; baseline -0.001 -13"><span class='ocrx_word' id='word_1_138' title='bbox 129 877 190 918; x_wconf 83' lang='lat' dir='ltr'>qui</span> <span class='ocrx_word' id='word_1_139' title='bbox 211 877 242 907; x_wconf 88' lang='lat' dir='ltr'>si</span> <span class='ocrx_word' id='word_1_140' title='bbox 265 882 376 908; x_wconf 86' lang='lat' dir='ltr'>tecum</span> <span class='ocrx_word' id='word_1_141' title='bbox 398 878 668 920; x_wconf 73' lang='lat' dir='ltr'>congrediatur,</span> <span class='ocrx_word' id='word_1_142' title='bbox 698 885 749 917; x_wconf 86' lang='lat' dir='ltr'>et,</span> <span class='ocrx_word' id='word_1_143' title='bbox 785 879 929 919; x_wconf 85' lang='lat' dir='ltr'>[comma</span> <span class='ocrx_word' id='word_1_144' title='bbox 950 878 1015 908; x_wconf 87' lang='lat' dir='ltr'>hoc</span> <span class='ocrx_word' id='word_1_145' title='bbox 1037 889 1106 908; x_wconf 89' lang='lat' dir='ltr'>non</span> <span class='ocrx_word' id='word_1_146' title='bbox 1128 878 1242 920; x_wconf 81' lang='lat' dir='ltr'>posuit</span> <span class='ocrx_word' id='word_1_147' title='bbox 1267 877 1487 918; x_wconf 84' lang='lat' dir='ltr'>Garatonius]</span> <span class='ocrx_word' id='word_1_148' title='bbox 1519 878 1551 908; x_wconf 83' lang='lat' dir='ltr'>si</span> <span class='ocrx_word' id='word_1_149' title='bbox 1571 889 1641 909; x_wconf 79' lang='lat' dir='ltr'>una</span> <span class='ocrx_word' id='word_1_150' title='bbox 1667 889 1748 909; x_wconf 84' lang='lat' dir='ltr'>uoce</span> <span class='ocrx_word' id='word_1_151' title='bbox 1773 876 1868 919; x_wconf 83' lang='lat' dir='ltr'>loqui</span> <span class='ocrx_word' id='word_1_152' title='bbox 1884 875 2010 919; x_wconf 80' lang='lat' dir='ltr'>possit,</span> 
     </span>
     <span class='ocr_line' id='line_1_14' title="bbox 128 927 2012 972; baseline -0.001 -13"><span class='ocrx_word' id='word_1_153' title='bbox 128 940 169 959; x_wconf 87' lang='lat' dir='ltr'>ac</span> <span class='ocrx_word' id='word_1_154' title='bbox 191 928 286 960; x_wconf 75' lang='lat' dir='ltr'>dicat</span> <span class='ocrx_word' id='word_1_155' title='bbox 308 935 387 960; x_wconf 88' lang='lat' dir='ltr'>etc..</span> <span class='ocrx_word' id='word_1_156' title='bbox 434 930 530 971; x_wconf 84' lang='lat' dir='ltr'>Quae</span> <span class='ocrx_word' id='word_1_157' title='bbox 554 930 645 960; x_wconf 90' lang='lat' dir='ltr'>enim</span> <span class='ocrx_word' id='word_1_158' title='bbox 667 930 730 961; x_wconf 86' lang='lat' dir='ltr'>ista</span> <span class='ocrx_word' id='word_1_159' title='bbox 750 931 955 962; x_wconf 85' lang='lat' dir='ltr'>constructio</span> <span class='ocrx_word' id='word_1_160' title='bbox 981 936 1013 962; x_wconf 84' lang='lat' dir='ltr'>et</span> <span class='ocrx_word' id='word_1_161' title='bbox 1035 943 1076 961; x_wconf 86' lang='lat' dir='ltr'>ac</span> <span class='ocrx_word' id='word_1_162' title='bbox 1099 931 1219 961; x_wconf 80' lang='lat' dir='ltr'>dicat?</span> <span class='ocrx_word' id='word_1_163' title='bbox 1264 931 1385 971; x_wconf 90' lang='lat' dir='ltr'>Neque</span> <span class='ocrx_word' id='word_1_164' title='bbox 1408 929 1519 960; x_wconf 89' lang='lat' dir='ltr'>omitti</span> <span class='ocrx_word' id='word_1_165' title='bbox 1543 935 1656 972; x_wconf 86' lang='lat' dir='ltr'>potest</span> <span class='ocrx_word' id='word_1_166' title='bbox 1677 929 1755 960; x_wconf 88' lang='lat' dir='ltr'>illut</span> <span class='ocrx_word' id='word_1_167' title='bbox 1779 935 1832 967; x_wconf 89' lang='lat' dir='ltr'>et,</span> <span class='ocrx_word' id='word_1_168' title='bbox 1861 939 1938 958; x_wconf 88' lang='lat' dir='ltr'>cum</span> <span class='ocrx_word' id='word_1_169' title='bbox 1955 927 2012 958; x_wconf 87' lang='lat' dir='ltr'>in-</span> 
     </span>
     <span class='ocr_line' id='line_1_15' title="bbox 128 979 2012 1026; baseline 0.001 -17"><span class='ocrx_word' id='word_1_170' title='bbox 128 980 366 1021; x_wconf 61' lang='lat' dir='ltr'>gratiss-unum</span> <span class='ocrx_word' id='word_1_171' title='bbox 398 981 486 1013; x_wconf 84' lang='lat' dir='ltr'>soret</span> <span class='ocrx_word' id='word_1_172' title='bbox 509 981 673 1014; x_wconf 69' lang='grc' dir='ltr'><em>ἀσύνδετον</em></span> <span class='ocrx_word' id='word_1_173' title='bbox 697 984 757 1026; x_wconf 80' lang='lat' dir='ltr'>qui</span> <span class='ocrx_word' id='word_1_174' title='bbox 784 984 816 1015; x_wconf 85' lang='lat' dir='ltr'>si</span> <span class='ocrx_word' id='word_1_175' title='bbox 839 989 950 1014; x_wconf 71' lang='lat' dir='ltr'>tec-unz</span> <span class='ocrx_word' id='word_1_176' title='bbox 980 983 1250 1024; x_wconf 75' lang='lat' dir='ltr'>congrediatur,</span> <span class='ocrx_word' id='word_1_177' title='bbox 1294 982 1326 1013; x_wconf 84' lang='lat' dir='ltr'>si</span> <span class='ocrx_word' id='word_1_178' title='bbox 1353 994 1424 1013; x_wconf 79' lang='lat' dir='ltr'>una</span> <span class='ocrx_word' id='word_1_179' title='bbox 1453 994 1486 1014; x_wconf 84' lang='lat' dir='ltr'>u.</span> <span class='ocrx_word' id='word_1_180' title='bbox 1509 983 1532 1014; x_wconf 85' lang='lat' dir='ltr'>l.</span> <span class='ocrx_word' id='word_1_181' title='bbox 1553 982 1681 1025; x_wconf 85' lang='lat' dir='ltr'>possit,</span> <span class='ocrx_word' id='word_1_182' title='bbox 1720 994 1760 1013; x_wconf 85' lang='lat' dir='ltr'>ac</span> <span class='ocrx_word' id='word_1_183' title='bbox 1789 981 1894 1012; x_wconf 84' lang='lat' dir='ltr'>dicat.</span> <span class='ocrx_word' id='word_1_184' title='bbox 1936 979 2012 1012; x_wconf 84' lang='lat' dir='ltr'>Nec</span> 
     </span>
     <span class='ocr_line' id='line_1_16' title="bbox 128 1032 2012 1078; baseline 0.001 -16"><span class='ocrx_word' id='word_1_185' title='bbox 128 1032 193 1063; x_wconf 90' lang='lat' dir='ltr'>tria</span> <span class='ocrx_word' id='word_1_186' title='bbox 216 1039 294 1063; x_wconf 88' lang='lat' dir='ltr'>sunt</span> <span class='ocrx_word' id='word_1_187' title='bbox 317 1035 469 1066; x_wconf 85' lang='lat' dir='ltr'>membra</span> <span class='ocrx_word' id='word_1_188' title='bbox 491 1036 586 1078; x_wconf 85' lang='lat' dir='ltr'>paria</span> <span class='ocrx_word' id='word_1_189' title='bbox 611 1037 642 1067; x_wconf 89' lang='lat' dir='ltr'>si</span> <span class='ocrx_word' id='word_1_190' title='bbox 665 1036 924 1078; x_wconf 79' lang='lat' dir='ltr'>congrediatur,</span> <span class='ocrx_word' id='word_1_191' title='bbox 949 1040 982 1066; x_wconf 90' lang='lat' dir='ltr'>et</span> <span class='ocrx_word' id='word_1_192' title='bbox 1003 1035 1035 1065; x_wconf 84' lang='lat' dir='ltr'>si</span> <span class='ocrx_word' id='word_1_193' title='bbox 1057 1051 1099 1057; x_wconf 93' lang='lat'>—</span> <span class='ocrx_word' id='word_1_194' title='bbox 1115 1035 1241 1076; x_wconf 81' lang='lat' dir='ltr'>possit,</span> <span class='ocrx_word' id='word_1_195' title='bbox 1264 1047 1306 1066; x_wconf 88' lang='lat' dir='ltr'>ac</span> <span class='ocrx_word' id='word_1_196' title='bbox 1327 1035 1440 1073; x_wconf 83' lang='lat' dir='ltr'>dicat3</span> <span class='ocrx_word' id='word_1_197' title='bbox 1462 1039 1512 1064; x_wconf 91' lang='lat' dir='ltr'>set</span> <span class='ocrx_word' id='word_1_198' title='bbox 1535 1034 1742 1076; x_wconf 80' lang='lat' dir='ltr'>si—-possit</span> <span class='ocrx_word' id='word_1_199' title='bbox 1769 1032 1903 1064; x_wconf 82' lang='lat' dir='ltr'>dicendi</span> <span class='ocrx_word' id='word_1_200' title='bbox 1927 1043 2012 1064; x_wconf 88' lang='lat' dir='ltr'>con-</span> 
     </span>
     <span class='ocr_line' id='line_1_17' title="bbox 128 1085 2012 1129; baseline 0.001 -14"><span class='ocrx_word' id='word_1_201' title='bbox 128 1085 214 1116; x_wconf 86' lang='lat' dir='ltr'>tinet</span> <span class='ocrx_word' id='word_1_202' title='bbox 237 1086 479 1118; x_wconf 85' lang='lat' dir='ltr'>condicionem.</span> <span class='ocrx_word' id='word_1_203' title='bbox 526 1089 687 1119; x_wconf 84' lang='lat' dir='ltr'>Ceterum</span> <span class='ocrx_word' id='word_1_204' title='bbox 712 1094 792 1118; x_wconf 86' lang='lat' dir='ltr'>nota</span> <span class='ocrx_word' id='word_1_205' title='bbox 815 1093 1008 1129; x_wconf 88' lang='lat' dir='ltr'>separatum</span> <span class='ocrx_word' id='word_1_206' title='bbox 1031 1091 1065 1117; x_wconf 86' lang='lat' dir='ltr'>et</span> <span class='ocrx_word' id='word_1_207' title='bbox 1087 1086 1118 1116; x_wconf 85' lang='lat' dir='ltr'>si</span> <span class='ocrx_word' id='word_1_208' title='bbox 1140 1086 1253 1117; x_wconf 90' lang='lat' dir='ltr'>locum</span> <span class='ocrx_word' id='word_1_209' title='bbox 1275 1086 1393 1128; x_wconf 89' lang='lat' dir='ltr'>utique</span> <span class='ocrx_word' id='word_1_210' title='bbox 1416 1086 1560 1127; x_wconf 81' lang='lat' dir='ltr'>habere,</span> <span class='ocrx_word' id='word_1_211' title='bbox 1594 1086 1653 1116; x_wconf 86' lang='lat' dir='ltr'>ubi</span> <span class='ocrx_word' id='word_1_212' title='bbox 1679 1091 1823 1126; x_wconf 85' lang='lat' dir='ltr'>utraque</span> <span class='ocrx_word' id='word_1_213' title='bbox 1844 1085 2012 1127; x_wconf 84' lang='lat' dir='ltr'>particula</span> 
     </span>
     <span class='ocr_line' id='line_1_18' title="bbox 129 1137 2013 1182; baseline 0.002 -15"><span class='ocrx_word' id='word_1_214' title='bbox 129 1137 277 1169; x_wconf 87' lang='lat' dir='ltr'>diuersas</span> <span class='ocrx_word' id='word_1_215' title='bbox 300 1138 341 1169; x_wconf 89' lang='lat' dir='ltr'>ad</span> <span class='ocrx_word' id='word_1_216' title='bbox 364 1140 545 1171; x_wconf 84' lang='lat' dir='ltr'>sententias</span> <span class='ocrx_word' id='word_1_217' title='bbox 568 1141 757 1182; x_wconf 79' lang='lat' dir='ltr'>pertineat3</span> <span class='ocrx_word' id='word_1_218' title='bbox 792 1139 944 1181; x_wconf 89' lang='lat' dir='ltr'>alioquin</span> <span class='ocrx_word' id='word_1_219' title='bbox 968 1138 1190 1169; x_wconf 80' lang='lat' dir='ltr'>accuratiores</span> <span class='ocrx_word' id='word_1_220' title='bbox 1221 1138 1337 1169; x_wconf 88' lang='lat' dir='ltr'>dicunt</span> <span class='ocrx_word' id='word_1_221' title='bbox 1358 1151 1399 1170; x_wconf 83' lang='lat' dir='ltr'>ac</span> <span class='ocrx_word' id='word_1_222' title='bbox 1421 1139 1461 1171; x_wconf 86' lang='lat' dir='ltr'>si.</span> <span class='ocrx_word' id='word_1_223' title='bbox 1504 1138 1586 1170; x_wconf 80' lang='lat' dir='ltr'>Alia</span> <span class='ocrx_word' id='word_1_224' title='bbox 1608 1138 1708 1169; x_wconf 84' lang='lat' dir='ltr'>etiam</span> <span class='ocrx_word' id='word_1_225' title='bbox 1730 1138 1850 1169; x_wconf 84' lang='lat' dir='ltr'>ratiost</span> <span class='ocrx_word' id='word_1_226' title='bbox 1871 1138 2013 1170; x_wconf 84' lang='lat' dir='ltr'>illorum</span> 
     </span>
     <span class='ocr_line' id='line_1_19' title="bbox 127 1190 2012 1231; baseline 0.001 -12"><span class='ocrx_word' id='word_1_227' title='bbox 127 1201 180 1231; x_wconf 82' lang='lat' dir='ltr'>ap.</span> <span class='ocrx_word' id='word_1_228' title='bbox 204 1191 282 1221; x_wconf 91' lang='lat' dir='ltr'>Liu.</span> <span class='ocrx_word' id='word_1_229' title='bbox 307 1191 357 1229; x_wconf 79' lang='lat' dir='ltr'>II⁷</span> <span class='ocrx_word' id='word_1_230' title='bbox 388 1192 440 1223; x_wconf 79' lang='lat'>45.</span> <span class='ocrx_word' id='word_1_231' title='bbox 465 1199 498 1224; x_wconf 86' lang='lat' dir='ltr'>et</span> <span class='ocrx_word' id='word_1_232' title='bbox 521 1193 551 1224; x_wconf 86' lang='lat' dir='ltr'>si</span> <span class='ocrx_word' id='word_1_233' title='bbox 573 1205 640 1223; x_wconf 83' lang='lat' dir='ltr'>non</span> <span class='ocrx_word' id='word_1_234' title='bbox 669 1193 867 1224; x_wconf 73' lang='lat' dir='ltr'>adhortatio</span> <span class='ocrx_word' id='word_1_235' title='bbox 894 1192 1004 1224; x_wconf 84' lang='lat' dir='ltr'>inuisi</span> <span class='ocrx_word' id='word_1_236' title='bbox 1027 1191 1125 1223; x_wconf 83' lang='lat' dir='ltr'>ducis</span> <span class='ocrx_word' id='word_1_237' title='bbox 1149 1196 1229 1230; x_wconf 88' lang='lat' dir='ltr'>cet.‚</span> <span class='ocrx_word' id='word_1_238' title='bbox 1265 1190 1324 1221; x_wconf 87' lang='lat' dir='ltr'>ubi</span> <span class='ocrx_word' id='word_1_239' title='bbox 1346 1191 1472 1222; x_wconf 85' lang='lat' dir='ltr'>Muret.</span> <span class='ocrx_word' id='word_1_240' title='bbox 1493 1202 1531 1221; x_wconf 91' lang='lat' dir='ltr'>ac</span> <span class='ocrx_word' id='word_1_241' title='bbox 1554 1191 1644 1221; x_wconf 88' lang='lat' dir='ltr'>an.</span> <span class='ocrx_word' id='word_1_242' title='bbox 1670 1197 1702 1223; x_wconf 86' lang='lat' dir='ltr'>et</span> <span class='ocrx_word' id='word_1_243' title='bbox 1726 1190 1908 1221; x_wconf 87' lang='lat' dir='ltr'>delendum</span> <span class='ocrx_word' id='word_1_244' title='bbox 1931 1201 2012 1221; x_wconf 88' lang='lat' dir='ltr'>cen-</span> 
     </span>
     <span class='ocr_line' id='line_1_20' title="bbox 129 1243 2012 1287; baseline 0.002 -14"><span class='ocrx_word' id='word_1_245' title='bbox 129 1254 243 1281; x_wconf 78' lang='lat' dir='ltr'>suere3</span> <span class='ocrx_word' id='word_1_246' title='bbox 269 1250 319 1274; x_wconf 84' lang='lat' dir='ltr'>set</span> <span class='ocrx_word' id='word_1_247' title='bbox 341 1256 483 1286; x_wconf 81' lang='lat' dir='ltr'>sequens</span> <span class='ocrx_word' id='word_1_248' title='bbox 506 1251 569 1277; x_wconf 86' lang='lat' dir='ltr'>aut</span> <span class='ocrx_word' id='word_1_249' title='bbox 588 1245 769 1287; x_wconf 82' lang='lat' dir='ltr'>legendum</span> <span class='ocrx_word' id='word_1_250' title='bbox 792 1245 925 1277; x_wconf 86' lang='lat' dir='ltr'>suadet:</span> <span class='ocrx_word' id='word_1_251' title='bbox 949 1249 1024 1282; x_wconf 81' lang='lat' dir='ltr'>aut,</span> <span class='ocrx_word' id='word_1_252' title='bbox 1047 1244 1079 1274; x_wconf 86' lang='lat' dir='ltr'>si</span> <span class='ocrx_word' id='word_1_253' title='bbox 1093 1256 1171 1275; x_wconf 89' lang='lat' dir='ltr'>non.</span> <span class='ocrx_word' id='word_1_254' title='bbox 1215 1244 1320 1275; x_wconf 88' lang='lat' dir='ltr'>Recte</span> <span class='ocrx_word' id='word_1_255' title='bbox 1333 1255 1416 1274; x_wconf 87' lang='lat' dir='ltr'>uero</span> <span class='ocrx_word' id='word_1_256' title='bbox 1437 1243 1655 1287; x_wconf 79' lang='lat' dir='ltr'>respondebis</span> <span class='ocrx_word' id='word_1_257' title='bbox 1670 1255 1734 1286; x_wconf 89' lang='lat' dir='ltr'>pro</span> <span class='ocrx_word' id='word_1_258' title='bbox 1752 1244 1892 1285; x_wconf 88' lang='lat' dir='ltr'>apodosi</span> <span class='ocrx_word' id='word_1_259' title='bbox 1914 1245 2012 1287; x_wconf 88' lang='lat' dir='ltr'>prio-</span> 
     </span>
     <span class='ocr_line' id='line_1_21' title="bbox 127 1295 2014 1338; baseline 0.002 -13"><span class='ocrx_word' id='word_1_260' title='bbox 127 1307 205 1326; x_wconf 87' lang='lat' dir='ltr'>rum</span> <span class='ocrx_word' id='word_1_261' title='bbox 228 1297 288 1338; x_wconf 76' lang='lat' dir='ltr'>qui</span> <span class='ocrx_word' id='word_1_262' title='bbox 308 1314 350 1319; x_wconf 91' lang='lat'>-</span> <span class='ocrx_word' id='word_1_263' title='bbox 372 1298 455 1329; x_wconf 74' lang='lat' dir='ltr'>llaec</span> <span class='ocrx_word' id='word_1_264' title='bbox 477 1298 571 1329; x_wconf 73' lang='lat' dir='ltr'>dicat</span> <span class='ocrx_word' id='word_1_265' title='bbox 594 1298 741 1328; x_wconf 84' lang='lat' dir='ltr'>habuere</span> <span class='ocrx_word' id='word_1_266' title='bbox 765 1297 971 1329; x_wconf 88' lang='lat' dir='ltr'>Garatonius</span> <span class='ocrx_word' id='word_1_267' title='bbox 995 1302 1028 1326; x_wconf 85' lang='lat' dir='ltr'>et</span> <span class='ocrx_word' id='word_1_268' title='bbox 1052 1295 1260 1327; x_wconf 55' lang='lat' dir='ltr'>XVolffiusf‘</span> <span class='ocrx_word' id='word_1_269' title='bbox 1303 1297 1397 1328; x_wconf 87' lang='lat' dir='ltr'>Haec</span> <span class='ocrx_word' id='word_1_270' title='bbox 1420 1297 1588 1336; x_wconf 88' lang='lat' dir='ltr'>Orellius,</span> <span class='ocrx_word' id='word_1_271' title='bbox 1619 1297 1677 1338; x_wconf 92' lang='lat' dir='ltr'>qui</span> <span class='ocrx_word' id='word_1_272' title='bbox 1698 1297 1812 1328; x_wconf 88' lang='lat' dir='ltr'>locum</span> <span class='ocrx_word' id='word_1_273' title='bbox 1835 1296 1882 1327; x_wconf 85' lang='lat' dir='ltr'>ita</span> <span class='ocrx_word' id='word_1_274' title='bbox 1903 1297 2014 1329; x_wconf 86' lang='lat' dir='ltr'>inter-</span> 
     </span>
     <span class='ocr_line' id='line_1_22' title="bbox 126 1348 2012 1393; baseline 0.003 -16"><span class='ocrx_word' id='word_1_275' title='bbox 126 1348 270 1389; x_wconf 78' lang='lat' dir='ltr'>punxit:</span> <span class='ocrx_word' id='word_1_276' title='bbox 295 1349 367 1388; x_wconf 82' lang='lat' dir='ltr'>Qui</span> <span class='ocrx_word' id='word_1_277' title='bbox 387 1367 430 1372; x_wconf 89' lang='lat'>·—-</span> <span class='ocrx_word' id='word_1_278' title='bbox 452 1351 718 1392; x_wconf 77' lang='lat' dir='ltr'>congrediatur,</span> <span class='ocrx_word' id='word_1_279' title='bbox 743 1356 792 1388; x_wconf 89' lang='lat' dir='ltr'>et,</span> <span class='ocrx_word' id='word_1_280' title='bbox 817 1351 848 1381; x_wconf 87' lang='lat' dir='ltr'>si</span> <span class='ocrx_word' id='word_1_281' title='bbox 869 1367 911 1373; x_wconf 92' lang='lat'>—</span> <span class='ocrx_word' id='word_1_282' title='bbox 929 1349 1062 1392; x_wconf 81' lang='lat' dir='ltr'>possit,</span> <span class='ocrx_word' id='word_1_283' title='bbox 1083 1349 1167 1380; x_wconf 76' lang='lat' dir='ltr'>haec</span> <span class='ocrx_word' id='word_1_284' title='bbox 1189 1349 1304 1381; x_wconf 81' lang='lat' dir='ltr'>dicat:</span> <span class='ocrx_word' id='word_1_285' title='bbox 1346 1350 1426 1392; x_wconf 79' lang='lat' dir='ltr'>Ego</span> <span class='ocrx_word' id='word_1_286' title='bbox 1451 1350 1514 1380; x_wconf 85' lang='lat' dir='ltr'>tibi</span> <span class='ocrx_word' id='word_1_287' title='bbox 1535 1367 1578 1373; x_wconf 91' lang='lat'>—</span> <span class='ocrx_word' id='word_1_288' title='bbox 1599 1351 1838 1393; x_wconf 83' lang='lat' dir='ltr'>supplicarat:</span> <span class='ocrx_word' id='word_1_289' title='bbox 1870 1362 2012 1393; x_wconf 82' lang='lat' dir='ltr'>respon-</span> 
     </span>
     <span class='ocr_line' id='line_1_23' title="bbox 128 1400 2009 1445; baseline 0.002 -14"><span class='ocrx_word' id='word_1_290' title='bbox 128 1400 222 1431; x_wconf 80' lang='lat' dir='ltr'>debis</span> <span class='ocrx_word' id='word_1_291' title='bbox 246 1407 327 1431; x_wconf 83' lang='lat' dir='ltr'>etc..</span> <span class='ocrx_word' id='word_1_292' title='bbox 374 1402 505 1434; x_wconf 87' lang='lat' dir='ltr'>Uerum</span> <span class='ocrx_word' id='word_1_293' title='bbox 529 1402 642 1445; x_wconf 86' lang='lat' dir='ltr'>inepte</span> <span class='ocrx_word' id='word_1_294' title='bbox 665 1403 796 1433; x_wconf 90' lang='lat' dir='ltr'>locutus</span> <span class='ocrx_word' id='word_1_295' title='bbox 821 1408 906 1433; x_wconf 88' lang='lat' dir='ltr'>esset</span> <span class='ocrx_word' id='word_1_296' title='bbox 929 1401 1068 1439; x_wconf 84' lang='lat' dir='ltr'>Cicero,</span> <span class='ocrx_word' id='word_1_297' title='bbox 1097 1400 1124 1431; x_wconf 82' lang='lat' dir='ltr'>si</span> <span class='ocrx_word' id='word_1_298' title='bbox 1147 1401 1251 1432; x_wconf 84' lang='lat' dir='ltr'>uerba</span> <span class='ocrx_word' id='word_1_299' title='bbox 1274 1402 1489 1445; x_wconf 77' lang='lat' dir='ltr'>respondebis</span> <span class='ocrx_word' id='word_1_300' title='bbox 1513 1407 1574 1432; x_wconf 88' lang='lat' dir='ltr'>etc.</span> <span class='ocrx_word' id='word_1_301' title='bbox 1598 1402 1762 1443; x_wconf 86' lang='lat' dir='ltr'>apodosin</span> <span class='ocrx_word' id='word_1_302' title='bbox 1785 1402 2009 1434; x_wconf 84' lang='lat' dir='ltr'>continerent.</span> 
     </span>
     <span class='ocr_line' id='line_1_24' title="bbox 127 1453 2013 1496; baseline 0.002 -13"><span class='ocrx_word' id='word_1_303' title='bbox 127 1453 177 1484; x_wconf 87' lang='lat' dir='ltr'>Ita</span> <span class='ocrx_word' id='word_1_304' title='bbox 201 1453 291 1483; x_wconf 89' lang='lat' dir='ltr'>enim</span> <span class='ocrx_word' id='word_1_305' title='bbox 314 1453 425 1484; x_wconf 81' lang='lat' dir='ltr'>uideri</span> <span class='ocrx_word' id='word_1_306' title='bbox 449 1454 587 1485; x_wconf 86' lang='lat' dir='ltr'>deberet</span> <span class='ocrx_word' id='word_1_307' title='bbox 609 1455 642 1484; x_wconf 90' lang='lat' dir='ltr'>id</span> <span class='ocrx_word' id='word_1_308' title='bbox 666 1466 774 1496; x_wconf 81' lang='lat' dir='ltr'>agere,</span> <span class='ocrx_word' id='word_1_309' title='bbox 799 1461 837 1485; x_wconf 89' lang='lat' dir='ltr'>ut</span> <span class='ocrx_word' id='word_1_310' title='bbox 861 1454 942 1496; x_wconf 88' lang='lat' dir='ltr'>quid</span> <span class='ocrx_word' id='word_1_311' title='bbox 955 1453 1148 1485; x_wconf 83' lang='lat' dir='ltr'>Laterensis</span> <span class='ocrx_word' id='word_1_312' title='bbox 1170 1454 1396 1495; x_wconf 85' lang='lat' dir='ltr'>potissumum</span> <span class='ocrx_word' id='word_1_313' title='bbox 1418 1453 1558 1496; x_wconf 85' lang='lat' dir='ltr'>populo,</span> <span class='ocrx_word' id='word_1_314' title='bbox 1582 1453 1610 1484; x_wconf 88' lang='lat' dir='ltr'>si</span> <span class='ocrx_word' id='word_1_315' title='bbox 1631 1453 1791 1495; x_wconf 88' lang='lat' dir='ltr'>congredi</span> <span class='ocrx_word' id='word_1_316' title='bbox 1814 1465 1891 1485; x_wconf 91' lang='lat' dir='ltr'>cum</span> <span class='ocrx_word' id='word_1_317' title='bbox 1915 1465 1954 1486; x_wconf 87' lang='lat' dir='ltr'>eo</span> <span class='ocrx_word' id='word_1_318' title='bbox 1978 1460 2013 1486; x_wconf 78' lang='lat' dir='ltr'>et.</span> 
     </span>
     <span class='ocr_line' id='line_1_25' title="bbox 127 1505 2010 1549; baseline 0.002 -14"><span class='ocrx_word' id='word_1_319' title='bbox 127 1517 194 1535; x_wconf 83' lang='lat' dir='ltr'>una</span> <span class='ocrx_word' id='word_1_320' title='bbox 217 1506 310 1546; x_wconf 87' lang='lat' dir='ltr'>loqui</span> <span class='ocrx_word' id='word_1_321' title='bbox 335 1517 417 1536; x_wconf 84' lang='lat' dir='ltr'>uoce</span> <span class='ocrx_word' id='word_1_322' title='bbox 439 1513 568 1549; x_wconf 81' lang='lat' dir='ltr'>posset,</span> <span class='ocrx_word' id='word_1_323' title='bbox 599 1518 823 1548; x_wconf 81' lang='lat' dir='ltr'>responsurus</span> <span class='ocrx_word' id='word_1_324' title='bbox 847 1512 950 1544; x_wconf 85' lang='lat' dir='ltr'>esset,</span> <span class='ocrx_word' id='word_1_325' title='bbox 985 1512 1184 1548; x_wconf 80' lang='lat' dir='ltr'>exponeret.</span> <span class='ocrx_word' id='word_1_326' title='bbox 1229 1507 1279 1538; x_wconf 92' lang='lat' dir='ltr'>At</span> <span class='ocrx_word' id='word_1_327' title='bbox 1300 1505 1503 1549; x_wconf 88' lang='lat' dir='ltr'>primarium</span> <span class='ocrx_word' id='word_1_328' title='bbox 1527 1506 1591 1536; x_wconf 89' lang='lat' dir='ltr'>hoc</span> <span class='ocrx_word' id='word_1_329' title='bbox 1613 1512 1681 1542; x_wconf 79' lang='lat' dir='ltr'>est,</span> <span class='ocrx_word' id='word_1_330' title='bbox 1708 1512 1765 1545; x_wconf 87' lang='lat' dir='ltr'>ut,</span> <span class='ocrx_word' id='word_1_331' title='bbox 1798 1506 1888 1547; x_wconf 90' lang='lat' dir='ltr'>quod</span> <span class='ocrx_word' id='word_1_332' title='bbox 1911 1517 1939 1537; x_wconf 85' lang='lat' dir='ltr'>c.</span> <span class='ocrx_word' id='word_1_333' title='bbox 1962 1507 2010 1539; x_wconf 88' lang='lat' dir='ltr'>V.</span> 
     </span>
     <span class='ocr_line' id='line_1_26' title="bbox 128 1553 2011 1601; baseline 0.002 -14"><span class='ocrx_word' id='word_1_334' title='bbox 128 1557 267 1588; x_wconf 87' lang='lat' dir='ltr'>ineunte</span> <span class='ocrx_word' id='word_1_335' title='bbox 299 1557 466 1590; x_wconf 80' lang='lat' dir='ltr'>facturum</span> <span class='ocrx_word' id='word_1_336' title='bbox 497 1571 531 1590; x_wconf 89' lang='lat' dir='ltr'>se</span> <span class='ocrx_word' id='word_1_337' title='bbox 552 1559 714 1597; x_wconf 88' lang='lat' dir='ltr'>ostendit,</span> <span class='ocrx_word' id='word_1_338' title='bbox 750 1559 897 1601; x_wconf 86' lang='lat' dir='ltr'>populus</span> <span class='ocrx_word' id='word_1_339' title='bbox 921 1553 1006 1600; x_wconf 84' lang='lat' dir='ltr'>quae</span> <span class='ocrx_word' id='word_1_340' title='bbox 1031 1558 1181 1590; x_wconf 88' lang='lat' dir='ltr'>dicturus</span> <span class='ocrx_word' id='word_1_341' title='bbox 1204 1559 1246 1590; x_wconf 87' lang='lat' dir='ltr'>sit</span> <span class='ocrx_word' id='word_1_342' title='bbox 1280 1565 1396 1590; x_wconf 89' lang='lat' dir='ltr'>contra</span> <span class='ocrx_word' id='word_1_343' title='bbox 1418 1560 1654 1597; x_wconf 78' lang='lat' dir='ltr'>Laterensem,</span> <span class='ocrx_word' id='word_1_344' title='bbox 1689 1558 1717 1590; x_wconf 86' lang='lat' dir='ltr'>si</span> <span class='ocrx_word' id='word_1_345' title='bbox 1738 1558 1845 1600; x_wconf 84' lang='lat' dir='ltr'>possit</span> <span class='ocrx_word' id='word_1_346' title='bbox 1870 1569 1947 1590; x_wconf 90' lang='lat' dir='ltr'>cum</span> <span class='ocrx_word' id='word_1_347' title='bbox 1970 1570 2011 1591; x_wconf 91' lang='lat' dir='ltr'>eo</span> 
     </span>
     <span class='ocr_line' id='line_1_27' title="bbox 130 1610 2012 1654; baseline 0.002 -13"><span class='ocrx_word' id='word_1_348' title='bbox 130 1610 306 1651; x_wconf 78' lang='lat' dir='ltr'>congredi,</span> <span class='ocrx_word' id='word_1_349' title='bbox 345 1611 379 1640; x_wconf 89' lang='lat' dir='ltr'>in</span> <span class='ocrx_word' id='word_1_350' title='bbox 407 1611 557 1643; x_wconf 88' lang='lat' dir='ltr'>medium</span> <span class='ocrx_word' id='word_1_351' title='bbox 588 1611 751 1654; x_wconf 84' lang='lat' dir='ltr'>proferat.</span> <span class='ocrx_word' id='word_1_352' title='bbox 796 1613 1017 1643; x_wconf 82' lang='lat' dir='ltr'>Laterensem</span> <span class='ocrx_word' id='word_1_353' title='bbox 1047 1610 1151 1652; x_wconf 83' lang='lat' dir='ltr'>igitur</span> <span class='ocrx_word' id='word_1_354' title='bbox 1176 1611 1204 1643; x_wconf 91' lang='lat' dir='ltr'>si</span> <span class='ocrx_word' id='word_1_355' title='bbox 1229 1623 1313 1653; x_wconf 87' lang='lat' dir='ltr'>quae</span> <span class='ocrx_word' id='word_1_356' title='bbox 1335 1610 1432 1653; x_wconf 84' lang='lat' dir='ltr'>fingit</span> <span class='ocrx_word' id='word_1_357' title='bbox 1452 1611 1573 1653; x_wconf 88' lang='lat' dir='ltr'>populi</span> <span class='ocrx_word' id='word_1_358' title='bbox 1598 1611 1744 1642; x_wconf 89' lang='lat' dir='ltr'>orationi</span> <span class='ocrx_word' id='word_1_359' title='bbox 1766 1622 2012 1653; x_wconf 85' lang='lat' dir='ltr'>responsurum</span> 
     </span>
     <span class='ocr_line' id='line_1_28' title="bbox 130 1662 2013 1707; baseline 0.002 -14"><span class='ocrx_word' id='word_1_360' title='bbox 130 1674 215 1700; x_wconf 74' lang='lat' dir='ltr'>esse,</span> <span class='ocrx_word' id='word_1_361' title='bbox 246 1674 282 1692; x_wconf 88' lang='lat' dir='ltr'>ea</span> <span class='ocrx_word' id='word_1_362' title='bbox 305 1663 490 1694; x_wconf 80' lang='lat' dir='ltr'>necessario</span> <span class='ocrx_word' id='word_1_363' title='bbox 515 1665 624 1695; x_wconf 86' lang='lat' dir='ltr'>obiter</span> <span class='ocrx_word' id='word_1_364' title='bbox 647 1670 779 1695; x_wconf 80' lang='lat' dir='ltr'>tantum</span> <span class='ocrx_word' id='word_1_365' title='bbox 801 1662 928 1694; x_wconf 79' lang='lat' dir='ltr'>adferri</span> <span class='ocrx_word' id='word_1_366' title='bbox 955 1662 1088 1694; x_wconf 83' lang='lat' dir='ltr'>debent.</span> <span class='ocrx_word' id='word_1_367' title='bbox 1134 1663 1173 1694; x_wconf 92' lang='lat' dir='ltr'>Id</span> <span class='ocrx_word' id='word_1_368' title='bbox 1196 1670 1307 1694; x_wconf 86' lang='lat' dir='ltr'>autem</span> <span class='ocrx_word' id='word_1_369' title='bbox 1333 1664 1379 1694; x_wconf 87' lang='lat' dir='ltr'>ita</span> <span class='ocrx_word' id='word_1_370' title='bbox 1402 1670 1533 1694; x_wconf 87' lang='lat' dir='ltr'>tantum</span> <span class='ocrx_word' id='word_1_371' title='bbox 1555 1663 1609 1702; x_wconf 84' lang='lat' dir='ltr'>fit,</span> <span class='ocrx_word' id='word_1_372' title='bbox 1641 1663 1669 1694; x_wconf 88' lang='lat' dir='ltr'>si</span> <span class='ocrx_word' id='word_1_373' title='bbox 1691 1663 1804 1694; x_wconf 86' lang='lat' dir='ltr'>uerbis</span> <span class='ocrx_word' id='word_1_374' title='bbox 1828 1665 2013 1707; x_wconf 84' lang='lat' dir='ltr'>responde-</span> 
     </span>
     <span class='ocr_line' id='line_1_29' title="bbox 129 1714 2012 1757; baseline 0.001 -11"><span class='ocrx_word' id='word_1_375' title='bbox 129 1715 179 1746; x_wconf 86' lang='lat' dir='ltr'>bis</span> <span class='ocrx_word' id='word_1_376' title='bbox 203 1720 264 1744; x_wconf 86' lang='lat' dir='ltr'>etc.</span> <span class='ocrx_word' id='word_1_377' title='bbox 291 1727 380 1745; x_wconf 82' lang='lat' dir='ltr'>noua</span> <span class='ocrx_word' id='word_1_378' title='bbox 401 1715 578 1747; x_wconf 77' lang='lat' dir='ltr'>inchoatur</span> <span class='ocrx_word' id='word_1_379' title='bbox 599 1716 774 1748; x_wconf 81' lang='lat' dir='ltr'>sententia.</span> <span class='ocrx_word' id='word_1_380' title='bbox 819 1716 995 1745; x_wconf 73' lang='lat' dir='ltr'>Praeterea</span> <span class='ocrx_word' id='word_1_381' title='bbox 1026 1714 1153 1746; x_wconf 85' lang='lat' dir='ltr'>mirum</span> <span class='ocrx_word' id='word_1_382' title='bbox 1189 1722 1352 1757; x_wconf 84' lang='lat' dir='ltr'>quantum</span> <span class='ocrx_word' id='word_1_383' title='bbox 1381 1721 1535 1746; x_wconf 84' lang='lat' dir='ltr'>contorta</span> <span class='ocrx_word' id='word_1_384' title='bbox 1565 1714 1602 1746; x_wconf 83' lang='lat' dir='ltr'>fit</span> <span class='ocrx_word' id='word_1_385' title='bbox 1631 1715 1796 1746; x_wconf 86' lang='lat' dir='ltr'>sententia</span> <span class='ocrx_word' id='word_1_386' title='bbox 1825 1716 2012 1748; x_wconf 87' lang='lat' dir='ltr'>uerborum</span> 
     </span>
     <span class='ocr_line' id='line_1_30' title="bbox 129 1767 2009 1809; baseline 0.001 -10"><span class='ocrx_word' id='word_1_387' title='bbox 129 1768 200 1807; x_wconf 84' lang='lat' dir='ltr'>Qui</span> <span class='ocrx_word' id='word_1_388' title='bbox 230 1767 260 1798; x_wconf 89' lang='lat' dir='ltr'>si</span> <span class='ocrx_word' id='word_1_389' title='bbox 282 1785 323 1790; x_wconf 90' lang='lat'><em>-</em></span> <span class='ocrx_word' id='word_1_390' title='bbox 345 1768 428 1799; x_wconf 75' lang='lat' dir='ltr'>llaec</span> <span class='ocrx_word' id='word_1_391' title='bbox 458 1769 567 1807; x_wconf 79' lang='lat' dir='ltr'>dicat,</span> <span class='ocrx_word' id='word_1_392' title='bbox 602 1768 630 1799; x_wconf 90' lang='lat' dir='ltr'>si</span> <span class='ocrx_word' id='word_1_393' title='bbox 654 1779 727 1798; x_wconf 83' lang='lat' dir='ltr'>eam</span> <span class='ocrx_word' id='word_1_394' title='bbox 750 1767 925 1809; x_wconf 88' lang='lat' dir='ltr'>sequimur</span> <span class='ocrx_word' id='word_1_395' title='bbox 948 1767 1213 1809; x_wconf 84' lang='lat' dir='ltr'>interpungendi</span> <span class='ocrx_word' id='word_1_396' title='bbox 1246 1769 1427 1806; x_wconf 80' lang='lat' dir='ltr'>rationem,</span> <span class='ocrx_word' id='word_1_397' title='bbox 1468 1779 1568 1809; x_wconf 89' lang='lat' dir='ltr'>quam</span> <span class='ocrx_word' id='word_1_398' title='bbox 1591 1767 1668 1798; x_wconf 89' lang='lat' dir='ltr'>iniit</span> <span class='ocrx_word' id='word_1_399' title='bbox 1692 1767 1854 1799; x_wconf 85' lang='lat' dir='ltr'>Orellius.</span> <span class='ocrx_word' id='word_1_400' title='bbox 1899 1768 2009 1800; x_wconf 90' lang='lat' dir='ltr'>Immo</span> 
     </span>
     <span class='ocr_line' id='line_1_31' title="bbox 129 1820 2010 1863; baseline 0.001 -12"><span class='ocrx_word' id='word_1_401' title='bbox 129 1820 215 1851; x_wconf 81' lang='lat' dir='ltr'>nihil</span> <span class='ocrx_word' id='word_1_402' title='bbox 239 1820 360 1850; x_wconf 75' lang='lat' dir='ltr'>certi-us</span> <span class='ocrx_word' id='word_1_403' title='bbox 385 1826 433 1850; x_wconf 87' lang='lat' dir='ltr'>est</span> <span class='ocrx_word' id='word_1_404' title='bbox 457 1832 557 1861; x_wconf 89' lang='lat' dir='ltr'>quam</span> <span class='ocrx_word' id='word_1_405' title='bbox 580 1820 796 1851; x_wconf 87' lang='lat' dir='ltr'>retinendum</span> <span class='ocrx_word' id='word_1_406' title='bbox 821 1831 891 1850; x_wconf 83' lang='lat' dir='ltr'>esse</span> <span class='ocrx_word' id='word_1_407' title='bbox 913 1831 1104 1861; x_wconf 85' lang='lat' dir='ltr'>pronomen</span> <span class='ocrx_word' id='word_1_408' title='bbox 1128 1822 1228 1860; x_wconf 71' lang='lat' dir='ltr'>haec,</span> <span class='ocrx_word' id='word_1_409' title='bbox 1267 1827 1367 1863; x_wconf 84' lang='lat' dir='ltr'>atque</span> <span class='ocrx_word' id='word_1_410' title='bbox 1390 1821 1493 1852; x_wconf 85' lang='lat' dir='ltr'>uerba</span> <span class='ocrx_word' id='word_1_411' title='bbox 1516 1822 1599 1852; x_wconf 64' lang='lat' dir='ltr'>llaec</span> <span class='ocrx_word' id='word_1_412' title='bbox 1622 1821 1718 1852; x_wconf 82' lang='lat' dir='ltr'>dicat</span> <span class='ocrx_word' id='word_1_413' title='bbox 1738 1820 1902 1862; x_wconf 86' lang='lat' dir='ltr'>apodosin</span> <span class='ocrx_word' id='word_1_414' title='bbox 1926 1832 2010 1852; x_wconf 90' lang='lat' dir='ltr'>con-</span> 
     </span>
     <span class='ocr_line' id='line_1_32' title="bbox 130 1872 2007 1916; baseline 0.001 -13"><span class='ocrx_word' id='word_1_415' title='bbox 130 1873 249 1903; x_wconf 82' lang='lat' dir='ltr'>tinere.</span> <span class='ocrx_word' id='word_1_416' title='bbox 295 1873 334 1902; x_wconf 88' lang='lat' dir='ltr'>ln</span> <span class='ocrx_word' id='word_1_417' title='bbox 358 1872 542 1903; x_wconf 87' lang='lat' dir='ltr'>coniunctis</span> <span class='ocrx_word' id='word_1_418' title='bbox 566 1879 677 1903; x_wconf 86' lang='lat' dir='ltr'>autem</span> <span class='ocrx_word' id='word_1_419' title='bbox 701 1873 875 1914; x_wconf 84' lang='lat' dir='ltr'>particulis</span> <span class='ocrx_word' id='word_1_420' title='bbox 902 1879 935 1904; x_wconf 85' lang='lat' dir='ltr'>et</span> <span class='ocrx_word' id='word_1_421' title='bbox 950 1873 981 1903; x_wconf 82' lang='lat' dir='ltr'>si</span> <span class='ocrx_word' id='word_1_422' title='bbox 1001 1872 1095 1902; x_wconf 87' lang='lat' dir='ltr'>nulla</span> <span class='ocrx_word' id='word_1_423' title='bbox 1110 1873 1211 1914; x_wconf 87' lang='lat' dir='ltr'>plane</span> <span class='ocrx_word' id='word_1_424' title='bbox 1227 1873 1411 1905; x_wconf 85' lang='lat' dir='ltr'>offensiost.</span> <span class='ocrx_word' id='word_1_425' title='bbox 1459 1872 1529 1904; x_wconf 84' lang='lat' dir='ltr'>Csr.</span> <span class='ocrx_word' id='word_1_426' title='bbox 1549 1873 1618 1904; x_wconf 84' lang='lat' dir='ltr'>Cic.</span> <span class='ocrx_word' id='word_1_427' title='bbox 1635 1873 1735 1904; x_wconf 89' lang='lat' dir='ltr'>Tusc.</span> <span class='ocrx_word' id='word_1_428' title='bbox 1753 1874 1795 1914; x_wconf 87' lang='lat' dir='ltr'>Q.</span> <span class='ocrx_word' id='word_1_429' title='bbox 1812 1873 1855 1911; x_wconf 85' lang='lat' dir='ltr'>V,</span> <span class='ocrx_word' id='word_1_430' title='bbox 1884 1873 1931 1912; x_wconf 81' lang='grc'>15,</span> <span class='ocrx_word' id='word_1_431' title='bbox 1955 1873 2007 1916; x_wconf 85' lang='grc'>59.</span> 
     </span>
     <span class='ocr_line' id='line_1_33' title="bbox 130 1925 2010 1970; baseline 0.002 -15"><span class='ocrx_word' id='word_1_432' title='bbox 130 1925 202 1956; x_wconf 73' lang='lat' dir='ltr'>Hie</span> <span class='ocrx_word' id='word_1_433' title='bbox 226 1925 339 1967; x_wconf 80' lang='lat' dir='ltr'>igitur</span> <span class='ocrx_word' id='word_1_434' title='bbox 361 1925 392 1955; x_wconf 87' lang='lat' dir='ltr'>si</span> <span class='ocrx_word' id='word_1_435' title='bbox 415 1930 465 1956; x_wconf 75' lang='lat' dir='ltr'>est</span> <span class='ocrx_word' id='word_1_436' title='bbox 490 1926 665 1962; x_wconf 74' lang='lat' dir='ltr'>excultus,</span> <span class='ocrx_word' id='word_1_437' title='bbox 691 1931 731 1956; x_wconf 85' lang='lat' dir='ltr'>et</span> <span class='ocrx_word' id='word_1_438' title='bbox 754 1926 792 1956; x_wconf 86' lang='lat' dir='ltr'>si</span> <span class='ocrx_word' id='word_1_439' title='bbox 815 1926 888 1957; x_wconf 87' lang='lat' dir='ltr'>eius</span> <span class='ocrx_word' id='word_1_440' title='bbox 911 1925 1002 1956; x_wconf 76' lang='lat' dir='ltr'>acies</span> <span class='ocrx_word' id='word_1_441' title='bbox 1026 1925 1078 1956; x_wconf 80' lang='lat' dir='ltr'>ita</span> <span class='ocrx_word' id='word_1_442' title='bbox 1100 1932 1273 1965; x_wconf 78' lang='lat' dir='ltr'>curatast,</span> <span class='ocrx_word' id='word_1_443' title='bbox 1302 1932 1342 1958; x_wconf 84' lang='lat' dir='ltr'>ut</span> <span class='ocrx_word' id='word_1_444' title='bbox 1363 1939 1405 1958; x_wconf 86' lang='lat' dir='ltr'>ne</span> <span class='ocrx_word' id='word_1_445' title='bbox 1426 1932 1625 1958; x_wconf 80' lang='lat' dir='ltr'>caecaretur</span> <span class='ocrx_word' id='word_1_446' title='bbox 1648 1926 1838 1958; x_wconf 83' lang='lat' dir='ltr'>erroribus:</span> <span class='ocrx_word' id='word_1_447' title='bbox 1854 1925 1907 1968; x_wconf 79' lang='lat' dir='ltr'>sit</span> <span class='ocrx_word' id='word_1_448' title='bbox 1923 1938 2010 1970; x_wconf 78' lang='lat' dir='ltr'>per-</span> 
     </span>
     <span class='ocr_line' id='line_1_34' title="bbox 121 1976 2009 2023; baseline 0.001 -14"><span class='ocrx_word' id='word_1_449' title='bbox 121 1978 225 2022; x_wconf 82' lang='lat' dir='ltr'>fecta</span> <span class='ocrx_word' id='word_1_450' title='bbox 245 1990 348 2008; x_wconf 76' lang='lat' dir='ltr'>mens.</span> <span class='ocrx_word' id='word_1_451' title='bbox 393 1976 441 2006; x_wconf 81' lang='lat' dir='ltr'>Id.</span> <span class='ocrx_word' id='word_1_452' title='bbox 467 1976 508 2006; x_wconf 86' lang='lat' dir='ltr'>de</span> <span class='ocrx_word' id='word_1_453' title='bbox 532 1978 611 2008; x_wconf 88' lang='lat' dir='ltr'>Diu.</span> <span class='ocrx_word' id='word_1_454' title='bbox 636 1979 686 2015; x_wconf 86' lang='grc' dir='ltr'>ΙῘ,</span> <span class='ocrx_word' id='word_1_455' title='bbox 719 1978 775 2012; x_wconf 79' lang='lat'>55,</span> <span class='ocrx_word' id='word_1_456' title='bbox 804 1978 854 2018; x_wconf 74' lang='lat'>73.</span> <span class='ocrx_word' id='word_1_457' title='bbox 887 1977 995 2009; x_wconf 69' lang='lat' dir='ltr'>Nunc</span> <span class='ocrx_word' id='word_1_458' title='bbox 1018 1989 1101 2008; x_wconf 89' lang='lat' dir='ltr'>uero</span> <span class='ocrx_word' id='word_1_459' title='bbox 1124 1978 1260 2011; x_wconf 83' lang='lat' dir='ltr'>inclusa</span> <span class='ocrx_word' id='word_1_460' title='bbox 1288 1980 1324 2011; x_wconf 87' lang='lat' dir='ltr'>in</span> <span class='ocrx_word' id='word_1_461' title='bbox 1347 1991 1454 2011; x_wconf 83' lang='lat' dir='ltr'>cauea</span> <span class='ocrx_word' id='word_1_462' title='bbox 1478 1984 1511 2010; x_wconf 85' lang='lat' dir='ltr'>et</span> <span class='ocrx_word' id='word_1_463' title='bbox 1523 1977 1625 2021; x_wconf 81' lang='lat' dir='ltr'>fame</span> <span class='ocrx_word' id='word_1_464' title='bbox 1646 1985 1763 2010; x_wconf 78' lang='lat' dir='ltr'>enecta</span> <span class='ocrx_word' id='word_1_465' title='bbox 1789 1979 1820 2009; x_wconf 88' lang='lat' dir='ltr'>si</span> <span class='ocrx_word' id='word_1_466' title='bbox 1843 1979 1879 2010; x_wconf 82' lang='lat' dir='ltr'>in</span> <span class='ocrx_word' id='word_1_467' title='bbox 1902 1978 2009 2023; x_wconf 85' lang='lat' dir='ltr'>offam</span> 
     </span>
     <span class='ocr_line' id='line_1_35' title="bbox 126 2029 2007 2074; baseline 0.001 -13"><span class='ocrx_word' id='word_1_468' title='bbox 126 2031 240 2074; x_wconf 78' lang='lat' dir='ltr'>pultis</span> <span class='ocrx_word' id='word_1_469' title='bbox 263 2029 419 2067; x_wconf 82' lang='lat' dir='ltr'>inuadit,</span> <span class='ocrx_word' id='word_1_470' title='bbox 445 2035 484 2060; x_wconf 86' lang='lat' dir='ltr'>et</span> <span class='ocrx_word' id='word_1_471' title='bbox 506 2030 541 2060; x_wconf 87' lang='lat' dir='ltr'>si</span> <span class='ocrx_word' id='word_1_472' title='bbox 565 2030 703 2072; x_wconf 83' lang='lat' dir='ltr'>aliquid</span> <span class='ocrx_word' id='word_1_473' title='bbox 724 2042 764 2061; x_wconf 77' lang='lat' dir='ltr'>ex</span> <span class='ocrx_word' id='word_1_474' title='bbox 787 2043 844 2061; x_wconf 89' lang='lat' dir='ltr'>ore</span> <span class='ocrx_word' id='word_1_475' title='bbox 867 2030 1009 2062; x_wconf 69' lang='lat' dir='ltr'>cecidit.-</span> <span class='ocrx_word' id='word_1_476' title='bbox 1031 2030 1093 2060; x_wconf 77' lang='lat' dir='ltr'>hoc</span> <span class='ocrx_word' id='word_1_477' title='bbox 1116 2035 1153 2060; x_wconf 84' lang='lat' dir='ltr'>tu</span> <span class='ocrx_word' id='word_1_478' title='bbox 1176 2032 1372 2074; x_wconf 80' lang='lat' dir='ltr'>auspic-ium</span> <span class='ocrx_word' id='word_1_479' title='bbox 1388 2032 1520 2074; x_wconf 74' lang='lat' dir='ltr'>putas?</span> <span class='ocrx_word' id='word_1_480' title='bbox 1564 2030 1613 2061; x_wconf 89' lang='lat' dir='ltr'>Id.</span> <span class='ocrx_word' id='word_1_481' title='bbox 1638 2031 1678 2061; x_wconf 89' lang='lat' dir='ltr'>de</span> <span class='ocrx_word' id='word_1_482' title='bbox 1701 2032 1805 2072; x_wconf 65' lang='lat' dir='ltr'>Lego.</span> <span class='ocrx_word' id='word_1_483' title='bbox 1829 2031 1855 2067; x_wconf 89' lang='grc' dir='ltr'>Ι,</span> <span class='ocrx_word' id='word_1_484' title='bbox 1882 2032 1930 2070; x_wconf 85' lang='lat'>15,</span> <span class='ocrx_word' id='word_1_485' title='bbox 1953 2031 2007 2063; x_wconf 80' lang='lat'>42.</span> 
     </span>
     <span class='ocr_line' id='line_1_36' title="bbox 131 2081 2006 2125; baseline 0.002 -13"><span class='ocrx_word' id='word_1_486' title='bbox 131 2083 265 2121; x_wconf 77' lang='lat' dir='ltr'>Quodsi</span> <span class='ocrx_word' id='word_1_487' title='bbox 288 2081 459 2112; x_wconf 77' lang='lat' dir='ltr'>iustitiast</span> <span class='ocrx_word' id='word_1_488' title='bbox 481 2081 724 2125; x_wconf 78' lang='lat' dir='ltr'>obtemperatio</span> <span class='ocrx_word' id='word_1_489' title='bbox 747 2083 900 2125; x_wconf 77' lang='lat' dir='ltr'>legibus,</span> <span class='ocrx_word' id='word_1_490' title='bbox 924 2087 963 2113; x_wconf 87' lang='lat' dir='ltr'>et</span> <span class='ocrx_word' id='word_1_491' title='bbox 985 2083 1039 2120; x_wconf 88' lang='lat' dir='ltr'>si,</span> <span class='ocrx_word' id='word_1_492' title='bbox 1064 2088 1103 2113; x_wconf 87' lang='lat' dir='ltr'>ut</span> <span class='ocrx_word' id='word_1_493' title='bbox 1127 2083 1217 2114; x_wconf 83' lang='lat' dir='ltr'>idem</span> <span class='ocrx_word' id='word_1_494' title='bbox 1240 2084 1372 2122; x_wconf 85' lang='lat' dir='ltr'>dicunt,</span> <span class='ocrx_word' id='word_1_495' title='bbox 1399 2085 1554 2115; x_wconf 86' lang='lat' dir='ltr'>utilitate</span> <span class='ocrx_word' id='word_1_496' title='bbox 1577 2083 1692 2114; x_wconf 86' lang='lat' dir='ltr'>omnia</span> <span class='ocrx_word' id='word_1_497' title='bbox 1714 2084 1886 2116; x_wconf 75' lang='lat' dir='ltr'>metienda,</span> <span class='ocrx_word' id='word_1_498' title='bbox 1907 2090 2006 2116; x_wconf 76' lang='lat' dir='ltr'>sunt.-</span> 
     </span>
     <span class='ocr_line' id='line_1_37' title="bbox 132 2134 2007 2178; baseline 0.001 -12"><span class='ocrx_word' id='word_1_499' title='bbox 132 2135 290 2177; x_wconf 79' lang='lat' dir='ltr'>negleget</span> <span class='ocrx_word' id='word_1_500' title='bbox 314 2134 406 2175; x_wconf 80' lang='lat' dir='ltr'>leges</span> <span class='ocrx_word' id='word_1_501' title='bbox 429 2139 490 2166; x_wconf 83' lang='lat' dir='ltr'>etc.</span> <span class='ocrx_word' id='word_1_502' title='bbox 534 2135 583 2164; x_wconf 91' lang='lat' dir='ltr'>Id.</span> <span class='ocrx_word' id='word_1_503' title='bbox 609 2146 684 2176; x_wconf 87' lang='lat' dir='ltr'>epp.</span> <span class='ocrx_word' id='word_1_504' title='bbox 709 2135 750 2165; x_wconf 85' lang='lat' dir='ltr'>ad</span> <span class='ocrx_word' id='word_1_505' title='bbox 773 2136 853 2166; x_wconf 89' lang='lat' dir='ltr'>Diu.</span> <span class='ocrx_word' id='word_1_506' title='bbox 878 2135 977 2173; x_wconf 72' lang='lat' dir='ltr'>XIV,</span> <span class='ocrx_word' id='word_1_507' title='bbox 1016 2146 1043 2165; x_wconf 88' lang='grc'>1.</span> <span class='ocrx_word' id='word_1_508' title='bbox 1090 2135 1200 2174; x_wconf 86' lang='lat' dir='ltr'>Quem</span> <span class='ocrx_word' id='word_1_509' title='bbox 1229 2147 1291 2178; x_wconf 80' lang='lat' dir='ltr'>ego</span> <span class='ocrx_word' id='word_1_510' title='bbox 1314 2136 1405 2167; x_wconf 86' lang='lat' dir='ltr'>diem</span> <span class='ocrx_word' id='word_1_511' title='bbox 1433 2137 1464 2167; x_wconf 91' lang='lat' dir='ltr'>si</span> <span class='ocrx_word' id='word_1_512' title='bbox 1486 2137 1622 2174; x_wconf 79' lang='lat' dir='ltr'>uidero,</span> <span class='ocrx_word' id='word_1_513' title='bbox 1659 2142 1699 2169; x_wconf 87' lang='lat' dir='ltr'>et</span> <span class='ocrx_word' id='word_1_514' title='bbox 1720 2136 1759 2168; x_wconf 87' lang='lat' dir='ltr'>si</span> <span class='ocrx_word' id='word_1_515' title='bbox 1787 2136 1824 2166; x_wconf 86' lang='lat' dir='ltr'>in</span> <span class='ocrx_word' id='word_1_516' title='bbox 1851 2141 2007 2168; x_wconf 80' lang='lat' dir='ltr'>nostrum</span> 
     </span>
     <span class='ocr_line' id='line_1_38' title="bbox 133 2186 2007 2231; baseline 0.001 -13"><span class='ocrx_word' id='word_1_517' title='bbox 133 2186 333 2229; x_wconf 71' lang='lat' dir='ltr'>conplexum</span> <span class='ocrx_word' id='word_1_518' title='bbox 353 2197 494 2222; x_wconf 83' lang='lat' dir='ltr'>uenero,</span> <span class='ocrx_word' id='word_1_519' title='bbox 517 2198 558 2217; x_wconf 88' lang='lat' dir='ltr'>ac</span> <span class='ocrx_word' id='word_1_520' title='bbox 580 2187 611 2217; x_wconf 87' lang='lat' dir='ltr'>si</span> <span class='ocrx_word' id='word_1_521' title='bbox 633 2192 665 2217; x_wconf 85' lang='lat' dir='ltr'>et</span> <span class='ocrx_word' id='word_1_522' title='bbox 687 2200 748 2218; x_wconf 88' lang='lat' dir='ltr'>uos</span> <span class='ocrx_word' id='word_1_523' title='bbox 772 2193 804 2219; x_wconf 83' lang='lat' dir='ltr'>et</span> <span class='ocrx_word' id='word_1_524' title='bbox 825 2200 878 2219; x_wconf 83' lang='lat' dir='ltr'>nze</span> <span class='ocrx_word' id='word_1_525' title='bbox 899 2188 1014 2231; x_wconf 82' lang='lat' dir='ltr'>ipsum</span> <span class='ocrx_word' id='word_1_526' title='bbox 1038 2199 1262 2230; x_wconf 82' lang='lat' dir='ltr'>recuperaro:</span> <span class='ocrx_word' id='word_1_527' title='bbox 1286 2188 1372 2218; x_wconf 86' lang='lat' dir='ltr'>satis</span> <span class='ocrx_word' id='word_1_528' title='bbox 1393 2199 1560 2230; x_wconf 71' lang='lat' dir='ltr'>magnum</span> <span class='ocrx_word' id='word_1_529' title='bbox 1581 2189 1669 2220; x_wconf 69' lang='lat' dir='ltr'>mila·</span> <span class='ocrx_word' id='word_1_530' title='bbox 1680 2188 1845 2231; x_wconf 76' lang='lat' dir='ltr'>fructum</span> <span class='ocrx_word' id='word_1_531' title='bbox 1865 2187 2007 2220; x_wconf 80' lang='lat' dir='ltr'>uidebor</span> 
     </span>
     <span class='ocr_line' id='line_1_39' title="bbox 128 2238 2006 2281; baseline 0.002 -12"><span class='ocrx_word' id='word_1_532' title='bbox 128 2238 322 2281; x_wconf 71' lang='lat' dir='ltr'>percepisse</span> <span class='ocrx_word' id='word_1_533' title='bbox 344 2244 376 2268; x_wconf 77' lang='lat' dir='ltr'>et</span> <span class='ocrx_word' id='word_1_534' title='bbox 398 2244 537 2270; x_wconf 79' lang='lat' dir='ltr'>nostrae</span> <span class='ocrx_word' id='word_1_535' title='bbox 550 2239 696 2280; x_wconf 76' lang='lat' dir='ltr'>pietatis</span> <span class='ocrx_word' id='word_1_536' title='bbox 719 2245 753 2270; x_wconf 88' lang='lat' dir='ltr'>et</span> <span class='ocrx_word' id='word_1_537' title='bbox 773 2252 877 2272; x_wconf 82' lang='lat' dir='ltr'>meae.</span> <span class='ocrx_word' id='word_1_538' title='bbox 922 2239 970 2270; x_wconf 92' lang='lat' dir='ltr'>Id.</span> <span class='ocrx_word' id='word_1_539' title='bbox 996 2251 1059 2281; x_wconf 84' lang='lat' dir='ltr'>pro</span> <span class='ocrx_word' id='word_1_540' title='bbox 1083 2239 1190 2270; x_wconf 81' lang='lat' dir='ltr'>Arch.</span> <span class='ocrx_word' id='word_1_541' title='bbox 1214 2240 1299 2275; x_wconf 75' lang='lat' dir='ltr'>VII,</span> <span class='ocrx_word' id='word_1_542' title='bbox 1328 2240 1375 2270; x_wconf 86' lang='grc'>16.</span> <span class='ocrx_word' id='word_1_543' title='bbox 1406 2240 1540 2279; x_wconf 84' lang='lat' dir='ltr'>Quodsi</span> <span class='ocrx_word' id='word_1_544' title='bbox 1561 2253 1627 2272; x_wconf 80' lang='lat' dir='ltr'>non</span> <span class='ocrx_word' id='word_1_545' title='bbox 1651 2241 1706 2272; x_wconf 76' lang='lat' dir='ltr'>hic</span> <span class='ocrx_word' id='word_1_546' title='bbox 1729 2246 1847 2272; x_wconf 79' lang='lat' dir='ltr'>tantus</span> <span class='ocrx_word' id='word_1_547' title='bbox 1865 2239 2006 2281; x_wconf 77' lang='lat' dir='ltr'>fructus</span> 
     </span>
     <span class='ocr_line' id='line_1_40' title="bbox 135 2290 2005 2334; baseline 0.002 -14"><span class='ocrx_word' id='word_1_548' title='bbox 135 2290 389 2329; x_wconf 83' lang='lat' dir='ltr'>ostenderetur,</span> <span class='ocrx_word' id='word_1_549' title='bbox 428 2296 466 2322; x_wconf 87' lang='lat' dir='ltr'>et</span> <span class='ocrx_word' id='word_1_550' title='bbox 495 2291 534 2321; x_wconf 91' lang='lat' dir='ltr'>si</span> <span class='ocrx_word' id='word_1_551' title='bbox 561 2303 601 2321; x_wconf 73' lang='lat' dir='ltr'>ex</span> <span class='ocrx_word' id='word_1_552' title='bbox 624 2291 678 2322; x_wconf 79' lang='lat' dir='ltr'>lu&#39;s</span> <span class='ocrx_word' id='word_1_553' title='bbox 700 2293 827 2323; x_wconf 81' lang='lat' dir='ltr'>studiis</span> <span class='ocrx_word' id='word_1_554' title='bbox 857 2292 1038 2323; x_wconf 79' lang='lat' dir='ltr'>delectatio</span> <span class='ocrx_word' id='word_1_555' title='bbox 1064 2292 1138 2322; x_wconf 83' lang='lat' dir='ltr'>sola</span> <span class='ocrx_word' id='word_1_556' title='bbox 1167 2297 1362 2334; x_wconf 78' lang='lat' dir='ltr'>peteretur.-</span> <span class='ocrx_word' id='word_1_557' title='bbox 1400 2299 1513 2324; x_wconf 81' lang='lat' dir='ltr'>tamen</span> <span class='ocrx_word' id='word_1_558' title='bbox 1535 2311 1577 2317; x_wconf 91' lang='lat'>—-</span> <span class='ocrx_word' id='word_1_559' title='bbox 1598 2294 1811 2325; x_wconf 77' lang='lat' dir='ltr'>iudicaretis.</span> <span class='ocrx_word' id='word_1_560' title='bbox 1856 2292 2005 2333; x_wconf 86' lang='lat' dir='ltr'>Quintus</span> 
     </span>
     <span class='ocr_line' id='line_1_41' title="bbox 135 2341 2005 2388; baseline 0.002 -15"><span class='ocrx_word' id='word_1_561' title='bbox 135 2342 204 2373; x_wconf 88' lang='lat' dir='ltr'>Cic.</span> <span class='ocrx_word' id='word_1_562' title='bbox 232 2341 272 2371; x_wconf 89' lang='lat' dir='ltr'>de</span> <span class='ocrx_word' id='word_1_563' title='bbox 294 2348 362 2383; x_wconf 86' lang='lat' dir='ltr'>pet.</span> <span class='ocrx_word' id='word_1_564' title='bbox 388 2343 488 2373; x_wconf 75' lang='lat' dir='ltr'>Cons.</span> <span class='ocrx_word' id='word_1_565' title='bbox 517 2353 543 2372; x_wconf 87' lang='lat' dir='ltr'>c.</span> <span class='ocrx_word' id='word_1_566' title='bbox 567 2343 668 2373; x_wconf 81' lang='lat' dir='ltr'><strong>XIV.</strong></span> <span class='ocrx_word' id='word_1_567' title='bbox 692 2344 810 2382; x_wconf 81' lang='lat' dir='ltr'>Quare</span> <span class='ocrx_word' id='word_1_568' title='bbox 833 2345 864 2375; x_wconf 84' lang='lat' dir='ltr'>si</span> <span class='ocrx_word' id='word_1_569' title='bbox 885 2344 1126 2386; x_wconf 78' lang='lat' dir='ltr'>aduigilamus</span> <span class='ocrx_word' id='word_1_570' title='bbox 1153 2356 1217 2386; x_wconf 85' lang='lat' dir='ltr'>pro</span> <span class='ocrx_word' id='word_1_571' title='bbox 1246 2345 1297 2376; x_wconf 86' lang='lat' dir='ltr'>rei</span> <span class='ocrx_word' id='word_1_572' title='bbox 1319 2345 1511 2388; x_wconf 74' lang='lat' dir='ltr'>dignitate,</span> <span class='ocrx_word' id='word_1_573' title='bbox 1549 2351 1592 2377; x_wconf 80' lang='lat' dir='ltr'>et</span> <span class='ocrx_word' id='word_1_574' title='bbox 1622 2346 1659 2377; x_wconf 85' lang='lat' dir='ltr'>si</span> <span class='ocrx_word' id='word_1_575' title='bbox 1687 2350 1820 2376; x_wconf 83' lang='lat' dir='ltr'>nostros</span> <span class='ocrx_word' id='word_1_576' title='bbox 1842 2344 1890 2375; x_wconf 83' lang='lat' dir='ltr'>ad</span> <span class='ocrx_word' id='word_1_577' title='bbox 1910 2357 2005 2377; x_wconf 87' lang='lat' dir='ltr'>sum-</span> 
     </span>
     <span class='ocr_line' id='line_1_42' title="bbox 134 2395 2006 2441; baseline 0.002 -15"><span class='ocrx_word' id='word_1_578' title='bbox 134 2406 228 2426; x_wconf 83' lang='lat' dir='ltr'>mum</span> <span class='ocrx_word' id='word_1_579' title='bbox 253 2395 407 2425; x_wconf 84' lang='lat' dir='ltr'>studium</span> <span class='ocrx_word' id='word_1_580' title='bbox 429 2395 606 2426; x_wconf 79' lang='lat' dir='ltr'>beneuolos</span> <span class='ocrx_word' id='word_1_581' title='bbox 629 2396 827 2430; x_wconf 69' lang='lat' dir='ltr'>erc-itumus,</span> <span class='ocrx_word' id='word_1_582' title='bbox 853 2402 892 2427; x_wconf 85' lang='lat' dir='ltr'>et</span> <span class='ocrx_word' id='word_1_583' title='bbox 915 2397 953 2427; x_wconf 83' lang='lat' dir='ltr'>si</span> <span class='ocrx_word' id='word_1_584' title='bbox 974 2395 1166 2428; x_wconf 75' lang='lat' dir='ltr'>hominibus</span> <span class='ocrx_word' id='word_1_585' title='bbox 1184 2397 1354 2439; x_wconf 79' lang='lat' dir='ltr'>gratiosis</span> <span class='ocrx_word' id='word_1_586' title='bbox 1376 2398 1607 2441; x_wconf 81' lang='lat' dir='ltr'>studiosisque</span> <span class='ocrx_word' id='word_1_587' title='bbox 1628 2396 1740 2428; x_wconf 83' lang='lat' dir='ltr'>nostri</span> <span class='ocrx_word' id='word_1_588' title='bbox 1759 2407 1861 2427; x_wconf 84' lang='lat' dir='ltr'>suum</span> <span class='ocrx_word' id='word_1_589' title='bbox 1884 2397 2006 2440; x_wconf 81' lang='lat' dir='ltr'>cuique</span> 
     </span>
     <span class='ocr_line' id='line_1_43' title="bbox 134 2447 2004 2493; baseline 0.002 -15"><span class='ocrx_word' id='word_1_590' title='bbox 134 2459 259 2479; x_wconf 84' lang='lat' dir='ltr'>munus</span> <span class='ocrx_word' id='word_1_591' title='bbox 282 2447 523 2486; x_wconf 79' lang='lat' dir='ltr'>describimus,</span> <span class='ocrx_word' id='word_1_592' title='bbox 557 2453 597 2479; x_wconf 90' lang='lat' dir='ltr'>et</span> <span class='ocrx_word' id='word_1_593' title='bbox 619 2449 660 2479; x_wconf 83' lang='lat' dir='ltr'>si</span> <span class='ocrx_word' id='word_1_594' title='bbox 683 2448 951 2491; x_wconf 77' lang='lat' dir='ltr'>conpetitoribus</span> <span class='ocrx_word' id='word_1_595' title='bbox 974 2449 1106 2480; x_wconf 74' lang='lat' dir='ltr'>iudicia</span> <span class='ocrx_word' id='word_1_596' title='bbox 1123 2450 1370 2492; x_wconf 81' lang='lat' dir='ltr'>proponimus:</span> <span class='ocrx_word' id='word_1_597' title='bbox 1399 2448 1529 2493; x_wconf 85' lang='lat' dir='ltr'>perfici</span> <span class='ocrx_word' id='word_1_598' title='bbox 1544 2454 1678 2492; x_wconf 81' lang='lat' dir='ltr'>potest,</span> <span class='ocrx_word' id='word_1_599' title='bbox 1713 2453 1753 2480; x_wconf 81' lang='lat' dir='ltr'>zct</span> <span class='ocrx_word' id='word_1_600' title='bbox 1774 2448 1920 2491; x_wconf 74' lang='lat' dir='ltr'>largitio</span> <span class='ocrx_word' id='word_1_601' title='bbox 1941 2455 2004 2482; x_wconf 73' lang='lat' dir='ltr'>aut</span> 
     </span>
    </p>
   </div>
  </div>
 </body>
</html>
