2185 2720
155 170 190 196 25
699 157 743 185 M„
772 154 935 184 TULLI
962 153 1252 184 CICERONIS
1280 154 1484 184 ORATIO

155 236 357 274 criminoso3
383 233 450 272 sin,
475 232 553 274 quia
575 230 714 274 gratiosi
736 231 820 271 sint,
842 229 1060 262 accussaudos
1082 235 1198 272 putas:
1222 228 1295 260 noli
1316 227 1452 269 mirari,
1476 234 1511 261 te
1534 229 1589 270 id,
1612 231 1703 272 quod
1725 237 1783 264 tua.
1805 232 1948 275 dignitas
1970 244 2035 275 po-

112 288 307 327 47stularit‚
344 284 563 329 repudiandis
586 284 812 327 gratiosorum
835 283 991 314 amicitiis
1013 293 1083 313 non
1105 293 1176 313 esse
1198 280 1405 312 adsecutum.
1449 281 1521 312 Iam
1543 287 1582 313 ut
1606 293 1667 324 ego
1690 283 1810 324 doceo,
1850 285 2036 328 gratiosum

156 342 258 384 [esse]
284 341 319 371 in
341 351 399 370 sua
421 338 513 369 tribu
536 336 728 376 Plancium,
762 335 853 378 quod
876 334 992 365 multis
1024 333 1168 375 benigne
1190 331 1324 372 fecerit,
1358 344 1422 376 pro
1445 333 1561 366 multis
1584 335 1823 377 spoponderit,
1857 338 1894 368 in
1916 349 2036 380 operas

156 396 334 439 plurumos
356 391 461 434 patris
484 389 683 420 auctoritate
707 394 741 419 et
755 387 862 429 gratia
884 385 1034 425 miserit,
1058 385 1150 428 quod
1173 385 1318 427 denique
1339 385 1498 417 omnibus
1521 385 1638 418 officiis
1659 398 1721 429 per
1743 399 1788 426 se,
1813 399 1874 430 per
1895 395 2039 431 patrem,

155 459 218 491 per
240 445 384 477 maiores
406 455 484 475 suos
507 448 615 473 totam
639 440 816 473 Atinatem
838 437 1087 482 praefecturam
1110 436 1410 480 conprehenderit:
1444 437 1491 469 sic
1513 444 1551 469 tu
1574 438 1675 478 doce,
1698 445 1906 481 sequestrem
1927 439 2040 480 fuisse,

156 498 316 541 largitum
339 508 428 535 esse,
463 493 717 535 conscripsisse,
754 491 889 522 tribulis
914 490 1151 522 decuriauisse.
1198 490 1301 532 Quod
1327 490 1357 522 si
1377 501 1447 521 non
1469 496 1582 533 potes,
1615 492 1687 523 noli
1710 492 1832 523 tollere
1855 503 1899 523 ex
1921 492 2040 524 ordine

156 557 273 583 nostro
300 549 554 585 liberalitatem,
578 544 651 576 noli
672 542 876 575 maleficium
899 549 1021 585 putare
1044 554 1114 574 esse
1137 542 1298 585 gratiam,
1320 542 1393 574 noli
1415 542 1664 575 obseruantiam
1686 545 1815 575 sancire
1837 555 1956 586 poena.

243 604 360 644 Itaque
375 601 597 633 haesitantem
621 603 653 628 te
675 596 790 627 inhoc
812 594 1054 627 sodaliciorum
1077 595 1244 627 tribuario
1268 595 1411 627 crimine
1432 594 1475 626 ad
1497 606 1700 628 communem
1723 597 1868 627 ambitus
1892 607 2041 628 caussam

158 655 349 692 contulisti3
384 654 419 685 in
441 664 508 694 qua
531 649 723 681 desinamus
746 647 945 690 aliquando,
976 647 1005 678 si
1028 647 1183 688 uidetur,
1220 647 1354 690 uolgari
1378 652 1412 678 et
1432 653 1614 689 peruagata
1636 647 1878 679 declamatione
1898 654 2042 679 conten-

113 710 252 741 48dere.
298 707 352 738 Sic
375 705 467 736 enim
490 709 602 734 tecum
625 713 699 743 ago.
745 700 858 742 Quam
882 699 944 730 tibi
968 699 1234 740 commodumst,
1256 711 1361 731 unam
1382 699 1511 731 tribum
1535 699 1661 742 delige:
1699 706 1737 731 tu
1758 700 1858 740 doce,
1890 701 1926 732 id
1950 700 2043 743 quod

159 761 277 798 debes,
302 769 363 801 per
386 769 488 800 quem
511 760 737 797 sequestrem,
765 764 831 795 quo
855 751 1005 783 diuisore
1028 758 1188 795 corrupta
1213 752 1276 791 sit3
1312 763 1388 794 ego,
1412 752 1441 784 si
1462 752 1497 783 id
1520 751 1629 783 facere
1651 763 1721 783 non
1744 753 1912 795 potueris,
1937 753 2040 795 quod,

158 820 198 845 ut
220 811 336 854 opinio
360 820 436 840 mea
457 807 541 846 fert,
565 818 608 838 ne
631 805 771 848 incipies
796 803 950 846 quidem,
975 815 1038 846 per
1060 816 1162 846 quem
1185 804 1304 836 tulerit
1327 804 1465 836 docebo.
1509 805 1615 836 Estne
1637 805 1719 836 haec
1741 816 1822 836 uera
1844 805 2041 838 contentio?

158 867 312 909 Placetne
334 862 381 893 sic
403 859 480 902 agi?
525 860 619 890 Num
642 869 781 901 possum
804 856 909 898 magis
931 855 1055 898 pedem
1078 856 1253 895 conferre,
1276 863 1315 888 ut
1337 856 1450 896 aiunt,
1473 863 1531 888 aut
1552 857 1694 900 propius
1718 857 1901 889 accedere?
1947 857 2042 900 Quid

159 918 274 950 taces?
320 913 401 956 quid
428 911 639 944 dissimulas?
679 910 761 953 quid
790 907 1047 950 tergium-saris?
1092 909 1205 940 Etiam
1228 914 1329 950 atque
1358 909 1460 940 etiam
1483 908 1571 940 insto
1597 915 1699 951 atque
1721 920 1846 951 urgeo,
1882 910 2040 950 insector,

159 980 277 1012 posco,
301 974 402 1008 atque
423 963 506 995 adeo
529 962 643 1005 flagito
668 962 816 1002 crimen,
841 971 1088 1003 quamcumque
1110 960 1258 1002 tribum,
1283 960 1444 1004 inquam,
1466 960 1649 1004 delegeris,
1674 972 1776 1004 quam
1797 961 1916 994 tulerit
1937 961 2041 993 Plan-

233 1125 417 1161 criminoso)
437 1124 474 1163 543
496 1124 616 1153 uitmso.
636 1136 674 1144 ——·
713 1118 788 1161 sint)
810 1119 860 1149 Sic
879 1119 905 1149 B
927 1124 958 1148 et
976 1118 1021 1156 E3
1042 1118 1138 1148 ceteri
1158 1125 1242 1150 sant.
1260 1122 1300 1141 —3
1337 1119 1540 1157 accusandos)
1560 1119 1609 1148 Lb
1629 1125 1833 1148 accusatores.
1852 1133 1891 1140 —
1919 1117 2039 1156 mirari)

159 1177 207 1205 La
226 1186 294 1204 cum
315 1174 352 1212 gl.
374 1184 436 1208 me,
456 1173 517 1207 Ma,
539 1172 596 1207 Lc,
616 1171 657 1206 H,
678 1180 706 1206 ς,
726 1173 757 1198 et
774 1178 811 1207 χι
834 1178 890 1197 me.
909 1181 948 1188 ·-
986 1168 1158 1206 (1110(111111)
1177 1168 1220 1196 Pe
1241 1167 1327 1207 quod
1343 1173 1389 1198 tu.
1408 1182 1446 1191 —-
1483 1165 1669 1207 assecutum)
1695 1167 1743 1196 La
1762 1171 1793 1195 et
1811 1167 1855 1196 Pa
1873 1172 2040 1202 assuetum,

159 1229 207 1253 set
225 1224 260 1251 in
279 1223 326 1250 La
345 1230 463 1258 supers.
484 1224 668 1247 assecutum.
684 1231 723 1238 -·

234 1279 261 1319 §.
281 1282 326 1315 47.
359 1278 439 1313 Iam)
469 1277 493 1304 B
515 1281 545 1304 ct
572 1275 599 1303 E
627 1276 723 1303 Nam.
742 1287 781 1297 -ε
818 1273 986 1312 gratiosum
1005 1270 1082 1309 esse)
1110 1273 1163 1301 Ma
1183 1282 1244 1301 esse
1264 1273 1481 1309 criminosum,
1509 1272 1557 1301 Le
1575 1283 1638 1302 esse
1655 1273 1839 1310 gratiosum.
1858 1286 1896 1294 —
1932 1271 1968 1300 in
1986 1281 2041 1301 sua

161 1328 259 1365 tribu)
287 1326 337 1354 Sic
356 1325 382 1352 B
403 1329 434 1352 et
453 1323 498 1359 E,
526 1323 589 1357 Ma,
619 1322 686 1357 Mb,
710 1322 774 1357 Mc,
799 1322 856 1357 La,
882 1321 943 1356 Lb,
971 1321 1029 1355 Lc,
1056 1320 1108 1355 Pa,
1135 1319 1191 1356 Pb,
1210 1320 1263 1355 Pe,
1283 1320 1325 1355 D,
1350 1320 1393 1355 G,
1413 1320 1476 1356 Bau,
1496 1320 1531 1356 C,
1551 1320 1593 1356 H,
1614 1320 1644 1355 S,
1666 1320 1704 1356 T,
1724 1329 1772 1358 χ1,
1792 1323 1824 1347 et
1840 1319 1860 1347 3
1878 1319 1975 1355 tribu,
1994 1323 2041 1348 set

161 1377 188 1406 C
208 1375 301 1404 habet
321 1372 497 1400 asteriscum
518 1370 551 1398 111
571 1368 725 1406 margine-3
743 1378 764 1400 ς
784 1369 901 1402 ίνίῖιιιί,·
921 1367 949 1395 Ο
971 1366 1130 1400 τνίὸιιῦιιες
1150 1367 1247 1395 ceteri
1267 1366 1494 1395 tribulibus..—
1531 1365 1678 1404 benigne)
1698 1377 1733 1404 χι
1754 1367 1896 1403 denique.
1910 1379 1949 1388 ·—-
1967 1375 2042 1404 spo-

162 1419 321 1462 ponderit)
342 1420 372 1447 D
390 1429 449 1453 om,
470 1423 516 1446 set
532 1417 624 1445 habet
640 1415 673 1443 111
686 1424 779 1452 marg.
797 1420 834 1443 ut
853 1414 928 1451 ins.;
948 1424 966 1446 ς
985 1413 1157 1450 spopondit.
1172 1428 1210 1435 —-
1229 1413 1262 1442 in
1283 1423 1389 1452 operas
1404 1429 1443 1435 —
1457 1412 1740 1453 comprehenderit)
1758 1413 1804 1441 Pb
1825 1416 1855 1440 et
1874 1412 1917 1440 Pc
1937 1422 2042 1440 om.—

163 1466 327 1509 plurimos)
354 1467 417 1500 Ma,
442 1465 508 1500 Mb,
528 1465 590 1499 Mc,
615 1463 656 1498 D,
687 1473 715 1498 ς,
734 1467 766 1490 et
785 1471 821 1500 χι
848 1462 1022 1501 plurimas.
1056 1460 1081 1489 C
1103 1461 1320 1498 plurimorum.
1339 1475 1379 1483 -
1414 1460 1530 1499 patris)
1555 1462 1609 1490 Mc
1634 1462 1785 1498 temporis.
1803 1474 1842 1482 —
1877 1460 2041 1497 omnibus)

163 1517 207 1545 Pa
226 1518 260 1544 ἱη
280 1512 427 1542 omnibu-⁹.
446 1526 484 1532 —
521 1511 697 1547 Atinatem)
716 1511 769 1539 Mc
789 1510 980 1543 aecinatem,
1010 1508 1053 1536 Pa
1072 1509 1252 1543 latinabem,
1281 1507 1306 1536 C
1327 1508 1521 1543 Attitzatem‚
1553 1516 1589 1545 χι
1611 1507 1824 1536 Attinitatem.
1841 1522 1882 1529 —
1917 1508 2041 1547 praefe-

162 1563 299 1597 cturam)
318 1561 348 1588 D
370 1569 438 1587 culn
459 1558 498 1596 gl.
518 1559 711 1592 dish-letum,
729 1568 748 1589 ς
763 1555 987 1594 profecturam.
1006 1569 1046 1577 ·—-
1081 1553 1370 1593 comprehenderit)
1390 1555 1443 1582 Ma
1462 1553 1701 1591 reprehenderit.
1716 1567 1759 1574 —

240 1609 332 1641 doce,
364 1603 565 1643 sequestrem)
590 1605 617 1632 Ε
638 1605 724 1632 doces
744 1608 929 1641 equestrem,
965 1602 1003 1639 χὸ
1024 1602 1111 1630 doces
1136 1607 1331 1639 sequestrem.
1349 1616 1387 1622 —-
1424 1601 1575 1638 tribules)
1601 1600 1658 1636 La,
1676 1600 1725 1638 23,
1753 1605 1784 1629 et
1802 1606 1829 1639 ψ
1848 1600 1985 1630 tribulos.
2003 1616 2043 1624 -

165 1654 390 1690 decuriauisse>
410 1654 472 1688 Ma,
497 1653 558 1688 Lb,
582 1656 616 1680 et
634 1652 665 1678 D
695 1651 878 1679 decuriasse.
898 1664 937 1670 —
973 1647 1204 1686 liberalitatem)
1231 1648 1282 1683 Pa,
1303 1647 1338 1683 C,
1367 1648 1405 1683 T,
1431 1653 1463 1677 et
1482 1649 1521 1686 763
1540 1648 1723 1676 libertatem.
1742 1663 1781 1669 —
1818 1647 1903 1684 noli)
1921 1657 1958 1686 χι
1980 1658 2040 1685 om,

163 1698 267 1732 utrum
293 1705 362 1729 ante
390 1701 481 1733 mal.'‚
515 1709 553 1728 an
579 1703 650 1726 ante
676 1697 756 1733 obs„
789 1706 853 1725 non
879 1695 947 1724 adn.
974 1696 1021 1725 ed.
1052 1696 1129 1726 Ox..
1146 1709 1188 1718 -—-·
1223 1694 1362 1731 sancire)
1388 1695 1440 1723 ΒΓ.
1466 1695 1593 1724 sarcire.
1610 1708 1648 1716 ·—·
1685 1692 1797 1733 poena)
1824 1694 1872 1723 La
1897 1704 2040 1733 poenam,

164 1751 196 1779 H
210 1759 364 1788 paenam,
384 1747 414 1774 D
433 1756 556 1784 penam.
572 1760 611 1767 ·—-

236 1794 456 1829 haesitantem)
482 1794 545 1827 Mn,
570 1794 633 1828 Mc,
652 1792 709 1828 La,
728 1791 789 1827 Lb,
814 1790 871 1827 Lc,
890 1790 943 1827 Pa,
961 1791 1004 1827 D,
1022 1790 1065 1827 H,
1084 1799 1112 1826 ς,
1131 1799 1179 1829 χι,
1199 1797 1235 1828 ψ,
1255 1793 1286 1818 et
1305 1788 1347 1819 F1
1369 1789 1553 1818 haesitante.
1571 1802 1611 1810 —
1646 1788 1878 1826 sodalitiorum)
1904 1790 1946 1819 Pc
1965 1792 2040 1820 soli-

164 1844 332 1873 dariorum.
361 1857 396 1863 —
436 1839 601 1878 tribuario)
629 1841 691 1875 Ma,
718 1840 781 1873 Mc,
808 1839 865 1874 La,
891 1838 952 1873 Lb,
978 1839 1021 1867 Pa
1049 1837 1243 1871 tribunario,
1279 1836 1305 1865 C
1332 1836 1532 1870 trihzmariis,
1564 1835 1597 1865 H
1621 1836 1800 1865 tributario·
1819 1851 1858 1859 --
1894 1836 2040 1876 crimine)

165 1891 191 1919 C
217 1892 345 1919 crimen.
363 1903 401 1910 ·-·
439 1887 476 1914 ad
497 1887 705 1922 communem)
732 1887 785 1914 Ma
801 1886 849 1914 ad
870 1895 904 1913 oo
925 1895 994 1914 cum
1020 1885 1138 1913 lacuna.
1163 1899 1203 1905 —-
1239 1884 1389 1920 ambitus)
1414 1884 1456 1913 Fi
1486 1893 1555 1912 cum
1581 1882 1620 1921 gl.
1647 1885 1770 1912 crimen.
1789 1898 1828 1904 —-
1865 1883 2042 1923 contulisti)

166 1938 213 1965 La
233 1947 301 1964 cum
321 1935 359 1973 gl.
381 1936 520 1963 detulisti
530 1955 538 1969 ,
557 1935 589 1962 H
609 1935 757 1962 detulisti,
777 1947 815 1953 —-
853 1933 1035 1970 peruagata)
1055 1933 1108 1961 Ma
1121 1932 1332 1969 peruulgata‚
1359 1931 1402 1960 Pa
1414 1936 1572 1969 pugnata.
1590 1945 1627 1952 —
1664 1929 1899 1970 declamatione)
1924 1941 1961 1970 χι
1988 1932 2042 1961 de-

167 1985 343 2013 clinatione.
363 1997 401 2003 —-
439 1982 507 2018 Sic)
527 1991 562 2019 χι
582 1982 646 2009 δίη.
665 1995 704 2001 ·—
739 1978 810 2017 ago)
830 1980 884 2008 Ma
903 1990 964 2017 ego.
983 1994 1022 2001 ·—·

241 2034 267 2075 ς.
286 2035 332 2063 48.
352 2033 462 2072 Quam)
482 2035 519 2071 23
540 2034 630 2072 Quid.
649 2046 687 2053 —--
727 2032 790 2067 est)
808 2031 836 2059 E
863 2033 924 2064 sit,
951 2036 999 2060 set
1017 2031 1054 2059 ab
1075 2031 1140 2060 ead.
1159 2041 1197 2060 m.
1216 2038 1334 2069 supers.
1354 2034 1414 2066 est,
1441 2028 1487 2058 Pb
1507 2039 1576 2058 esse.
1594 2043 1634 2051 —
1672 2029 1788 2068 delige:
1813 2034 1849 2059 tu
1874 2029 1963 2070 doce)
1989 2030 2041 2059 Sic

167 2082 350 2121 interpunxi
372 2091 440 2108 cum
460 2082 521 2115 Mn,
541 2080 606 2114 Mb,
625 2084 655 2106 et
675 2079 722 2115 D3
743 2078 838 2106 ceteri
858 2079 959 2116 delige
979 2084 1031 2108 tu.-
1051 2078 1138 2114 doce,
1166 2082 1291 2117 praeter
1309 2078 1378 2112 Mc,
1404 2077 1458 2115 qui
1478 2076 1570 2105 habet
1588 2077 1703 2115 delige,
1732 2083 1798 2105 tum
1817 2078 1897 2106 doce.
1915 2093 1954 2101 -
1990 2078 2040 2107 ‹li-

168 2128 286 2166 uisorc>
306 2130 358 2156 Ma
379 2128 541 2155 diuersore.
560 2141 599 2146 -—
636 2123 796 2163 corrupta)
822 2125 868 2153 Pb
889 2129 920 2153 et
940 2125 982 2153 Pc
1002 2131 1155 2153 contenta.
1173 2138 1212 2146 —·
1247 2122 1318 2162 ego)
1342 2123 1374 2151 D
1396 2129 1427 2152 et
1447 2124 1471 2153 G
1499 2133 1578 2162 erge.
1596 2139 1634 2145 —-
1670 2122 1825 2162 potueris)
1854 2125 1892 2162 χδ
1912 2125 2040 2162 poteris,

170 2178 211 2205 Pa
225 2182 340 2214 potera
360 2189 398 2194 —-
436 2178 470 2201 ut
496 2173 602 2210 opinio
633 2171 712 2210 mea)
739 2173 780 2200 Pa
800 2173 904 2209 opinio
932 2173 968 2201 in
987 2181 1030 2200 ea.
1049 2186 1086 2195 —
1124 2171 1265 2210 quidem,
1297 2168 1368 2209 per)
1393 2170 1480 2200 Inter
1499 2171 1573 2201 haec
1592 2182 1642 2200 uu.
1661 2170 1695 2199 in
1713 2170 1744 2200 D
1765 2181 1883 2210 supers.
1902 2180 1974 2208 ege,
2005 2175 2041 2199 ut

170 2224 241 2251 ins..
261 2237 299 2244 --
337 2230 392 2259 per
412 2220 519 2257 quein)
540 2219 585 2247 La
603 2229 673 2246 cuni
694 2219 733 2256 gl.
755 2220 876 2247 Planci.
894 2233 933 2239 —

245 2269 359 2304 Estne)
380 2268 417 2304 23
438 2268 478 2293 Et
500 2277 545 2293 ne.
563 2281 603 2286 --
622 2266 696 2294 hacc
716 2264 803 2303 uera)
824 2275 842 2303 χ
862 2266 941 2302 (sic)
961 2275 1038 2294 uer-a
1057 2267 1129 2295 ista.
1148 2280 1186 2289 —-
1222 2265 1376 2305 placetne)
1395 2265 1422 2294 E
1438 2267 1545 2304 plac-et
1563 2267 1591 2293 si
1610 2271 1662 2294 est.
1680 2280 1720 2286 —
1757 2264 1821 2303 agi)
1841 2264 1866 2292 C
1884 2272 1984 2301 agere.
2001 2279 2040 2286 -

172 2316 268 2354 Num)
291 2316 339 2342 Sic
360 2316 385 2342 B
412 2320 441 2342 et
462 2314 505 2350 E3
540 2313 635 2341 ceteri
661 2314 743 2341 Non.
762 2327 800 2334 —-
838 2313 984 2350 propius)
1004 2314 1066 2349 Ma,
1086 2313 1127 2348 D,
1147 2318 1180 2341 et
1200 2312 1225 2341 C
1241 2315 1398 2350 propr-itm.
1418 2327 1455 2334 ·--
1491 2311 1676 2349 dissimulas)
1701 2311 1747 2340 Pb
1774 2311 1981 2339 dissimulans.
2001 2325 2039 2333 ·—-

172 2362 402 2401 tergiuemris)
430 2362 477 2389 La
503 2367 592 2398 terga
620 2361 756 2387 uersari-s·
781 2369 849 2387 cum
870 2360 908 2396 gl.
930 2361 1156 2397 tergiuersaris.
1178 2375 1215 2381 —
1252 2357 1348 2398 insto)
1367 2361 1420 2388 Ma
1438 2361 1539 2387 ini-sto.
1559 2374 1597 2380 ·—·
1634 2359 1741 2395 atque)
1767 2357 1795 2384 T
1814 2361 1845 2384 et
1864 2358 1902 2394 χὸ
1923 2368 1981 2386 0111.
2000 2372 2039 2380 ·-

173 2411 285 2449 urgeo)
306 2410 350 2436 La
371 2418 438 2436 cum
458 2408 495 2445 gl.
516 2418 602 2445 rogo,
629 2407 690 2441 Ma,
710 2406 766 2442 Le,
786 2411 817 2435 et
838 2406 870 2434 H
890 2415 978 2443 rogo,
999 2406 1023 2435 C
1044 2411 1075 2435 et
1095 2406 1122 2435 Τ
1144 2416 1265 2444 urgeor.
1283 2420 1321 2427 —
1358 2404 1507 2444 insector)
1532 2405 1558 2433 E
1578 2407 1727 2441 insequor.
1748 2416 1787 2423 -
1824 2402 1961 2443 inquam)
1985 2405 2039 2434 Mc

174 2466 204 2489 et
226 2467 250 2487 ²&
270 2466 422 2493 unquam,
443 2465 478 2492 χι
499 2456 529 2482 ἰη
552 2465 621 2493 qua,
640 2469 677 2474 —
