<?xml version="1.0" encoding="UTF-8"?>
<!DOCTYPE html PUBLIC "-//W3C//DTD XHTML 1.0 Transitional//EN"
    "http://www.w3.org/TR/xhtml1/DTD/xhtml1-transitional.dtd">
<html xmlns="http://www.w3.org/1999/xhtml" xml:lang="en" lang="en">
 <head>
  <title>
</title>
<meta http-equiv="Content-Type" content="text/html;charset=utf-8" />
  <meta name='ocr-system' content='tesseract 3.04.00' />
  <meta name='ocr-capabilities' content='ocr_page ocr_carea ocr_par ocr_line ocrx_word'/>
</head>
<body>
  <div class='ocr_page' id='page_1' title='image "./oratioprocnplanc00ciceuoft/oratioprocnplanc00ciceuoft_0331.png"; bbox 0 0 2185 2720; ppageno 0'>
   <div class='ocr_carea' id='block_1_1' title="bbox 873 132 2037 175">
    <p class='ocr_par' dir='ltr' id='par_1_1' title="bbox 873 132 2037 175">
     <span class='ocr_line' id='line_1_1' title="bbox 873 132 2037 175; baseline 0.004 -10"><span class='ocrx_word' id='word_1_1' title='bbox 873 134 898 165; x_wconf 88' lang='lat' dir='ltr'><strong>c</strong></span> <span class='ocrx_word' id='word_1_2' title='bbox 919 134 948 164; x_wconf 86' lang='lat' dir='ltr'><strong>A</strong></span> <span class='ocrx_word' id='word_1_3' title='bbox 968 135 1010 165; x_wconf 88' lang='lat' dir='ltr'><strong>P.</strong></span> <span class='ocrx_word' id='word_1_4' title='bbox 1048 134 1211 165; x_wconf 76' lang='lat' dir='ltr'><strong>xxxiv.</strong></span> <span class='ocrx_word' id='word_1_5' title='bbox 1229 132 1257 175; x_wconf 54' lang='grc' dir='ltr'><strong>ἕ.</strong></span> <span class='ocrx_word' id='word_1_6' title='bbox 1277 137 1324 168; x_wconf 75' lang='lat' dir='ltr'><strong>ss.</strong></span> <span class='ocrx_word' id='word_1_7' title='bbox 1982 143 2037 170; x_wconf 83' lang='lat'><strong>213</strong></span> 
     </span>
    </p>
   </div>
   <div class='ocr_carea' id='block_1_2' title="bbox 160 209 2040 2478">
    <p class='ocr_par' dir='ltr' id='par_1_2' title="bbox 160 209 2040 2478">
     <span class='ocr_line' id='line_1_2' title="bbox 162 209 2035 254; baseline -0.003 -5"><span class='ocrx_word' id='word_1_8' title='bbox 162 216 266 249; x_wconf 78' lang='lat' dir='ltr'><strong>multi</strong></span> <span class='ocrx_word' id='word_1_9' title='bbox 288 213 500 254; x_wconf 70' lang='lat' dir='ltr'><em>incitarunt,</em></span> <span class='ocrx_word' id='word_1_10' title='bbox 536 219 575 245; x_wconf 83' lang='lat' dir='ltr'><strong>ut</strong></span> <span class='ocrx_word' id='word_1_11' title='bbox 597 212 637 244; x_wconf 85' lang='lat' dir='ltr'><strong>ad</strong></span> <span class='ocrx_word' id='word_1_12' title='bbox 659 223 713 253; x_wconf 89' lang='lat' dir='ltr'><strong>ea,</strong></span> <span class='ocrx_word' id='word_1_13' title='bbox 747 221 833 253; x_wconf 87' lang='lat' dir='ltr'><strong>quae</strong></span> <span class='ocrx_word' id='word_1_14' title='bbox 855 209 897 242; x_wconf 91' lang='lat' dir='ltr'><strong>de</strong></span> <span class='ocrx_word' id='word_1_15' title='bbox 919 210 1064 254; x_wconf 88' lang='lat' dir='ltr'><strong>pristino</strong></span> <span class='ocrx_word' id='word_1_16' title='bbox 1083 209 1226 253; x_wconf 86' lang='lat' dir='ltr'>Pompei</span> <span class='ocrx_word' id='word_1_17' title='bbox 1247 210 1383 242; x_wconf 87' lang='lat' dir='ltr'><strong>silentio</strong></span> <span class='ocrx_word' id='word_1_18' title='bbox 1407 209 1578 252; x_wconf 69' lang='lat' dir='ltr'><strong>diximus,</strong></span> <span class='ocrx_word' id='word_1_19' title='bbox 1606 211 1841 254; x_wconf 84' lang='lat' dir='ltr'><strong>adiungantur.</strong></span> <span class='ocrx_word' id='word_1_20' title='bbox 1886 212 2035 246; x_wconf 86' lang='lat' dir='ltr'><strong>Ubinam</strong></span> 
     </span>
     <span class='ocr_line' id='line_1_3' title="bbox 162 263 2036 311; baseline -0.001 -11"><span class='ocrx_word' id='word_1_21' title='bbox 162 269 267 311; x_wconf 86' lang='lat' dir='ltr'><strong>igitur</strong></span> <span class='ocrx_word' id='word_1_22' title='bbox 288 273 382 299; x_wconf 86' lang='lat' dir='ltr'><strong>tanta</strong></span> <span class='ocrx_word' id='word_1_23' title='bbox 402 267 496 299; x_wconf 93' lang='lat' dir='ltr'><strong>illius</strong></span> <span class='ocrx_word' id='word_1_24' title='bbox 519 266 682 310; x_wconf 83' lang='lat' dir='ltr'><strong>epistulae</strong></span> <span class='ocrx_word' id='word_1_25' title='bbox 703 263 901 304; x_wconf 83' lang='lat' dir='ltr'><strong>insolentia,</strong></span> <span class='ocrx_word' id='word_1_26' title='bbox 937 275 1023 307; x_wconf 90' lang='lat' dir='ltr'><strong>quae</strong></span> <span class='ocrx_word' id='word_1_27' title='bbox 1046 269 1124 307; x_wconf 86' lang='lat' dir='ltr'><strong>post</strong></span> <span class='ocrx_word' id='word_1_28' title='bbox 1153 263 1412 305; x_wconf 84' lang='lat' dir='ltr'><strong>quadriennium</strong></span> <span class='ocrx_word' id='word_1_29' title='bbox 1435 264 1579 308; x_wconf 84' lang='lat' dir='ltr'><strong>denique</strong></span> <span class='ocrx_word' id='word_1_30' title='bbox 1602 271 1800 308; x_wconf 71' lang='lat' dir='ltr'><strong>eruptluam</strong></span> <span class='ocrx_word' id='word_1_31' title='bbox 1822 264 2036 298; x_wconf 81' lang='lat' dir='ltr'><strong>inimicitiam</strong></span> 
     </span>
     <span class='ocr_line' id='line_1_4' title="bbox 160 315 2036 364; baseline -0.001 -13"><span class='ocrx_word' id='word_1_32' title='bbox 160 319 360 364; x_wconf 81' lang='lat' dir='ltr'><strong>pepererit?</strong></span> <span class='ocrx_word' id='word_1_33' title='bbox 406 320 496 351; x_wconf 90' lang='lat' dir='ltr'><strong>Nam</strong></span> <span class='ocrx_word' id='word_1_34' title='bbox 519 329 604 360; x_wconf 91' lang='lat' dir='ltr'><strong>quae</strong></span> <span class='ocrx_word' id='word_1_35' title='bbox 627 317 669 349; x_wconf 90' lang='lat' dir='ltr'><strong>de</strong></span> <span class='ocrx_word' id='word_1_36' title='bbox 690 317 830 349; x_wconf 89' lang='lat' dir='ltr'><strong>subdolo</strong></span> <span class='ocrx_word' id='word_1_37' title='bbox 852 317 1001 360; x_wconf 91' lang='lat' dir='ltr'><strong>quodam</strong></span> <span class='ocrx_word' id='word_1_38' title='bbox 1026 322 1181 359; x_wconf 84' lang='lat' dir='ltr'><strong>tectoque</strong></span> <span class='ocrx_word' id='word_1_39' title='bbox 1207 315 1346 347; x_wconf 89' lang='lat' dir='ltr'><strong>homine</strong></span> <span class='ocrx_word' id='word_1_40' title='bbox 1371 315 1529 348; x_wconf 89' lang='lat' dir='ltr'><strong>dicuntur</strong></span> <span class='ocrx_word' id='word_1_41' title='bbox 1551 318 1577 348; x_wconf 95' lang='lat' dir='ltr'><strong>I.</strong></span> <span class='ocrx_word' id='word_1_42' title='bbox 1601 317 1643 349; x_wconf 90' lang='lat' dir='ltr'><strong>ad</strong></span> <span class='ocrx_word' id='word_1_43' title='bbox 1664 318 1740 350; x_wconf 86' lang='lat' dir='ltr'><strong>Att.</strong></span> <span class='ocrx_word' id='word_1_44' title='bbox 1766 317 1834 356; x_wconf 57' lang='lat'><strong>13„</strong></span> <span class='ocrx_word' id='word_1_45' title='bbox 1855 327 2036 360; x_wconf 82' lang='lat' dir='ltr'><strong>perperam</strong></span> 
     </span>
     <span class='ocr_line' id='line_1_5' title="bbox 161 369 2035 416; baseline -0.002 -11"><span class='ocrx_word' id='word_1_46' title='bbox 161 373 204 405; x_wconf 87' lang='lat' dir='ltr'><strong>de</strong></span> <span class='ocrx_word' id='word_1_47' title='bbox 225 372 391 416; x_wconf 88' lang='lat' dir='ltr'><strong>Pompeio</strong></span> <span class='ocrx_word' id='word_1_48' title='bbox 413 370 608 404; x_wconf 85' lang='lat' dir='ltr'><strong>Manutium</strong></span> <span class='ocrx_word' id='word_1_49' title='bbox 630 370 782 413; x_wconf 87' lang='lat' dir='ltr'><strong>aliosque</strong></span> <span class='ocrx_word' id='word_1_50' title='bbox 803 370 1018 414; x_wconf 82' lang='lat' dir='ltr'><strong>intellegere,</strong></span> <span class='ocrx_word' id='word_1_51' title='bbox 1041 375 1092 402; x_wconf 86' lang='lat' dir='ltr'><strong>tot</strong></span> <span class='ocrx_word' id='word_1_52' title='bbox 1113 369 1252 401; x_wconf 88' lang='lat' dir='ltr'><strong>aduersa</strong></span> <span class='ocrx_word' id='word_1_53' title='bbox 1274 380 1358 412; x_wconf 86' lang='lat' dir='ltr'><strong>quae</strong></span> <span class='ocrx_word' id='word_1_54' title='bbox 1378 369 1560 401; x_wconf 76' lang='lat' dir='ltr'><strong>adtulimus</strong></span> <span class='ocrx_word' id='word_1_55' title='bbox 1582 369 1777 402; x_wconf 84' lang='lat' dir='ltr'><strong>testimonia</strong></span> <span class='ocrx_word' id='word_1_56' title='bbox 1795 369 2035 402; x_wconf 80' lang='lat' dir='ltr'><strong>demonstrant.</strong></span> 
     </span>
     <span class='ocr_line' id='line_1_6' title="bbox 162 422 2037 466; baseline -0.002 -9"><span class='ocrx_word' id='word_1_57' title='bbox 162 425 276 458; x_wconf 88' lang='lat' dir='ltr'><strong>Sensit</strong></span> <span class='ocrx_word' id='word_1_58' title='bbox 296 425 512 464; x_wconf 80' lang='lat' dir='ltr'><strong>Tunstallus,</strong></span> <span class='ocrx_word' id='word_1_59' title='bbox 559 430 593 456; x_wconf 89' lang='lat' dir='ltr'><strong>et</strong></span> <span class='ocrx_word' id='word_1_60' title='bbox 614 423 650 455; x_wconf 89' lang='lat' dir='ltr'><strong>in</strong></span> <span class='ocrx_word' id='word_1_61' title='bbox 679 423 905 456; x_wconf 87' lang='lat' dir='ltr'><strong>seuerissuma</strong></span> <span class='ocrx_word' id='word_1_62' title='bbox 931 423 974 455; x_wconf 89' lang='lat' dir='ltr'><strong>ad</strong></span> <span class='ocrx_word' id='word_1_63' title='bbox 994 422 1254 455; x_wconf 86' lang='lat' dir='ltr'><strong>Middletonium</strong></span> <span class='ocrx_word' id='word_1_64' title='bbox 1283 422 1427 466; x_wconf 83' lang='lat' dir='ltr'><strong>epistula</strong></span> <span class='ocrx_word' id='word_1_65' title='bbox 1455 433 1490 465; x_wconf 89' lang='lat' dir='ltr'><strong>p.</strong></span> <span class='ocrx_word' id='word_1_66' title='bbox 1513 422 1565 454; x_wconf 83' lang='lat'><strong>56.</strong></span> <span class='ocrx_word' id='word_1_67' title='bbox 1589 423 1633 465; x_wconf 88' lang='lat' dir='ltr'><strong>Q.</strong></span> <span class='ocrx_word' id='word_1_68' title='bbox 1656 423 1881 455; x_wconf 83' lang='lat' dir='ltr'><strong>Hortensium</strong></span> <span class='ocrx_word' id='word_1_69' title='bbox 1907 422 2037 465; x_wconf 88' lang='lat' dir='ltr'><strong>signifi-</strong></span> 
     </span>
     <span class='ocr_line' id='line_1_7' title="bbox 162 475 2038 521; baseline -0.002 -11"><span class='ocrx_word' id='word_1_70' title='bbox 162 478 231 510; x_wconf 84' lang='lat' dir='ltr'><strong>cari</strong></span> <span class='ocrx_word' id='word_1_71' title='bbox 253 484 390 521; x_wconf 85' lang='lat' dir='ltr'><strong>optume</strong></span> <span class='ocrx_word' id='word_1_72' title='bbox 411 476 536 508; x_wconf 83' lang='lat' dir='ltr'><strong>docuit.</strong></span> <span class='ocrx_word' id='word_1_73' title='bbox 580 476 662 508; x_wconf 87' lang='lat' dir='ltr'><strong>Fuit</strong></span> <span class='ocrx_word' id='word_1_74' title='bbox 686 476 826 507; x_wconf 90' lang='lat' dir='ltr'><strong>omnino</strong></span> <span class='ocrx_word' id='word_1_75' title='bbox 855 475 915 507; x_wconf 88' lang='lat' dir='ltr'><strong>illa</strong></span> <span class='ocrx_word' id='word_1_76' title='bbox 937 476 1154 507; x_wconf 84' lang='lat' dir='ltr'><strong>inimicorum</strong></span> <span class='ocrx_word' id='word_1_77' title='bbox 1176 475 1362 515; x_wconf 83' lang='lat' dir='ltr'><strong>calumnia,</strong></span> <span class='ocrx_word' id='word_1_78' title='bbox 1401 486 1546 517; x_wconf 87' lang='lat' dir='ltr'><strong>quorum</strong></span> <span class='ocrx_word' id='word_1_79' title='bbox 1572 475 1714 507; x_wconf 88' lang='lat' dir='ltr'><strong>stultitia</strong></span> <span class='ocrx_word' id='word_1_80' title='bbox 1741 475 1787 507; x_wconf 89' lang='lat' dir='ltr'><strong>ita</strong></span> <span class='ocrx_word' id='word_1_81' title='bbox 1809 487 1887 507; x_wconf 91' lang='lat' dir='ltr'><strong>cum</strong></span> <span class='ocrx_word' id='word_1_82' title='bbox 1908 475 2038 518; x_wconf 88' lang='lat' dir='ltr'><strong>iniqui-</strong></span> 
     </span>
     <span class='ocr_line' id='line_1_8' title="bbox 162 527 2039 572; baseline -0.002 -10"><span class='ocrx_word' id='word_1_83' title='bbox 162 536 231 563; x_wconf 85' lang='lat' dir='ltr'><strong>tate</strong></span> <span class='ocrx_word' id='word_1_84' title='bbox 253 531 417 571; x_wconf 87' lang='lat' dir='ltr'><strong>certabat,</strong></span> <span class='ocrx_word' id='word_1_85' title='bbox 448 536 487 562; x_wconf 88' lang='lat' dir='ltr'><strong>ut</strong></span> <span class='ocrx_word' id='word_1_86' title='bbox 508 528 653 569; x_wconf 84' lang='lat' dir='ltr'><strong>nescias,</strong></span> <span class='ocrx_word' id='word_1_87' title='bbox 682 535 845 561; x_wconf 87' lang='lat' dir='ltr'><strong>utrumne</strong></span> <span class='ocrx_word' id='word_1_88' title='bbox 866 528 972 570; x_wconf 85' lang='lat' dir='ltr'><strong>magis</strong></span> <span class='ocrx_word' id='word_1_89' title='bbox 1000 528 1192 568; x_wconf 84' lang='lat' dir='ltr'><strong>laederent,</strong></span> <span class='ocrx_word' id='word_1_90' title='bbox 1223 527 1423 560; x_wconf 89' lang='lat' dir='ltr'><strong>Ciceronem</strong></span> <span class='ocrx_word' id='word_1_91' title='bbox 1445 539 1488 559; x_wconf 91' lang='lat' dir='ltr'><strong>an</strong></span> <span class='ocrx_word' id='word_1_92' title='bbox 1512 528 1726 572; x_wconf 87' lang='lat' dir='ltr'><strong>Pompeium.</strong></span> <span class='ocrx_word' id='word_1_93' title='bbox 1771 528 1967 560; x_wconf 89' lang='lat' dir='ltr'><strong>Similluma</strong></span> <span class='ocrx_word' id='word_1_94' title='bbox 1989 534 2039 559; x_wconf 89' lang='lat' dir='ltr'><strong>est</strong></span> 
     </span>
     <span class='ocr_line' id='line_1_9' title="bbox 161 580 2038 625; baseline -0.002 -10"><span class='ocrx_word' id='word_1_95' title='bbox 161 584 245 622; x_wconf 82' lang='lat' dir='ltr'><strong>alia,</strong></span> <span class='ocrx_word' id='word_1_96' title='bbox 285 594 387 625; x_wconf 90' lang='lat' dir='ltr'><strong>quam</strong></span> <span class='ocrx_word' id='word_1_97' title='bbox 410 582 447 614; x_wconf 91' lang='lat' dir='ltr'><strong>in</strong></span> <span class='ocrx_word' id='word_1_98' title='bbox 468 582 583 613; x_wconf 88' lang='lat' dir='ltr'><strong>Pison.</strong></span> <span class='ocrx_word' id='word_1_99' title='bbox 607 593 635 613; x_wconf 87' lang='lat' dir='ltr'><strong>c.</strong></span> <span class='ocrx_word' id='word_1_100' title='bbox 659 592 710 624; x_wconf 83' lang='lat'><strong>29.</strong></span> <span class='ocrx_word' id='word_1_101' title='bbox 732 581 806 624; x_wconf 90' lang='lat' dir='ltr'><strong>ipse</strong></span> <span class='ocrx_word' id='word_1_102' title='bbox 830 582 950 614; x_wconf 87' lang='lat' dir='ltr'><strong>Cicero</strong></span> <span class='ocrx_word' id='word_1_103' title='bbox 972 581 1144 613; x_wconf 84' lang='lat' dir='ltr'><strong>refutauit.</strong></span> <span class='ocrx_word' id='word_1_104' title='bbox 1188 580 1334 613; x_wconf 79' lang='lat' dir='ltr'><strong>Dixerat</strong></span> <span class='ocrx_word' id='word_1_105' title='bbox 1357 581 1448 612; x_wconf 91' lang='lat' dir='ltr'><strong>enim</strong></span> <span class='ocrx_word' id='word_1_106' title='bbox 1468 580 1568 612; x_wconf 86' lang='lat' dir='ltr'><strong>huius</strong></span> <span class='ocrx_word' id='word_1_107' title='bbox 1598 581 1811 613; x_wconf 88' lang='lat' dir='ltr'><strong>consulatum</strong></span> <span class='ocrx_word' id='word_1_108' title='bbox 1834 581 2038 613; x_wconf 86' lang='lat' dir='ltr'><strong>conlaudans</strong></span> 
     </span>
     <span class='ocr_line' id='line_1_10' title="bbox 162 634 2039 678; baseline -0.002 -10"><span class='ocrx_word' id='word_1_109' title='bbox 162 638 206 669; x_wconf 86' lang='lat' dir='ltr'><strong>L.</strong></span> <span class='ocrx_word' id='word_1_110' title='bbox 230 636 327 668; x_wconf 84' lang='lat' dir='ltr'><strong>Piso:</strong></span> <span class='ocrx_word' id='word_1_111' title='bbox 358 648 427 667; x_wconf 90' lang='lat' dir='ltr'><strong>non</strong></span> <span class='ocrx_word' id='word_1_112' title='bbox 449 635 514 667; x_wconf 86' lang='lat' dir='ltr'><strong>illa</strong></span> <span class='ocrx_word' id='word_1_113' title='bbox 540 634 605 666; x_wconf 87' lang='lat' dir='ltr'><strong>tibi</strong></span> <span class='ocrx_word' id='word_1_114' title='bbox 627 635 766 667; x_wconf 79' lang='lat' dir='ltr'><strong>inuidia</strong></span> <span class='ocrx_word' id='word_1_115' title='bbox 787 635 921 673; x_wconf 82' lang='lat' dir='ltr'><strong>nocuit,</strong></span> <span class='ocrx_word' id='word_1_116' title='bbox 944 640 996 666; x_wconf 87' lang='lat' dir='ltr'><strong>set</strong></span> <span class='ocrx_word' id='word_1_117' title='bbox 1017 646 1138 666; x_wconf 81' lang='lat' dir='ltr'><strong>uersus</strong></span> <span class='ocrx_word' id='word_1_118' title='bbox 1164 634 1217 666; x_wconf 82' lang='lat' dir='ltr'><strong>tui</strong></span> <span class='ocrx_word' id='word_1_119' title='bbox 1225 647 1236 665; x_wconf 92' lang='lat'><strong>.·</strong></span> <span class='ocrx_word' id='word_1_120' title='bbox 1266 634 1439 678; x_wconf 82' lang='lat' dir='ltr'><strong>scripsisti</strong></span> <span class='ocrx_word' id='word_1_121' title='bbox 1463 635 1574 674; x_wconf 88' lang='lat' dir='ltr'><strong>enim,</strong></span> <span class='ocrx_word' id='word_1_122' title='bbox 1599 634 1730 667; x_wconf 81' lang='lat' dir='ltr'><strong>Cedant</strong></span> <span class='ocrx_word' id='word_1_123' title='bbox 1751 646 1852 667; x_wconf 85' lang='lat' dir='ltr'><strong>arma</strong></span> <span class='ocrx_word' id='word_1_124' title='bbox 1874 640 1975 677; x_wconf 81' lang='lat' dir='ltr'><strong>togae</strong></span> <span class='ocrx_word' id='word_1_125' title='bbox 1995 650 2039 657; x_wconf 92' lang='lat'>-</span> 
     </span>
     <span class='ocr_line' id='line_1_11' title="bbox 163 686 2038 732; baseline -0.002 -11"><span class='ocrx_word' id='word_1_126' title='bbox 163 695 244 722; x_wconf 74' lang='lat' dir='ltr'><strong>tuae</strong></span> <span class='ocrx_word' id='word_1_127' title='bbox 266 689 355 721; x_wconf 85' lang='lat' dir='ltr'><strong>dicis</strong></span> <span class='ocrx_word' id='word_1_128' title='bbox 378 694 480 732; x_wconf 82' lang='lat' dir='ltr'><strong>togae</strong></span> <span class='ocrx_word' id='word_1_129' title='bbox 502 699 674 720; x_wconf 81' lang='lat' dir='ltr'><strong>summum</strong></span> <span class='ocrx_word' id='word_1_130' title='bbox 698 688 930 731; x_wconf 79' lang='lat' dir='ltr'><strong>inperatorem</strong></span> <span class='ocrx_word' id='word_1_131' title='bbox 952 699 1024 720; x_wconf 84' lang='lat' dir='ltr'><strong>esse</strong></span> <span class='ocrx_word' id='word_1_132' title='bbox 1046 698 1231 719; x_wconf 77' lang='lat' dir='ltr'><strong>cessuram.</strong></span> <span class='ocrx_word' id='word_1_133' title='bbox 1274 686 1409 718; x_wconf 89' lang='lat' dir='ltr'><strong>Deinde</strong></span> <span class='ocrx_word' id='word_1_134' title='bbox 1431 693 1509 730; x_wconf 89' lang='lat' dir='ltr'><strong>post</strong></span> <span class='ocrx_word' id='word_1_135' title='bbox 1532 687 1641 719; x_wconf 85' lang='lat' dir='ltr'><strong>multa</strong></span> <span class='ocrx_word' id='word_1_136' title='bbox 1666 698 1694 719; x_wconf 92' lang='lat' dir='ltr'><strong>c.</strong></span> <span class='ocrx_word' id='word_1_137' title='bbox 1717 688 1789 720; x_wconf 79' lang='lat'><strong>50.=</strong></span> <span class='ocrx_word' id='word_1_138' title='bbox 1822 687 1901 720; x_wconf 82' lang='lat' dir='ltr'><strong>Hoc</strong></span> <span class='ocrx_word' id='word_1_139' title='bbox 1925 693 2038 718; x_wconf 85' lang='lat' dir='ltr'><strong>tamen</strong></span> 
     </span>
     <span class='ocr_line' id='line_1_12' title="bbox 162 739 2038 784; baseline -0.002 -11"><span class='ocrx_word' id='word_1_140' title='bbox 162 741 339 784; x_wconf 80' lang='lat' dir='ltr'><strong>intellegi,</strong></span> <span class='ocrx_word' id='word_1_141' title='bbox 373 741 554 781; x_wconf 79' lang='lat' dir='ltr'><strong>scelerate,</strong></span> <span class='ocrx_word' id='word_1_142' title='bbox 587 741 664 780; x_wconf 80' lang='lat' dir='ltr'><strong>uis,</strong></span> <span class='ocrx_word' id='word_1_143' title='bbox 694 740 900 784; x_wconf 81' lang='lat' dir='ltr'><strong>Pompeium</strong></span> <span class='ocrx_word' id='word_1_144' title='bbox 931 740 1112 771; x_wconf 82' lang='lat' dir='ltr'><strong>inimicum</strong></span> <span class='ocrx_word' id='word_1_145' title='bbox 1137 739 1224 771; x_wconf 77' lang='lat' dir='ltr'><strong>mihi</strong></span> <span class='ocrx_word' id='word_1_146' title='bbox 1257 740 1322 770; x_wconf 90' lang='lat' dir='ltr'><strong>isto</strong></span> <span class='ocrx_word' id='word_1_147' title='bbox 1349 751 1453 771; x_wconf 76' lang='lat' dir='ltr'><strong>uersu</strong></span> <span class='ocrx_word' id='word_1_148' title='bbox 1482 751 1553 772; x_wconf 80' lang='lat' dir='ltr'><strong>esse</strong></span> <span class='ocrx_word' id='word_1_149' title='bbox 1571 740 1735 783; x_wconf 77' lang='lat' dir='ltr'><strong>factum3</strong></span> <span class='ocrx_word' id='word_1_150' title='bbox 1771 746 1829 779; x_wconf 82' lang='lat' dir='ltr'><strong>ut,</strong></span> <span class='ocrx_word' id='word_1_151' title='bbox 1862 740 1894 771; x_wconf 88' lang='lat' dir='ltr'><strong>si</strong></span> <span class='ocrx_word' id='word_1_152' title='bbox 1916 750 2038 771; x_wconf 77' lang='lat' dir='ltr'><strong>uersus</strong></span> 
     </span>
     <span class='ocr_line' id='line_1_13' title="bbox 161 790 2040 839; baseline -0.004 -11"><span class='ocrx_word' id='word_1_153' title='bbox 161 795 250 828; x_wconf 78' lang='lat' dir='ltr'><strong>milii</strong></span> <span class='ocrx_word' id='word_1_154' title='bbox 272 795 449 832; x_wconf 80' lang='lat' dir='ltr'><strong>nocuerit,</strong></span> <span class='ocrx_word' id='word_1_155' title='bbox 471 793 514 826; x_wconf 85' lang='lat' dir='ltr'><strong>ab</strong></span> <span class='ocrx_word' id='word_1_156' title='bbox 536 805 593 832; x_wconf 85' lang='lat' dir='ltr'><strong>ec,</strong></span> <span class='ocrx_word' id='word_1_157' title='bbox 615 806 714 838; x_wconf 76' lang='lat' dir='ltr'><strong>quem</strong></span> <span class='ocrx_word' id='word_1_158' title='bbox 736 795 767 826; x_wconf 88' lang='lat' dir='ltr'><strong>is</strong></span> <span class='ocrx_word' id='word_1_159' title='bbox 789 805 913 825; x_wconf 83' lang='lat' dir='ltr'><strong>uersus</strong></span> <span class='ocrx_word' id='word_1_160' title='bbox 936 791 1138 836; x_wconf 82' lang='lat' dir='ltr'><strong>offenderit,</strong></span> <span class='ocrx_word' id='word_1_161' title='bbox 1168 792 1333 824; x_wconf 81' lang='lat' dir='ltr'><strong>uideatur</strong></span> <span class='ocrx_word' id='word_1_162' title='bbox 1356 793 1443 825; x_wconf 81' lang='lat' dir='ltr'><strong>milii</strong></span> <span class='ocrx_word' id='word_1_163' title='bbox 1458 794 1633 837; x_wconf 76' lang='lat' dir='ltr'><strong>pernicies</strong></span> <span class='ocrx_word' id='word_1_164' title='bbox 1659 807 1730 827; x_wconf 79' lang='lat' dir='ltr'><strong>esse</strong></span> <span class='ocrx_word' id='word_1_165' title='bbox 1752 793 1922 839; x_wconf 76' lang='lat' dir='ltr'><strong>quaesita.</strong></span> <span class='ocrx_word' id='word_1_166' title='bbox 1965 790 2040 822; x_wconf 91' lang='lat' dir='ltr'><strong>To-</strong></span> 
     </span>
     <span class='ocr_line' id='line_1_14' title="bbox 163 843 2040 889; baseline -0.002 -11"><span class='ocrx_word' id='word_1_167' title='bbox 163 853 238 879; x_wconf 86' lang='lat' dir='ltr'><strong>tum</strong></span> <span class='ocrx_word' id='word_1_168' title='bbox 260 846 341 878; x_wconf 85' lang='lat' dir='ltr'><strong>uide</strong></span> <span class='ocrx_word' id='word_1_169' title='bbox 361 846 492 878; x_wconf 81' lang='lat' dir='ltr'><strong>locum:</strong></span> <span class='ocrx_word' id='word_1_170' title='bbox 521 856 602 877; x_wconf 89' lang='lat' dir='ltr'><strong>nam</strong></span> <span class='ocrx_word' id='word_1_171' title='bbox 624 845 883 889; x_wconf 87' lang='lat' dir='ltr'><strong>responsionem</strong></span> <span class='ocrx_word' id='word_1_172' title='bbox 903 855 1038 876; x_wconf 85' lang='lat' dir='ltr'><strong>necesse</strong></span> <span class='ocrx_word' id='word_1_173' title='bbox 1060 855 1130 875; x_wconf 87' lang='lat' dir='ltr'><strong>non</strong></span> <span class='ocrx_word' id='word_1_174' title='bbox 1153 850 1219 885; x_wconf 84' lang='lat' dir='ltr'><strong>est,</strong></span> <span class='ocrx_word' id='word_1_175' title='bbox 1242 856 1279 877; x_wconf 90' lang='lat' dir='ltr'><strong>re</strong></span> <span class='ocrx_word' id='word_1_176' title='bbox 1301 845 1369 877; x_wconf 89' lang='lat' dir='ltr'><strong>iam</strong></span> <span class='ocrx_word' id='word_1_177' title='bbox 1390 845 1557 889; x_wconf 85' lang='lat' dir='ltr'><strong>patefacta</strong></span> <span class='ocrx_word' id='word_1_178' title='bbox 1579 846 1779 878; x_wconf 85' lang='lat' dir='ltr'><strong>describere.</strong></span> <span class='ocrx_word' id='word_1_179' title='bbox 1826 845 1938 887; x_wconf 89' lang='lat' dir='ltr'><strong>Quam</strong></span> <span class='ocrx_word' id='word_1_180' title='bbox 1962 843 2040 886; x_wconf 90' lang='lat' dir='ltr'><strong>qui-</strong></span> 
     </span>
     <span class='ocr_line' id='line_1_15' title="bbox 162 897 2040 942; baseline -0.002 -10"><span class='ocrx_word' id='word_1_181' title='bbox 162 901 239 932; x_wconf 89' lang='lat' dir='ltr'><strong>dem</strong></span> <span class='ocrx_word' id='word_1_182' title='bbox 260 911 334 932; x_wconf 89' lang='lat' dir='ltr'><strong>rem</strong></span> <span class='ocrx_word' id='word_1_183' title='bbox 356 910 401 931; x_wconf 81' lang='lat' dir='ltr'><strong>ex</strong></span> <span class='ocrx_word' id='word_1_184' title='bbox 423 898 576 942; x_wconf 87' lang='lat' dir='ltr'><strong>epistulis</strong></span> <span class='ocrx_word' id='word_1_185' title='bbox 598 897 825 940; x_wconf 86' lang='lat' dir='ltr'><strong>potissumum</strong></span> <span class='ocrx_word' id='word_1_186' title='bbox 847 897 1025 936; x_wconf 88' lang='lat' dir='ltr'><strong>declaraui,</strong></span> <span class='ocrx_word' id='word_1_187' title='bbox 1049 908 1091 928; x_wconf 89' lang='lat' dir='ltr'><strong>ne</strong></span> <span class='ocrx_word' id='word_1_188' title='bbox 1110 908 1186 928; x_wconf 87' lang='lat' dir='ltr'><strong>cum</strong></span> <span class='ocrx_word' id='word_1_189' title='bbox 1208 898 1387 930; x_wconf 88' lang='lat' dir='ltr'><strong>Tunstallo</strong></span> <span class='ocrx_word' id='word_1_190' title='bbox 1409 899 1433 930; x_wconf 93' lang='lat' dir='ltr'><strong>l.</strong></span> <span class='ocrx_word' id='word_1_191' title='bbox 1449 910 1476 932; x_wconf 81' lang='lat' dir='ltr'><strong>e.</strong></span> <span class='ocrx_word' id='word_1_192' title='bbox 1498 910 1533 942; x_wconf 85' lang='lat' dir='ltr'><strong>p.</strong></span> <span class='ocrx_word' id='word_1_193' title='bbox 1547 899 1600 931; x_wconf 80' lang='lat'><strong>48.</strong></span> <span class='ocrx_word' id='word_1_194' title='bbox 1624 906 1656 931; x_wconf 86' lang='lat' dir='ltr'><strong>et</strong></span> <span class='ocrx_word' id='word_1_195' title='bbox 1678 901 1730 932; x_wconf 88' lang='lat'><strong>50.</strong></span> <span class='ocrx_word' id='word_1_196' title='bbox 1752 898 1839 931; x_wconf 85' lang='lat' dir='ltr'><strong>mihi</strong></span> <span class='ocrx_word' id='word_1_197' title='bbox 1862 897 2040 941; x_wconf 88' lang='lat' dir='ltr'><strong>quisquam</strong></span> 
     </span>
     <span class='ocr_line' id='line_1_16' title="bbox 163 949 2040 994; baseline -0.003 -9"><span class='ocrx_word' id='word_1_198' title='bbox 163 953 331 992; x_wconf 89' lang='lat' dir='ltr'><strong>obiceret,</strong></span> <span class='ocrx_word' id='word_1_199' title='bbox 359 951 467 984; x_wconf 87' lang='lat' dir='ltr'><strong>multa.</strong></span> <span class='ocrx_word' id='word_1_200' title='bbox 488 951 526 983; x_wconf 91' lang='lat' dir='ltr'><strong>in</strong></span> <span class='ocrx_word' id='word_1_201' title='bbox 547 949 756 982; x_wconf 85' lang='lat' dir='ltr'><strong>orationibus</strong></span> <span class='ocrx_word' id='word_1_202' title='bbox 778 949 863 983; x_wconf 85' lang='lat' dir='ltr'><strong>falsa</strong></span> <span class='ocrx_word' id='word_1_203' title='bbox 883 949 1048 993; x_wconf 86' lang='lat' dir='ltr'><strong>temporis</strong></span> <span class='ocrx_word' id='word_1_204' title='bbox 1071 951 1306 994; x_wconf 89' lang='lat' dir='ltr'><strong>commodique</strong></span> <span class='ocrx_word' id='word_1_205' title='bbox 1328 963 1441 983; x_wconf 87' lang='lat' dir='ltr'><strong>caussa</strong></span> <span class='ocrx_word' id='word_1_206' title='bbox 1465 951 1600 983; x_wconf 86' lang='lat' dir='ltr'><strong>referri.</strong></span> <span class='ocrx_word' id='word_1_207' title='bbox 1645 953 1790 989; x_wconf 83' lang='lat' dir='ltr'><strong>Ornate‚</strong></span> <span class='ocrx_word' id='word_1_208' title='bbox 1821 952 1904 983; x_wconf 84' lang='lat' dir='ltr'><strong>haut</strong></span> <span class='ocrx_word' id='word_1_209' title='bbox 1926 956 2040 981; x_wconf 87' lang='lat' dir='ltr'><strong>tamen</strong></span> 
     </span>
     <span class='ocr_line' id='line_1_17' title="bbox 163 1003 2039 1048; baseline -0.002 -10"><span class='ocrx_word' id='word_1_210' title='bbox 163 1005 250 1039; x_wconf 87' lang='lat' dir='ltr'><strong>falso</strong></span> <span class='ocrx_word' id='word_1_211' title='bbox 272 1005 359 1037; x_wconf 86' lang='lat' dir='ltr'><strong>dixit</strong></span> <span class='ocrx_word' id='word_1_212' title='bbox 379 1016 442 1048; x_wconf 89' lang='lat' dir='ltr'><strong>pro</strong></span> <span class='ocrx_word' id='word_1_213' title='bbox 465 1004 567 1036; x_wconf 91' lang='lat' dir='ltr'><strong>domo</strong></span> <span class='ocrx_word' id='word_1_214' title='bbox 591 1014 618 1034; x_wconf 86' lang='lat' dir='ltr'><strong>c·</strong></span> <span class='ocrx_word' id='word_1_215' title='bbox 640 1014 708 1036; x_wconf 66' lang='lat' dir='ltr'><strong>lh:</strong></span> <span class='ocrx_word' id='word_1_216' title='bbox 733 1003 836 1044; x_wconf 78' lang='lat' dir='ltr'><strong>Quod</strong></span> <span class='ocrx_word' id='word_1_217' title='bbox 857 1005 947 1037; x_wconf 86' lang='lat' dir='ltr'><strong>enim</strong></span> <span class='ocrx_word' id='word_1_218' title='bbox 967 1015 1036 1047; x_wconf 79' lang='lat' dir='ltr'><strong>par</strong></span> <span class='ocrx_word' id='word_1_219' title='bbox 1058 1004 1234 1036; x_wconf 77' lang='lat' dir='ltr'><strong>amicitiae</strong></span> <span class='ocrx_word' id='word_1_220' title='bbox 1256 1005 1448 1038; x_wconf 85' lang='lat' dir='ltr'><strong>consularis</strong></span> <span class='ocrx_word' id='word_1_221' title='bbox 1461 1003 1543 1048; x_wconf 80' lang='lat' dir='ltr'><strong>fuit</strong></span> <span class='ocrx_word' id='word_1_222' title='bbox 1564 1017 1726 1048; x_wconf 78' lang='lat' dir='ltr'><strong>umquam</strong></span> <span class='ocrx_word' id='word_1_223' title='bbox 1750 1006 1786 1037; x_wconf 86' lang='lat' dir='ltr'><strong>in</strong></span> <span class='ocrx_word' id='word_1_224' title='bbox 1808 1005 1873 1036; x_wconf 78' lang='lat' dir='ltr'><strong>hac</strong></span> <span class='ocrx_word' id='word_1_225' title='bbox 1895 1004 2039 1036; x_wconf 76' lang='lat' dir='ltr'><strong>ciuitate</strong></span> 
     </span>
     <span class='ocr_line' id='line_1_18' title="bbox 165 1056 2038 1103; baseline -0.003 -12"><span class='ocrx_word' id='word_1_226' title='bbox 165 1058 400 1097; x_wconf 75' lang='lat' dir='ltr'><strong>coniunctius,</strong></span> <span class='ocrx_word' id='word_1_227' title='bbox 436 1070 542 1101; x_wconf 80' lang='lat' dir='ltr'><strong>quam</strong></span> <span class='ocrx_word' id='word_1_228' title='bbox 554 1056 698 1101; x_wconf 78' lang='lat' dir='ltr'><strong>fuimus</strong></span> <span class='ocrx_word' id='word_1_229' title='bbox 724 1057 817 1090; x_wconf 87' lang='lat' dir='ltr'><strong>inter</strong></span> <span class='ocrx_word' id='word_1_230' title='bbox 851 1070 912 1090; x_wconf 85' lang='lat' dir='ltr'><strong>nos</strong></span> <span class='ocrx_word' id='word_1_231' title='bbox 935 1068 998 1100; x_wconf 80' lang='lat' dir='ltr'><strong>ego</strong></span> <span class='ocrx_word' id='word_1_232' title='bbox 1021 1062 1053 1088; x_wconf 86' lang='lat' dir='ltr'><strong>et</strong></span> <span class='ocrx_word' id='word_1_233' title='bbox 1076 1056 1134 1088; x_wconf 87' lang='lat' dir='ltr'><strong>Cn.</strong></span> <span class='ocrx_word' id='word_1_234' title='bbox 1156 1057 1369 1103; x_wconf 69' lang='lat' dir='ltr'><strong>Pompeius?</strong></span> <span class='ocrx_word' id='word_1_235' title='bbox 1392 1063 1471 1089; x_wconf 85' lang='lat' dir='ltr'><strong>etc..</strong></span> <span class='ocrx_word' id='word_1_236' title='bbox 1514 1058 1566 1090; x_wconf 87' lang='lat' dir='ltr'><strong>At</strong></span> <span class='ocrx_word' id='word_1_237' title='bbox 1589 1069 1706 1089; x_wconf 88' lang='lat' dir='ltr'><strong>ueram</strong></span> <span class='ocrx_word' id='word_1_238' title='bbox 1735 1057 1847 1089; x_wconf 80' lang='lat' dir='ltr'><strong>dissidi</strong></span> <span class='ocrx_word' id='word_1_239' title='bbox 1870 1057 1958 1088; x_wconf 86' lang='lat' dir='ltr'><strong>inter</strong></span> <span class='ocrx_word' id='word_1_240' title='bbox 1982 1068 2038 1088; x_wconf 90' lang='lat' dir='ltr'><strong>eos</strong></span> 
     </span>
     <span class='ocr_line' id='line_1_19' title="bbox 165 1108 2040 1153; baseline -0.001 -11"><span class='ocrx_word' id='word_1_241' title='bbox 165 1111 279 1143; x_wconf 80' lang='lat' dir='ltr'><strong>exorti</strong></span> <span class='ocrx_word' id='word_1_242' title='bbox 301 1122 450 1142; x_wconf 87' lang='lat' dir='ltr'><strong>caussam</strong></span> <span class='ocrx_word' id='word_1_243' title='bbox 474 1110 628 1151; x_wconf 80' lang='lat' dir='ltr'><strong>reticuit,</strong></span> <span class='ocrx_word' id='word_1_244' title='bbox 665 1110 869 1153; x_wconf 88' lang='lat' dir='ltr'><strong>culpamque</strong></span> <span class='ocrx_word' id='word_1_245' title='bbox 890 1116 965 1142; x_wconf 86' lang='lat' dir='ltr'><strong>tum</strong></span> <span class='ocrx_word' id='word_1_246' title='bbox 987 1108 1052 1148; x_wconf 92' lang='lat' dir='ltr'><strong>ibi,</strong></span> <span class='ocrx_word' id='word_1_247' title='bbox 1089 1114 1162 1140; x_wconf 88' lang='lat' dir='ltr'><strong>tum</strong></span> <span class='ocrx_word' id='word_1_248' title='bbox 1184 1120 1247 1151; x_wconf 89' lang='lat' dir='ltr'><strong>pro</strong></span> <span class='ocrx_word' id='word_1_249' title='bbox 1271 1112 1364 1143; x_wconf 78' lang='lat' dir='ltr'><strong>Sext.</strong></span> <span class='ocrx_word' id='word_1_250' title='bbox 1394 1110 1442 1142; x_wconf 81' lang='lat'><strong>18.</strong></span> <span class='ocrx_word' id='word_1_251' title='bbox 1468 1117 1499 1142; x_wconf 89' lang='lat' dir='ltr'><strong>et</strong></span> <span class='ocrx_word' id='word_1_252' title='bbox 1520 1111 1556 1142; x_wconf 90' lang='lat' dir='ltr'><strong>in</strong></span> <span class='ocrx_word' id='word_1_253' title='bbox 1579 1111 1646 1142; x_wconf 86' lang='lat' dir='ltr'><strong>Pis.</strong></span> <span class='ocrx_word' id='word_1_254' title='bbox 1668 1110 1720 1142; x_wconf 80' lang='lat'><strong>51.</strong></span> <span class='ocrx_word' id='word_1_255' title='bbox 1748 1110 1784 1141; x_wconf 90' lang='lat' dir='ltr'><strong>in</strong></span> <span class='ocrx_word' id='word_1_256' title='bbox 1806 1109 1961 1142; x_wconf 88' lang='lat' dir='ltr'><strong>homines</strong></span> <span class='ocrx_word' id='word_1_257' title='bbox 1983 1109 2040 1140; x_wconf 88' lang='lat' dir='ltr'><strong>in-</strong></span> 
     </span>
     <span class='ocr_line' id='line_1_20' title="bbox 164 1161 2038 1207; baseline -0.001 -13"><span class='ocrx_word' id='word_1_258' title='bbox 164 1163 291 1207; x_wconf 84' lang='lat' dir='ltr'><strong>probos</strong></span> <span class='ocrx_word' id='word_1_259' title='bbox 317 1163 470 1195; x_wconf 87' lang='lat' dir='ltr'><strong>contulit.</strong></span> <span class='ocrx_word' id='word_1_260' title='bbox 514 1164 600 1195; x_wconf 88' lang='lat' dir='ltr'><strong>Erat</strong></span> <span class='ocrx_word' id='word_1_261' title='bbox 621 1162 713 1194; x_wconf 82' lang='lat' dir='ltr'><strong>enim</strong></span> <span class='ocrx_word' id='word_1_262' title='bbox 740 1164 882 1203; x_wconf 87' lang='lat' dir='ltr'><strong>ueritas,</strong></span> <span class='ocrx_word' id='word_1_263' title='bbox 921 1162 1011 1194; x_wconf 89' lang='lat' dir='ltr'><strong>uiuis</strong></span> <span class='ocrx_word' id='word_1_264' title='bbox 1041 1161 1309 1205; x_wconf 87' lang='lat' dir='ltr'><strong>florentibusque</strong></span> <span class='ocrx_word' id='word_1_265' title='bbox 1332 1164 1495 1206; x_wconf 87' lang='lat' dir='ltr'><strong>Pompeio</strong></span> <span class='ocrx_word' id='word_1_266' title='bbox 1527 1170 1560 1195; x_wconf 91' lang='lat' dir='ltr'><strong>et</strong></span> <span class='ocrx_word' id='word_1_267' title='bbox 1586 1164 1743 1203; x_wconf 89' lang='lat' dir='ltr'><strong>Caesare,</strong></span> <span class='ocrx_word' id='word_1_268' title='bbox 1781 1162 2038 1201; x_wconf 76' lang='lat' dir='ltr'><strong>dissimulanda3</strong></span> 
     </span>
     <span class='ocr_line' id='line_1_21' title="bbox 165 1214 2038 1260; baseline -0.001 -12"><span class='ocrx_word' id='word_1_269' title='bbox 165 1228 278 1259; x_wconf 84' lang='lat' dir='ltr'><strong>neque</strong></span> <span class='ocrx_word' id='word_1_270' title='bbox 299 1216 428 1260; x_wconf 89' lang='lat' dir='ltr'><strong>publici</strong></span> <span class='ocrx_word' id='word_1_271' title='bbox 453 1215 571 1247; x_wconf 85' lang='lat' dir='ltr'><strong>eadem</strong></span> <span class='ocrx_word' id='word_1_272' title='bbox 592 1216 679 1248; x_wconf 85' lang='lat' dir='ltr'><strong>ratio</strong></span> <span class='ocrx_word' id='word_1_273' title='bbox 701 1216 868 1248; x_wconf 87' lang='lat' dir='ltr'><strong>sermonis</strong></span> <span class='ocrx_word' id='word_1_274' title='bbox 891 1221 942 1247; x_wconf 86' lang='lat' dir='ltr'><strong>est</strong></span> <span class='ocrx_word' id='word_1_275' title='bbox 964 1227 1049 1258; x_wconf 92' lang='lat' dir='ltr'><strong>quae</strong></span> <span class='ocrx_word' id='word_1_276' title='bbox 1070 1214 1256 1248; x_wconf 81' lang='lat' dir='ltr'><strong>familiaris.</strong></span> <span class='ocrx_word' id='word_1_277' title='bbox 1300 1216 1481 1258; x_wconf 89' lang='lat' dir='ltr'><strong>Postquam</strong></span> <span class='ocrx_word' id='word_1_278' title='bbox 1505 1228 1589 1248; x_wconf 90' lang='lat' dir='ltr'><strong>uero</strong></span> <span class='ocrx_word' id='word_1_279' title='bbox 1612 1216 1664 1247; x_wconf 91' lang='lat' dir='ltr'><strong>illi</strong></span> <span class='ocrx_word' id='word_1_280' title='bbox 1684 1215 1865 1259; x_wconf 85' lang='lat' dir='ltr'><strong>perierant,</strong></span> <span class='ocrx_word' id='word_1_281' title='bbox 1888 1216 1932 1247; x_wconf 94' lang='grc' dir='ltr'><strong>ΙΙ.</strong></span> <span class='ocrx_word' id='word_1_282' title='bbox 1949 1216 2038 1247; x_wconf 82' lang='lat' dir='ltr'><strong>Phil.</strong></span> 
     </span>
     <span class='ocr_line' id='line_1_22' title="bbox 169 1268 2039 1313; baseline -0.001 -10"><span class='ocrx_word' id='word_1_283' title='bbox 169 1282 238 1310; x_wconf 62' lang='lat'><strong>10„</strong></span> <span class='ocrx_word' id='word_1_284' title='bbox 274 1281 372 1302; x_wconf 86' lang='lat' dir='ltr'><strong>ausus</strong></span> <span class='ocrx_word' id='word_1_285' title='bbox 402 1275 452 1301; x_wconf 89' lang='lat' dir='ltr'><strong>est</strong></span> <span class='ocrx_word' id='word_1_286' title='bbox 483 1269 611 1309; x_wconf 81' lang='lat' dir='ltr'><strong>dicere,</strong></span> <span class='ocrx_word' id='word_1_287' title='bbox 651 1269 690 1303; x_wconf 83' lang='lat' dir='ltr'><strong>C.</strong></span> <span class='ocrx_word' id='word_1_288' title='bbox 714 1269 865 1301; x_wconf 84' lang='lat' dir='ltr'><strong>Caesaris</strong></span> <span class='ocrx_word' id='word_1_289' title='bbox 895 1279 998 1311; x_wconf 87' lang='lat' dir='ltr'><strong>opera</strong></span> <span class='ocrx_word' id='word_1_290' title='bbox 1020 1268 1222 1312; x_wconf 88' lang='lat' dir='ltr'><strong>Pompeium</strong></span> <span class='ocrx_word' id='word_1_291' title='bbox 1249 1282 1272 1302; x_wconf 85' lang='lat' dir='ltr'><strong>a</strong></span> <span class='ocrx_word' id='word_1_292' title='bbox 1300 1282 1364 1302; x_wconf 83' lang='lat' dir='ltr'><strong>sua</strong></span> <span class='ocrx_word' id='word_1_293' title='bbox 1390 1269 1647 1313; x_wconf 83' lang='lat' dir='ltr'><strong>familiaritate</strong></span> <span class='ocrx_word' id='word_1_294' title='bbox 1667 1269 1786 1313; x_wconf 79' lang='lat' dir='ltr'><strong>fuisse</strong></span> <span class='ocrx_word' id='word_1_295' title='bbox 1813 1269 2039 1302; x_wconf 72' lang='lat' dir='ltr'><strong>disiunctum.</strong></span> 
     </span>
     <span class='ocr_line' id='line_1_23' title="bbox 166 1322 2040 1366; baseline -0.001 -10"><span class='ocrx_word' id='word_1_296' title='bbox 166 1323 362 1366; x_wconf 87' lang='lat' dir='ltr'><strong>Conprobat</strong></span> <span class='ocrx_word' id='word_1_297' title='bbox 391 1323 427 1354; x_wconf 89' lang='lat' dir='ltr'><strong>id</strong></span> <span class='ocrx_word' id='word_1_298' title='bbox 449 1322 650 1355; x_wconf 88' lang='lat' dir='ltr'><strong>Plutarchus</strong></span> <span class='ocrx_word' id='word_1_299' title='bbox 681 1322 717 1353; x_wconf 90' lang='lat' dir='ltr'><strong>in</strong></span> <span class='ocrx_word' id='word_1_300' title='bbox 748 1322 818 1355; x_wconf 89' lang='lat' dir='ltr'><strong>Cic.</strong></span> <span class='ocrx_word' id='word_1_301' title='bbox 849 1334 877 1354; x_wconf 91' lang='lat' dir='ltr'><strong>c.</strong></span> <span class='ocrx_word' id='word_1_302' title='bbox 908 1323 979 1354; x_wconf 81' lang='lat'><strong>50..</strong></span> <span class='ocrx_word' id='word_1_303' title='bbox 1023 1322 1087 1353; x_wconf 88' lang='lat' dir='ltr'><strong>Illa</strong></span> <span class='ocrx_word' id='word_1_304' title='bbox 1115 1322 1279 1354; x_wconf 88' lang='lat' dir='ltr'><strong>nimirum</strong></span> <span class='ocrx_word' id='word_1_305' title='bbox 1308 1323 1348 1354; x_wconf 87' lang='lat' dir='ltr'><strong>ab</strong></span> <span class='ocrx_word' id='word_1_306' title='bbox 1379 1324 1526 1355; x_wconf 85' lang='lat' dir='ltr'><strong>coitione</strong></span> <span class='ocrx_word' id='word_1_307' title='bbox 1554 1323 1696 1364; x_wconf 87' lang='lat' dir='ltr'><strong>Pompei</strong></span> <span class='ocrx_word' id='word_1_308' title='bbox 1727 1333 1804 1354; x_wconf 91' lang='lat' dir='ltr'><strong>cum</strong></span> <span class='ocrx_word' id='word_1_309' title='bbox 1836 1323 1977 1354; x_wconf 87' lang='lat' dir='ltr'><strong>Caesare</strong></span> <span class='ocrx_word' id='word_1_310' title='bbox 2005 1328 2040 1354; x_wconf 86' lang='lat' dir='ltr'><strong>et</strong></span> 
     </span>
     <span class='ocr_line' id='line_1_24' title="bbox 167 1375 2037 1418; baseline -0.003 -8"><span class='ocrx_word' id='word_1_311' title='bbox 167 1378 286 1410; x_wconf 87' lang='lat' dir='ltr'><strong>Crasso</strong></span> <span class='ocrx_word' id='word_1_312' title='bbox 315 1385 428 1408; x_wconf 84' lang='lat' dir='ltr'><strong>caussa</strong></span> <span class='ocrx_word' id='word_1_313' title='bbox 460 1381 508 1406; x_wconf 89' lang='lat' dir='ltr'><strong>est</strong></span> <span class='ocrx_word' id='word_1_314' title='bbox 537 1375 735 1418; x_wconf 87' lang='lat' dir='ltr'><strong>repetenda,</strong></span> <span class='ocrx_word' id='word_1_315' title='bbox 773 1375 833 1417; x_wconf 89' lang='lat' dir='ltr'><strong>qui</strong></span> <span class='ocrx_word' id='word_1_316' title='bbox 854 1387 927 1408; x_wconf 89' lang='lat' dir='ltr'><strong>rem</strong></span> <span class='ocrx_word' id='word_1_317' title='bbox 949 1375 1120 1418; x_wconf 86' lang='lat' dir='ltr'><strong>publicam</strong></span> <span class='ocrx_word' id='word_1_318' title='bbox 1144 1387 1220 1407; x_wconf 91' lang='lat' dir='ltr'><strong>cum</strong></span> <span class='ocrx_word' id='word_1_319' title='bbox 1244 1382 1476 1418; x_wconf 84' lang='lat' dir='ltr'><strong>occupassent,</strong></span> <span class='ocrx_word' id='word_1_320' title='bbox 1518 1376 1612 1408; x_wconf 90' lang='lat' dir='ltr'><strong>cuius</strong></span> <span class='ocrx_word' id='word_1_321' title='bbox 1638 1376 1896 1408; x_wconf 85' lang='lat' dir='ltr'><strong>amantissumus</strong></span> <span class='ocrx_word' id='word_1_322' title='bbox 1920 1375 2037 1406; x_wconf 89' lang='lat' dir='ltr'><strong>Cicero</strong></span> 
     </span>
     <span class='ocr_line' id='line_1_25' title="bbox 165 1428 2038 1473; baseline -0.002 -11"><span class='ocrx_word' id='word_1_323' title='bbox 165 1441 301 1473; x_wconf 86' lang='lat' dir='ltr'><strong>semper</strong></span> <span class='ocrx_word' id='word_1_324' title='bbox 323 1428 405 1467; x_wconf 85' lang='lat' dir='ltr'><strong>fuit,</strong></span> <span class='ocrx_word' id='word_1_325' title='bbox 430 1439 500 1459; x_wconf 90' lang='lat' dir='ltr'><strong>non</strong></span> <span class='ocrx_word' id='word_1_326' title='bbox 521 1429 635 1470; x_wconf 85' lang='lat' dir='ltr'><strong>potuit</strong></span> <span class='ocrx_word' id='word_1_327' title='bbox 657 1429 746 1460; x_wconf 89' lang='lat' dir='ltr'><strong>inter</strong></span> <span class='ocrx_word' id='word_1_328' title='bbox 768 1440 824 1460; x_wconf 91' lang='lat' dir='ltr'><strong>eos</strong></span> <span class='ocrx_word' id='word_1_329' title='bbox 847 1429 1007 1460; x_wconf 87' lang='lat' dir='ltr'><strong>dissensio</strong></span> <span class='ocrx_word' id='word_1_330' title='bbox 1030 1440 1098 1460; x_wconf 88' lang='lat' dir='ltr'><strong>non</strong></span> <span class='ocrx_word' id='word_1_331' title='bbox 1118 1430 1288 1472; x_wconf 88' lang='lat' dir='ltr'><strong>consequi.</strong></span> <span class='ocrx_word' id='word_1_332' title='bbox 1333 1430 1429 1471; x_wconf 82' lang='lat' dir='ltr'><strong>Quae</strong></span> <span class='ocrx_word' id='word_1_333' title='bbox 1451 1429 1615 1472; x_wconf 86' lang='lat' dir='ltr'><strong>paulatim</strong></span> <span class='ocrx_word' id='word_1_334' title='bbox 1636 1441 1675 1460; x_wconf 92' lang='lat' dir='ltr'><strong>eo</strong></span> <span class='ocrx_word' id='word_1_335' title='bbox 1698 1439 1875 1472; x_wconf 87' lang='lat' dir='ltr'><strong>progressa</strong></span> <span class='ocrx_word' id='word_1_336' title='bbox 1898 1433 1965 1468; x_wconf 84' lang='lat' dir='ltr'><strong>est,</strong></span> <span class='ocrx_word' id='word_1_337' title='bbox 1987 1433 2038 1468; x_wconf 86' lang='lat' dir='ltr'><strong>ut,</strong></span> 
     </span>
     <span class='ocr_line' id='line_1_26' title="bbox 165 1480 2038 1526; baseline -0.002 -11"><span class='ocrx_word' id='word_1_338' title='bbox 165 1494 244 1515; x_wconf 86' lang='lat' dir='ltr'><strong>cum</strong></span> <span class='ocrx_word' id='word_1_339' title='bbox 265 1481 454 1526; x_wconf 78' lang='lat' dir='ltr'><strong>Pompeias</strong></span> <span class='ocrx_word' id='word_1_340' title='bbox 487 1492 523 1512; x_wconf 77' lang='lat' dir='ltr'><strong>se</strong></span> <span class='ocrx_word' id='word_1_341' title='bbox 546 1486 657 1514; x_wconf 79' lang='lat' dir='ltr'><strong>totum</strong></span> <span class='ocrx_word' id='word_1_342' title='bbox 679 1482 821 1514; x_wconf 78' lang='lat' dir='ltr'><strong>Caesari</strong></span> <span class='ocrx_word' id='word_1_343' title='bbox 844 1483 1048 1514; x_wconf 79' lang='lat' dir='ltr'><strong>tradidisset</strong></span> <span class='ocrx_word' id='word_1_344' title='bbox 1077 1482 1114 1523; x_wconf 89' lang='lat' dir='ltr'><strong>(l.</strong></span> <span class='ocrx_word' id='word_1_345' title='bbox 1137 1493 1164 1513; x_wconf 93' lang='lat' dir='ltr'><strong>c.</strong></span> <span class='ocrx_word' id='word_1_346' title='bbox 1187 1482 1368 1525; x_wconf 63' lang='lat' dir='ltr'><strong>Philipp),</strong></span> <span class='ocrx_word' id='word_1_347' title='bbox 1405 1482 1621 1513; x_wconf 82' lang='lat' dir='ltr'><strong>simulatione</strong></span> <span class='ocrx_word' id='word_1_348' title='bbox 1651 1482 1795 1524; x_wconf 91' lang='lat' dir='ltr'><strong>doloque</strong></span> <span class='ocrx_word' id='word_1_349' title='bbox 1825 1480 2038 1523; x_wconf 85' lang='lat' dir='ltr'><strong>interposito,</strong></span> 
     </span>
     <span class='ocr_line' id='line_1_27' title="bbox 166 1533 2039 1581; baseline -0.002 -13"><span class='ocrx_word' id='word_1_350' title='bbox 166 1536 353 1581; x_wconf 89' lang='lat' dir='ltr'><strong>perniciem</strong></span> <span class='ocrx_word' id='word_1_351' title='bbox 377 1533 525 1576; x_wconf 84' lang='lat' dir='ltr'><strong>denique</strong></span> <span class='ocrx_word' id='word_1_352' title='bbox 547 1534 680 1566; x_wconf 85' lang='lat' dir='ltr'><strong>incauto</strong></span> <span class='ocrx_word' id='word_1_353' title='bbox 703 1534 864 1566; x_wconf 80' lang='lat' dir='ltr'><strong>adtulerit</strong></span> <span class='ocrx_word' id='word_1_354' title='bbox 894 1540 928 1565; x_wconf 89' lang='lat' dir='ltr'><strong>et</strong></span> <span class='ocrx_word' id='word_1_355' title='bbox 949 1534 1139 1565; x_wconf 77' lang='lat' dir='ltr'><strong>immerenti.</strong></span> <span class='ocrx_word' id='word_1_356' title='bbox 1184 1535 1233 1567; x_wconf 82' lang='lat' dir='ltr'><strong>Ut</strong></span> <span class='ocrx_word' id='word_1_357' title='bbox 1257 1535 1416 1566; x_wconf 87' lang='lat' dir='ltr'><strong>Clodium</strong></span> <span class='ocrx_word' id='word_1_358' title='bbox 1448 1536 1531 1567; x_wconf 86' lang='lat' dir='ltr'><strong>uidit</strong></span> <span class='ocrx_word' id='word_1_359' title='bbox 1553 1535 1744 1567; x_wconf 86' lang='lat' dir='ltr'><strong>tribunatus</strong></span> <span class='ocrx_word' id='word_1_360' title='bbox 1767 1544 1878 1564; x_wconf 89' lang='lat' dir='ltr'><strong>caussa</strong></span> <span class='ocrx_word' id='word_1_361' title='bbox 1900 1533 1940 1564; x_wconf 88' lang='lat' dir='ltr'><strong>ad</strong></span> <span class='ocrx_word' id='word_1_362' title='bbox 1961 1533 2039 1576; x_wconf 91' lang='lat' dir='ltr'><strong>ple-</strong></span> 
     </span>
     <span class='ocr_line' id='line_1_28' title="bbox 166 1585 2039 1631; baseline -0.002 -10"><span class='ocrx_word' id='word_1_363' title='bbox 166 1590 246 1621; x_wconf 90' lang='lat' dir='ltr'><strong>bem</strong></span> <span class='ocrx_word' id='word_1_364' title='bbox 270 1587 480 1627; x_wconf 78' lang='lat' dir='ltr'><strong>translatum,</strong></span> <span class='ocrx_word' id='word_1_365' title='bbox 508 1588 632 1619; x_wconf 78' lang='lat' dir='ltr'><strong>exarsit</strong></span> <span class='ocrx_word' id='word_1_366' title='bbox 649 1589 768 1620; x_wconf 91' lang='lat' dir='ltr'><strong>Cicero</strong></span> <span class='ocrx_word' id='word_1_367' title='bbox 792 1586 976 1627; x_wconf 84' lang='lat' dir='ltr'><strong>iracundia,</strong></span> <span class='ocrx_word' id='word_1_368' title='bbox 998 1599 1074 1618; x_wconf 87' lang='lat' dir='ltr'><strong>cum</strong></span> <span class='ocrx_word' id='word_1_369' title='bbox 1097 1593 1207 1619; x_wconf 87' lang='lat' dir='ltr'><strong>tamen</strong></span> <span class='ocrx_word' id='word_1_370' title='bbox 1231 1600 1306 1631; x_wconf 89' lang='lat' dir='ltr'><strong>spes</strong></span> <span class='ocrx_word' id='word_1_371' title='bbox 1329 1600 1407 1619; x_wconf 91' lang='lat' dir='ltr'><strong>eum</strong></span> <span class='ocrx_word' id='word_1_372' title='bbox 1431 1588 1591 1630; x_wconf 88' lang='lat' dir='ltr'><strong>quaedam</strong></span> <span class='ocrx_word' id='word_1_373' title='bbox 1614 1587 1698 1619; x_wconf 85' lang='lat' dir='ltr'><strong>falsa</strong></span> <span class='ocrx_word' id='word_1_374' title='bbox 1722 1587 1900 1629; x_wconf 89' lang='lat' dir='ltr'><strong>deciperet.</strong></span> <span class='ocrx_word' id='word_1_375' title='bbox 1946 1585 2039 1618; x_wconf 86' lang='lat' dir='ltr'><strong>Scri-</strong></span> 
     </span>
     <span class='ocr_line' id='line_1_29' title="bbox 166 1639 2038 1686; baseline -0.002 -12"><span class='ocrx_word' id='word_1_376' title='bbox 166 1643 235 1686; x_wconf 85' lang='lat' dir='ltr'><strong>psit</strong></span> <span class='ocrx_word' id='word_1_377' title='bbox 257 1641 296 1673; x_wconf 85' lang='lat' dir='ltr'><strong>ad</strong></span> <span class='ocrx_word' id='word_1_378' title='bbox 319 1640 474 1673; x_wconf 87' lang='lat' dir='ltr'><strong>Atticum</strong></span> <span class='ocrx_word' id='word_1_379' title='bbox 495 1640 549 1680; x_wconf 93' lang='grc' dir='ltr'><strong>ΙΙ,</strong></span> <span class='ocrx_word' id='word_1_380' title='bbox 581 1652 630 1683; x_wconf 83' lang='lat'><strong>9.:</strong></span> <span class='ocrx_word' id='word_1_381' title='bbox 669 1641 709 1673; x_wconf 86' lang='lat' dir='ltr'><strong>Si</strong></span> <span class='ocrx_word' id='word_1_382' title='bbox 734 1652 835 1679; x_wconf 76' lang='lat' dir='ltr'><strong>uere,</strong></span> <span class='ocrx_word' id='word_1_383' title='bbox 864 1653 950 1684; x_wconf 84' lang='lat' dir='ltr'><strong>quae</strong></span> <span class='ocrx_word' id='word_1_384' title='bbox 975 1642 1016 1674; x_wconf 82' lang='lat' dir='ltr'><strong>cle</strong></span> <span class='ocrx_word' id='word_1_385' title='bbox 1037 1654 1089 1674; x_wconf 88' lang='lat' dir='ltr'><strong>me</strong></span> <span class='ocrx_word' id='word_1_386' title='bbox 1112 1647 1218 1685; x_wconf 77' lang='lat' dir='ltr'><strong>pacta</strong></span> <span class='ocrx_word' id='word_1_387' title='bbox 1242 1647 1339 1681; x_wconf 77' lang='lat' dir='ltr'><strong>sunt,</strong></span> <span class='ocrx_word' id='word_1_388' title='bbox 1371 1654 1411 1673; x_wconf 85' lang='lat' dir='ltr'><strong>ea</strong></span> <span class='ocrx_word' id='word_1_389' title='bbox 1432 1654 1499 1673; x_wconf 84' lang='lat' dir='ltr'><strong>non</strong></span> <span class='ocrx_word' id='word_1_390' title='bbox 1525 1647 1731 1680; x_wconf 74' lang='lat' dir='ltr'><strong>seruantur,</strong></span> <span class='ocrx_word' id='word_1_391' title='bbox 1767 1641 1804 1672; x_wconf 84' lang='lat' dir='ltr'><strong>in</strong></span> <span class='ocrx_word' id='word_1_392' title='bbox 1827 1639 1920 1671; x_wconf 86' lang='lat' dir='ltr'><strong>caelo</strong></span> <span class='ocrx_word' id='word_1_393' title='bbox 1941 1652 2038 1677; x_wconf 62' lang='lat' dir='ltr'><strong>sum,-</strong></span> 
     </span>
     <span class='ocr_line' id='line_1_30' title="bbox 167 1693 2039 1738; baseline -0.002 -10"><span class='ocrx_word' id='word_1_394' title='bbox 167 1702 208 1728; x_wconf 84' lang='lat' dir='ltr'><strong>ut</strong></span> <span class='ocrx_word' id='word_1_395' title='bbox 230 1695 319 1726; x_wconf 86' lang='lat' dir='ltr'><strong>sciat</strong></span> <span class='ocrx_word' id='word_1_396' title='bbox 340 1693 395 1725; x_wconf 80' lang='lat' dir='ltr'><strong>liic</strong></span> <span class='ocrx_word' id='word_1_397' title='bbox 417 1698 532 1724; x_wconf 75' lang='lat' dir='ltr'><strong>noster</strong></span> <span class='ocrx_word' id='word_1_398' title='bbox 554 1694 875 1736; x_wconf 58' lang='lat' dir='ltr'><strong>Hierosolymarius</strong></span> <span class='ocrx_word' id='word_1_399' title='bbox 902 1694 1116 1737; x_wconf 81' lang='lat' dir='ltr'><strong>(Pompeius)</strong></span> <span class='ocrx_word' id='word_1_400' title='bbox 1147 1695 1325 1726; x_wconf 78' lang='lat' dir='ltr'><strong>traductor</strong></span> <span class='ocrx_word' id='word_1_401' title='bbox 1347 1695 1395 1726; x_wconf 84' lang='lat' dir='ltr'><strong>acl</strong></span> <span class='ocrx_word' id='word_1_402' title='bbox 1409 1695 1562 1738; x_wconf 79' lang='lat' dir='ltr'><strong>plebem,</strong></span> <span class='ocrx_word' id='word_1_403' title='bbox 1598 1706 1702 1738; x_wconf 78' lang='lat' dir='ltr'><strong>quam</strong></span> <span class='ocrx_word' id='word_1_404' title='bbox 1723 1693 1844 1725; x_wconf 81' lang='lat' dir='ltr'><strong>bonam</strong></span> <span class='ocrx_word' id='word_1_405' title='bbox 1866 1693 1950 1725; x_wconf 84' lang='lat' dir='ltr'><strong>meis</strong></span> <span class='ocrx_word' id='word_1_406' title='bbox 1965 1706 2039 1736; x_wconf 77' lang='lat' dir='ltr'><strong>pzo-</strong></span> 
     </span>
     <span class='ocr_line' id='line_1_31' title="bbox 167 1745 2037 1792; baseline -0.002 -11"><span class='ocrx_word' id='word_1_407' title='bbox 167 1747 323 1781; x_wconf 82' lang='lat' dir='ltr'><strong>tissumis</strong></span> <span class='ocrx_word' id='word_1_408' title='bbox 345 1745 559 1777; x_wconf 74' lang='lat' dir='ltr'><strong>orationibus</strong></span> <span class='ocrx_word' id='word_1_409' title='bbox 581 1747 739 1790; x_wconf 82' lang='lat' dir='ltr'><strong>gratiam</strong></span> <span class='ocrx_word' id='word_1_410' title='bbox 763 1747 950 1786; x_wconf 79' lang='lat' dir='ltr'><strong>rettulerit,</strong></span> <span class='ocrx_word' id='word_1_411' title='bbox 975 1760 1121 1790; x_wconf 82' lang='lat' dir='ltr'><strong>quarum</strong></span> <span class='ocrx_word' id='word_1_412' title='bbox 1144 1752 1283 1791; x_wconf 78' lang='lat' dir='ltr'><strong>expecta</strong></span> <span class='ocrx_word' id='word_1_413' title='bbox 1307 1747 1464 1779; x_wconf 80' lang='lat' dir='ltr'><strong>diuinam</strong></span> <span class='ocrx_word' id='word_1_414' title='bbox 1484 1746 1702 1792; x_wconf 73' lang='grc' dir='ltr'><em>παλινῳδίαν.</em></span> <span class='ocrx_word' id='word_1_415' title='bbox 1736 1745 1909 1789; x_wconf 74' lang='lat' dir='ltr'><strong>Pompeio</strong></span> <span class='ocrx_word' id='word_1_416' title='bbox 1924 1752 2037 1777; x_wconf 83' lang='lat' dir='ltr'><strong>tamen</strong></span> 
     </span>
     <span class='ocr_line' id='line_1_32' title="bbox 167 1797 2037 1843; baseline -0.001 -12"><span class='ocrx_word' id='word_1_417' title='bbox 167 1798 338 1832; x_wconf 83' lang='lat' dir='ltr'><strong>adiuranti</strong></span> <span class='ocrx_word' id='word_1_418' title='bbox 360 1797 532 1838; x_wconf 82' lang='lat' dir='ltr'><strong>credebat,</strong></span> <span class='ocrx_word' id='word_1_419' title='bbox 563 1810 674 1841; x_wconf 84' lang='lat' dir='ltr'><strong>neque</strong></span> <span class='ocrx_word' id='word_1_420' title='bbox 696 1799 768 1842; x_wconf 87' lang='lat' dir='ltr'><strong>ipse</strong></span> <span class='ocrx_word' id='word_1_421' title='bbox 790 1799 855 1830; x_wconf 83' lang='lat' dir='ltr'><strong>sibi</strong></span> <span class='ocrx_word' id='word_1_422' title='bbox 877 1800 1061 1840; x_wconf 80' lang='lat' dir='ltr'><strong>constabat,</strong></span> <span class='ocrx_word' id='word_1_423' title='bbox 1093 1806 1131 1832; x_wconf 83' lang='lat' dir='ltr'><strong>ut</strong></span> <span class='ocrx_word' id='word_1_424' title='bbox 1153 1811 1196 1831; x_wconf 77' lang='lat' dir='ltr'><strong>ex</strong></span> <span class='ocrx_word' id='word_1_425' title='bbox 1218 1800 1259 1831; x_wconf 87' lang='lat' dir='ltr'><strong>iis</strong></span> <span class='ocrx_word' id='word_1_426' title='bbox 1282 1800 1415 1843; x_wconf 87' lang='lat' dir='ltr'><strong>epistul.</strong></span> <span class='ocrx_word' id='word_1_427' title='bbox 1439 1801 1492 1839; x_wconf 90' lang='lat' dir='ltr'><strong>II,</strong></span> <span class='ocrx_word' id='word_1_428' title='bbox 1517 1811 1568 1832; x_wconf 82' lang='lat'><strong>20.</strong></span> <span class='ocrx_word' id='word_1_429' title='bbox 1593 1805 1654 1830; x_wconf 84' lang='lat' dir='ltr'><strong>etc.</strong></span> <span class='ocrx_word' id='word_1_430' title='bbox 1679 1803 1790 1841; x_wconf 86' lang='lat' dir='ltr'><strong>patet:</strong></span> <span class='ocrx_word' id='word_1_431' title='bbox 1824 1799 1923 1830; x_wconf 86' lang='lat' dir='ltr'><strong>illum</strong></span> <span class='ocrx_word' id='word_1_432' title='bbox 1946 1799 2037 1830; x_wconf 91' lang='lat' dir='ltr'><strong>enim</strong></span> 
     </span>
     <span class='ocr_line' id='line_1_33' title="bbox 166 1851 2036 1896; baseline 0.001 -13"><span class='ocrx_word' id='word_1_433' title='bbox 166 1851 300 1896; x_wconf 83' lang='lat' dir='ltr'><strong>perdite</strong></span> <span class='ocrx_word' id='word_1_434' title='bbox 321 1851 471 1892; x_wconf 83' lang='lat' dir='ltr'><strong>amabat,</strong></span> <span class='ocrx_word' id='word_1_435' title='bbox 493 1857 533 1883; x_wconf 86' lang='lat' dir='ltr'><strong>ut</strong></span> <span class='ocrx_word' id='word_1_436' title='bbox 555 1853 651 1895; x_wconf 87' lang='lat' dir='ltr'><strong>epist.</strong></span> <span class='ocrx_word' id='word_1_437' title='bbox 676 1863 726 1884; x_wconf 84' lang='lat'><strong>21.</strong></span> <span class='ocrx_word' id='word_1_438' title='bbox 752 1853 825 1895; x_wconf 88' lang='lat' dir='ltr'><strong>ipse</strong></span> <span class='ocrx_word' id='word_1_439' title='bbox 846 1852 1015 1884; x_wconf 86' lang='lat' dir='ltr'><strong>indicauit.</strong></span> <span class='ocrx_word' id='word_1_440' title='bbox 1059 1854 1205 1896; x_wconf 76' lang='lat' dir='ltr'><strong>Experti</strong></span> <span class='ocrx_word' id='word_1_441' title='bbox 1228 1854 1364 1885; x_wconf 86' lang='lat' dir='ltr'><strong>tandem</strong></span> <span class='ocrx_word' id='word_1_442' title='bbox 1389 1853 1500 1895; x_wconf 85' lang='lat' dir='ltr'><strong>grauis</strong></span> <span class='ocrx_word' id='word_1_443' title='bbox 1523 1859 1556 1883; x_wconf 92' lang='lat' dir='ltr'><strong>et</strong></span> <span class='ocrx_word' id='word_1_444' title='bbox 1577 1851 1781 1895; x_wconf 87' lang='lat' dir='ltr'><strong>philosopho</strong></span> <span class='ocrx_word' id='word_1_445' title='bbox 1808 1851 1907 1895; x_wconf 87' lang='lat' dir='ltr'><strong>digna</strong></span> <span class='ocrx_word' id='word_1_446' title='bbox 1931 1853 2036 1884; x_wconf 78' lang='lat' dir='ltr'><strong>oratio</strong></span> 
     </span>
     <span class='ocr_line' id='line_1_34' title="bbox 169 1903 2037 1951; baseline -0.001 -14"><span class='ocrx_word' id='word_1_447' title='bbox 169 1911 235 1945; x_wconf 88' lang='lat' dir='ltr'><strong>est,</strong></span> <span class='ocrx_word' id='word_1_448' title='bbox 260 1904 299 1935; x_wconf 89' lang='lat' dir='ltr'><strong>ad</strong></span> <span class='ocrx_word' id='word_1_449' title='bbox 322 1903 469 1935; x_wconf 88' lang='lat' dir='ltr'><strong>eundem</strong></span> <span class='ocrx_word' id='word_1_450' title='bbox 488 1905 563 1937; x_wconf 88' lang='lat' dir='ltr'><strong>Att.</strong></span> <span class='ocrx_word' id='word_1_451' title='bbox 587 1906 639 1945; x_wconf 86' lang='lat' dir='ltr'><strong>X,</strong></span> <span class='ocrx_word' id='word_1_452' title='bbox 664 1906 695 1936; x_wconf 86' lang='lat'><strong>4.</strong></span> <span class='ocrx_word' id='word_1_453' title='bbox 719 1905 799 1937; x_wconf 90' lang='lat' dir='ltr'><strong>belli</strong></span> <span class='ocrx_word' id='word_1_454' title='bbox 824 1904 933 1937; x_wconf 88' lang='lat' dir='ltr'><strong>ciuilis</strong></span> <span class='ocrx_word' id='word_1_455' title='bbox 955 1906 1073 1938; x_wconf 84' lang='lat' dir='ltr'><strong>initio:</strong></span> <span class='ocrx_word' id='word_1_456' title='bbox 1106 1907 1226 1950; x_wconf 83' lang='lat' dir='ltr'><strong>Cogito</strong></span> <span class='ocrx_word' id='word_1_457' title='bbox 1247 1925 1289 1931; x_wconf 91' lang='lat'><strong>-—</strong></span> <span class='ocrx_word' id='word_1_458' title='bbox 1312 1908 1397 1951; x_wconf 77' lang='lat' dir='ltr'><strong>quid</strong></span> <span class='ocrx_word' id='word_1_459' title='bbox 1419 1906 1558 1938; x_wconf 85' lang='lat' dir='ltr'><strong>intersit</strong></span> <span class='ocrx_word' id='word_1_460' title='bbox 1583 1905 1674 1937; x_wconf 86' lang='lat' dir='ltr'><strong>inter</strong></span> <span class='ocrx_word' id='word_1_461' title='bbox 1696 1917 1749 1938; x_wconf 90' lang='lat' dir='ltr'><strong>me</strong></span> <span class='ocrx_word' id='word_1_462' title='bbox 1771 1910 1804 1937; x_wconf 87' lang='lat' dir='ltr'><strong>et</strong></span> <span class='ocrx_word' id='word_1_463' title='bbox 1826 1906 1928 1945; x_wconf 84' lang='lat' dir='ltr'><strong>istos,</strong></span> <span class='ocrx_word' id='word_1_464' title='bbox 1954 1917 2037 1949; x_wconf 80' lang='lat' dir='ltr'><strong>quos</strong></span> 
     </span>
     <span class='ocr_line' id='line_1_35' title="bbox 165 1958 2037 2003; baseline -0.001 -12"><span class='ocrx_word' id='word_1_465' title='bbox 165 1963 309 2003; x_wconf 77' lang='lat' dir='ltr'><strong>propter</strong></span> <span class='ocrx_word' id='word_1_466' title='bbox 331 1958 447 1990; x_wconf 85' lang='lat' dir='ltr'><strong>omnia</strong></span> <span class='ocrx_word' id='word_1_467' title='bbox 468 1958 648 1990; x_wconf 77' lang='lat' dir='ltr'><strong>amisimus</strong></span> <span class='ocrx_word' id='word_1_468' title='bbox 670 1958 885 2001; x_wconf 85' lang='lat' dir='ltr'><strong>(Pompeium</strong></span> <span class='ocrx_word' id='word_1_469' title='bbox 907 1965 938 1990; x_wconf 90' lang='lat' dir='ltr'><strong>et</strong></span> <span class='ocrx_word' id='word_1_470' title='bbox 961 1960 1163 2001; x_wconf 87' lang='lat' dir='ltr'><strong>Caesarem).</strong></span> <span class='ocrx_word' id='word_1_471' title='bbox 1207 1961 1262 1993; x_wconf 86' lang='lat' dir='ltr'><strong>Hi</strong></span> <span class='ocrx_word' id='word_1_472' title='bbox 1283 1966 1376 1999; x_wconf 82' lang='lat' dir='ltr'><strong>sunt,</strong></span> <span class='ocrx_word' id='word_1_473' title='bbox 1404 1959 1464 2003; x_wconf 81' lang='lat' dir='ltr'><strong>qui</strong></span> <span class='ocrx_word' id='word_1_474' title='bbox 1486 1959 1556 1990; x_wconf 88' lang='lat' dir='ltr'><strong>nisi</strong></span> <span class='ocrx_word' id='word_1_475' title='bbox 1575 1970 1628 1991; x_wconf 88' lang='lat' dir='ltr'><strong>me</strong></span> <span class='ocrx_word' id='word_1_476' title='bbox 1650 1959 1793 1990; x_wconf 78' lang='lat' dir='ltr'><strong>ciuitate</strong></span> <span class='ocrx_word' id='word_1_477' title='bbox 1813 1959 2037 2002; x_wconf 79' lang='lat' dir='ltr'><strong>expulissent,</strong></span> 
     </span>
     <span class='ocr_line' id='line_1_36' title="bbox 169 2012 2036 2058; baseline 0 -15"><span class='ocrx_word' id='word_1_478' title='bbox 169 2012 320 2044; x_wconf 86' lang='lat' dir='ltr'><strong>obtinere</strong></span> <span class='ocrx_word' id='word_1_479' title='bbox 351 2023 386 2043; x_wconf 79' lang='lat' dir='ltr'><strong>se</strong></span> <span class='ocrx_word' id='word_1_480' title='bbox 408 2023 475 2043; x_wconf 85' lang='lat' dir='ltr'><strong>non</strong></span> <span class='ocrx_word' id='word_1_481' title='bbox 489 2024 594 2055; x_wconf 75' lang='lat' dir='ltr'><strong>posse</strong></span> <span class='ocrx_word' id='word_1_482' title='bbox 610 2017 831 2055; x_wconf 75' lang='lat' dir='ltr'><strong>putauerunt</strong></span> <span class='ocrx_word' id='word_1_483' title='bbox 855 2013 1032 2046; x_wconf 84' lang='lat' dir='ltr'><strong>licentiam</strong></span> <span class='ocrx_word' id='word_1_484' title='bbox 1063 2015 1296 2058; x_wconf 76' lang='lat' dir='ltr'><strong>cupiditatum</strong></span> <span class='ocrx_word' id='word_1_485' title='bbox 1320 2024 1484 2051; x_wconf 78' lang='lat' dir='ltr'><strong>suarum,</strong></span> <span class='ocrx_word' id='word_1_486' title='bbox 1514 2023 1660 2055; x_wconf 76' lang='lat' dir='ltr'><strong>qaorum</strong></span> <span class='ocrx_word' id='word_1_487' title='bbox 1681 2012 1856 2043; x_wconf 87' lang='lat' dir='ltr'><strong>societatis</strong></span> <span class='ocrx_word' id='word_1_488' title='bbox 1878 2017 1911 2044; x_wconf 91' lang='lat' dir='ltr'><strong>et</strong></span> <span class='ocrx_word' id='word_1_489' title='bbox 1933 2012 2036 2044; x_wconf 90' lang='lat' dir='ltr'><strong>scele-</strong></span> 
     </span>
     <span class='ocr_line' id='line_1_37' title="bbox 169 2063 2038 2109; baseline -0.001 -13"><span class='ocrx_word' id='word_1_490' title='bbox 169 2069 269 2096; x_wconf 87' lang='lat' dir='ltr'><strong>ratae</strong></span> <span class='ocrx_word' id='word_1_491' title='bbox 291 2064 520 2096; x_wconf 84' lang='lat' dir='ltr'><strong>consensionis</strong></span> <span class='ocrx_word' id='word_1_492' title='bbox 534 2064 631 2107; x_wconf 86' lang='lat' dir='ltr'><strong>ficles</strong></span> <span class='ocrx_word' id='word_1_493' title='bbox 655 2077 720 2108; x_wconf 77' lang='lat' dir='ltr'><strong>quo</strong></span> <span class='ocrx_word' id='word_1_494' title='bbox 742 2065 908 2108; x_wconf 79' lang='lat' dir='ltr'><strong>eruperit,</strong></span> <span class='ocrx_word' id='word_1_495' title='bbox 929 2067 1038 2099; x_wconf 80' lang='lat' dir='ltr'><strong>uides.</strong></span> <span class='ocrx_word' id='word_1_496' title='bbox 1081 2067 1172 2098; x_wconf 75' lang='lat' dir='ltr'><strong>&#39;sum</strong></span> <span class='ocrx_word' id='word_1_497' title='bbox 1195 2066 1234 2097; x_wconf 92' lang='lat' dir='ltr'><strong>de</strong></span> <span class='ocrx_word' id='word_1_498' title='bbox 1257 2066 1437 2108; x_wconf 88' lang='lat' dir='ltr'><strong>Pompeio:</strong></span> <span class='ocrx_word' id='word_1_499' title='bbox 1463 2065 1524 2109; x_wconf 77' lang='lat' dir='ltr'><strong>qui</strong></span> <span class='ocrx_word' id='word_1_500' title='bbox 1544 2076 1605 2096; x_wconf 84' lang='lat' dir='ltr'><strong>nos</strong></span> <span class='ocrx_word' id='word_1_501' title='bbox 1627 2063 1693 2095; x_wconf 80' lang='lat' dir='ltr'><strong>sibi</strong></span> <span class='ocrx_word' id='word_1_502' title='bbox 1716 2064 1888 2107; x_wconf 79' lang='lat' dir='ltr'><strong>quondam</strong></span> <span class='ocrx_word' id='word_1_503' title='bbox 1909 2064 1958 2096; x_wconf 81' lang='lat' dir='ltr'><strong>ad</strong></span> <span class='ocrx_word' id='word_1_504' title='bbox 1972 2076 2038 2107; x_wconf 82' lang='lat' dir='ltr'><strong>pe-</strong></span> 
     </span>
     <span class='ocr_line' id='line_1_38' title="bbox 169 2116 2038 2162; baseline -0.001 -12"><span class='ocrx_word' id='word_1_505' title='bbox 169 2118 229 2150; x_wconf 83' lang='lat' dir='ltr'><strong>des</strong></span> <span class='ocrx_word' id='word_1_506' title='bbox 253 2121 382 2148; x_wconf 85' lang='lat' dir='ltr'><strong>stratos</strong></span> <span class='ocrx_word' id='word_1_507' title='bbox 407 2128 449 2149; x_wconf 88' lang='lat' dir='ltr'><strong>ne</strong></span> <span class='ocrx_word' id='word_1_508' title='bbox 473 2116 676 2150; x_wconf 80' lang='lat' dir='ltr'><strong>subleuabat</strong></span> <span class='ocrx_word' id='word_1_509' title='bbox 698 2118 853 2161; x_wconf 79' lang='lat' dir='ltr'><strong>quidem,</strong></span> <span class='ocrx_word' id='word_1_510' title='bbox 887 2119 948 2162; x_wconf 85' lang='lat' dir='ltr'><strong>qui</strong></span> <span class='ocrx_word' id='word_1_511' title='bbox 969 2131 1005 2151; x_wconf 87' lang='lat' dir='ltr'><strong>se</strong></span> <span class='ocrx_word' id='word_1_512' title='bbox 1026 2120 1117 2152; x_wconf 78' lang='lat' dir='ltr'><strong>nihil</strong></span> <span class='ocrx_word' id='word_1_513' title='bbox 1136 2125 1256 2151; x_wconf 86' lang='lat' dir='ltr'><strong>contra</strong></span> <span class='ocrx_word' id='word_1_514' title='bbox 1276 2120 1381 2151; x_wconf 73' lang='lat' dir='ltr'><strong>liuius</strong></span> <span class='ocrx_word' id='word_1_515' title='bbox 1407 2117 1584 2161; x_wconf 84' lang='lat' dir='ltr'><strong>(Caesaris)</strong></span> <span class='ocrx_word' id='word_1_516' title='bbox 1606 2117 1823 2149; x_wconf 79' lang='lat' dir='ltr'><strong>uoluntatem</strong></span> <span class='ocrx_word' id='word_1_517' title='bbox 1843 2116 1958 2149; x_wconf 83' lang='lat' dir='ltr'><strong>aiebat</strong></span> <span class='ocrx_word' id='word_1_518' title='bbox 1969 2116 2038 2160; x_wconf 83' lang='lat' dir='ltr'><strong>fa-</strong></span> 
     </span>
     <span class='ocr_line' id='line_1_39' title="bbox 169 2169 2036 2214; baseline -0.001 -11"><span class='ocrx_word' id='word_1_519' title='bbox 169 2181 244 2203; x_wconf 87' lang='lat' dir='ltr'><strong>cere</strong></span> <span class='ocrx_word' id='word_1_520' title='bbox 265 2181 379 2213; x_wconf 79' lang='lat' dir='ltr'><strong>posse.</strong></span> <span class='ocrx_word' id='word_1_521' title='bbox 421 2169 476 2201; x_wconf 91' lang='lat' dir='ltr'><strong>De</strong></span> <span class='ocrx_word' id='word_1_522' title='bbox 505 2170 570 2201; x_wconf 88' lang='lat' dir='ltr'><strong>hoc</strong></span> <span class='ocrx_word' id='word_1_523' title='bbox 598 2171 741 2213; x_wconf 88' lang='lat' dir='ltr'><strong>Pompei</strong></span> <span class='ocrx_word' id='word_1_524' title='bbox 770 2182 933 2213; x_wconf 87' lang='lat' dir='ltr'><strong>responso</strong></span> <span class='ocrx_word' id='word_1_525' title='bbox 971 2182 1009 2202; x_wconf 86' lang='lat' dir='ltr'><strong>ac</strong></span> <span class='ocrx_word' id='word_1_526' title='bbox 1037 2172 1077 2202; x_wconf 85' lang='lat' dir='ltr'><strong>de</strong></span> <span class='ocrx_word' id='word_1_527' title='bbox 1104 2171 1279 2213; x_wconf 83' lang='lat' dir='ltr'><strong>utriusque</strong></span> <span class='ocrx_word' id='word_1_528' title='bbox 1307 2170 1451 2214; x_wconf 86' lang='lat' dir='ltr'><strong>perfidia</strong></span> <span class='ocrx_word' id='word_1_529' title='bbox 1482 2169 1684 2202; x_wconf 83' lang='lat' dir='ltr'><strong>notissumus</strong></span> <span class='ocrx_word' id='word_1_530' title='bbox 1713 2169 1835 2201; x_wconf 89' lang='lat' dir='ltr'><strong>Dionis</strong></span> <span class='ocrx_word' id='word_1_531' title='bbox 1866 2175 1916 2200; x_wconf 87' lang='lat' dir='ltr'><strong>est</strong></span> <span class='ocrx_word' id='word_1_532' title='bbox 1943 2169 2036 2201; x_wconf 87' lang='lat' dir='ltr'><strong>locus</strong></span> 
     </span>
     <span class='ocr_line' id='line_1_40' title="bbox 168 2222 2037 2267; baseline -0.001 -12"><span class='ocrx_word' id='word_1_533' title='bbox 168 2222 385 2261; x_wconf 68' lang='lat' dir='ltr'><strong>XXXVIII,</strong></span> <span class='ocrx_word' id='word_1_534' title='bbox 413 2223 478 2256; x_wconf 89' lang='lat'><strong>15..</strong></span> <span class='ocrx_word' id='word_1_535' title='bbox 524 2223 579 2254; x_wconf 89' lang='lat' dir='ltr'><strong>Sic</strong></span> <span class='ocrx_word' id='word_1_536' title='bbox 599 2223 711 2265; x_wconf 87' lang='lat' dir='ltr'><strong>itaque</strong></span> <span class='ocrx_word' id='word_1_537' title='bbox 732 2223 845 2265; x_wconf 86' lang='lat' dir='ltr'><strong>pergit</strong></span> <span class='ocrx_word' id='word_1_538' title='bbox 871 2223 1008 2256; x_wconf 79' lang='lat' dir='ltr'><strong>Cicero:</strong></span> <span class='ocrx_word' id='word_1_539' title='bbox 1035 2225 1175 2258; x_wconf 83' lang='lat' dir='ltr'><strong>Horum</strong></span> <span class='ocrx_word' id='word_1_540' title='bbox 1197 2236 1259 2267; x_wconf 79' lang='lat' dir='ltr'><strong>ego</strong></span> <span class='ocrx_word' id='word_1_541' title='bbox 1282 2235 1494 2256; x_wconf 77' lang='lat' dir='ltr'><strong>summorum</strong></span> <span class='ocrx_word' id='word_1_542' title='bbox 1515 2223 1753 2266; x_wconf 84' lang='lat' dir='ltr'><strong>inperatorum</strong></span> <span class='ocrx_word' id='word_1_543' title='bbox 1775 2234 1842 2254; x_wconf 89' lang='lat' dir='ltr'><strong>non</strong></span> <span class='ocrx_word' id='word_1_544' title='bbox 1863 2222 1962 2253; x_wconf 86' lang='lat' dir='ltr'><strong>modo</strong></span> <span class='ocrx_word' id='word_1_545' title='bbox 1983 2234 2037 2254; x_wconf 89' lang='lat' dir='ltr'><strong>res</strong></span> 
     </span>
     <span class='ocr_line' id='line_1_41' title="bbox 168 2275 2037 2321; baseline -0.001 -14"><span class='ocrx_word' id='word_1_546' title='bbox 168 2281 287 2318; x_wconf 86' lang='lat' dir='ltr'><strong>gestas</strong></span> <span class='ocrx_word' id='word_1_547' title='bbox 313 2287 380 2307; x_wconf 85' lang='lat' dir='ltr'><strong>non</strong></span> <span class='ocrx_word' id='word_1_548' title='bbox 402 2281 571 2319; x_wconf 79' lang='lat' dir='ltr'><strong>antepono</strong></span> <span class='ocrx_word' id='word_1_549' title='bbox 594 2277 697 2316; x_wconf 83' lang='lat' dir='ltr'><strong>meis,</strong></span> <span class='ocrx_word' id='word_1_550' title='bbox 731 2282 782 2309; x_wconf 79' lang='lat' dir='ltr'><strong>set</strong></span> <span class='ocrx_word' id='word_1_551' title='bbox 803 2289 845 2309; x_wconf 84' lang='lat' dir='ltr'><strong>ne</strong></span> <span class='ocrx_word' id='word_1_552' title='bbox 858 2276 1048 2320; x_wconf 74' lang='lat' dir='ltr'><strong>fortunam</strong></span> <span class='ocrx_word' id='word_1_553' title='bbox 1078 2278 1217 2321; x_wconf 74' lang='lat' dir='ltr'><strong>quidem</strong></span> <span class='ocrx_word' id='word_1_554' title='bbox 1237 2279 1367 2321; x_wconf 76' lang='lat' dir='ltr'><strong>ipsam,</strong></span> <span class='ocrx_word' id='word_1_555' title='bbox 1402 2288 1471 2319; x_wconf 79' lang='lat' dir='ltr'><strong>qua</strong></span> <span class='ocrx_word' id='word_1_556' title='bbox 1496 2275 1553 2306; x_wconf 90' lang='lat' dir='ltr'><strong>illi</strong></span> <span class='ocrx_word' id='word_1_557' title='bbox 1567 2275 1849 2320; x_wconf 83' lang='lat' dir='ltr'><strong>florentissuma,</strong></span> <span class='ocrx_word' id='word_1_558' title='bbox 1887 2286 1947 2306; x_wconf 89' lang='lat' dir='ltr'><strong>nos</strong></span> <span class='ocrx_word' id='word_1_559' title='bbox 1969 2275 2037 2307; x_wconf 80' lang='lat' dir='ltr'><strong>du-</strong></span> 
     </span>
     <span class='ocr_line' id='line_1_42' title="bbox 171 2327 2035 2373; baseline -0.001 -14"><span class='ocrx_word' id='word_1_560' title='bbox 171 2327 263 2360; x_wconf 85' lang='lat' dir='ltr'><strong>riore</strong></span> <span class='ocrx_word' id='word_1_561' title='bbox 284 2328 476 2373; x_wconf 83' lang='lat' dir='ltr'><strong>conflictati</strong></span> <span class='ocrx_word' id='word_1_562' title='bbox 498 2329 657 2362; x_wconf 81' lang='lat' dir='ltr'><strong>uidemur</strong></span> <span class='ocrx_word' id='word_1_563' title='bbox 680 2334 760 2360; x_wconf 91' lang='lat' dir='ltr'><strong>etc..</strong></span> <span class='ocrx_word' id='word_1_564' title='bbox 804 2329 895 2361; x_wconf 87' lang='lat' dir='ltr'><strong>Uera</strong></span> <span class='ocrx_word' id='word_1_565' title='bbox 917 2329 1019 2371; x_wconf 71' lang='lat' dir='ltr'><strong>igitur</strong></span> <span class='ocrx_word' id='word_1_566' title='bbox 1050 2331 1109 2363; x_wconf 87' lang='lat' dir='ltr'><strong>illa</strong></span> <span class='ocrx_word' id='word_1_567' title='bbox 1132 2329 1296 2363; x_wconf 86' lang='lat' dir='ltr'><strong>sermonis</strong></span> <span class='ocrx_word' id='word_1_568' title='bbox 1324 2340 1395 2360; x_wconf 89' lang='lat' dir='ltr'><strong>non</strong></span> <span class='ocrx_word' id='word_1_569' title='bbox 1415 2328 1516 2360; x_wconf 87' lang='lat' dir='ltr'><strong>liberi</strong></span> <span class='ocrx_word' id='word_1_570' title='bbox 1536 2340 1608 2360; x_wconf 79' lang='lat' dir='ltr'><strong>uox</strong></span> <span class='ocrx_word' id='word_1_571' title='bbox 1629 2340 1692 2371; x_wconf 89' lang='lat' dir='ltr'><strong>pro</strong></span> <span class='ocrx_word' id='word_1_572' title='bbox 1711 2327 1810 2359; x_wconf 89' lang='lat' dir='ltr'><strong>domo</strong></span> <span class='ocrx_word' id='word_1_573' title='bbox 1830 2328 1854 2359; x_wconf 88' lang='lat'><strong>1.</strong></span> <span class='ocrx_word' id='word_1_574' title='bbox 1875 2338 1924 2360; x_wconf 81' lang='lat' dir='ltr'><strong>c.:</strong></span> <span class='ocrx_word' id='word_1_575' title='bbox 1955 2328 2035 2371; x_wconf 83' lang='lat' dir='ltr'><strong>Ego</strong></span> 
     </span>
     <span class='ocr_line' id='line_1_43' title="bbox 173 2380 2035 2428; baseline -0.001 -16"><span class='ocrx_word' id='word_1_576' title='bbox 173 2391 255 2412; x_wconf 83' lang='lat' dir='ltr'><strong>uero</strong></span> <span class='ocrx_word' id='word_1_577' title='bbox 277 2392 384 2424; x_wconf 81' lang='lat' dir='ltr'><strong>neque</strong></span> <span class='ocrx_word' id='word_1_578' title='bbox 404 2393 457 2413; x_wconf 86' lang='lat' dir='ltr'><strong>me</strong></span> <span class='ocrx_word' id='word_1_579' title='bbox 482 2387 556 2416; x_wconf 81' lang='lat' dir='ltr'><strong>tum</strong></span> <span class='ocrx_word' id='word_1_580' title='bbox 578 2383 750 2415; x_wconf 74' lang='lat' dir='ltr'><strong>desertum</strong></span> <span class='ocrx_word' id='word_1_581' title='bbox 766 2387 878 2426; x_wconf 72' lang='grc' dir='ltr'><strong>Ριιιο,</strong></span> <span class='ocrx_word' id='word_1_582' title='bbox 917 2388 969 2414; x_wconf 84' lang='lat' dir='ltr'><strong>set</strong></span> <span class='ocrx_word' id='word_1_583' title='bbox 991 2396 1103 2428; x_wconf 77' lang='lat' dir='ltr'><strong>paene</strong></span> <span class='ocrx_word' id='word_1_584' title='bbox 1125 2384 1300 2421; x_wconf 77' lang='lat' dir='ltr'><strong>deditzcm3</strong></span> <span class='ocrx_word' id='word_1_585' title='bbox 1337 2393 1485 2424; x_wconf 87' lang='lat' dir='ltr'><strong>uereque</strong></span> <span class='ocrx_word' id='word_1_586' title='bbox 1510 2380 1698 2424; x_wconf 75' lang='grc' dir='ltr'><em>προδοσίαν</em></span> <span class='ocrx_word' id='word_1_587' title='bbox 1721 2381 1815 2411; x_wconf 85' lang='lat' dir='ltr'><strong>illam</strong></span> <span class='ocrx_word' id='word_1_588' title='bbox 1835 2381 2035 2412; x_wconf 85' lang='lat' dir='ltr'><strong>Plutarchus</strong></span> 
     </span>
     <span class='ocr_line' id='line_1_44' title="bbox 173 2431 2035 2478; baseline 0 -14"><span class='ocrx_word' id='word_1_589' title='bbox 173 2431 319 2475; x_wconf 85' lang='lat' dir='ltr'><strong>appellat</strong></span> <span class='ocrx_word' id='word_1_590' title='bbox 340 2433 376 2464; x_wconf 87' lang='lat' dir='ltr'><strong>iu</strong></span> <span class='ocrx_word' id='word_1_591' title='bbox 398 2434 518 2478; x_wconf 86' lang='lat' dir='ltr'><strong>Pomp.</strong></span> <span class='ocrx_word' id='word_1_592' title='bbox 542 2447 569 2466; x_wconf 83' lang='lat' dir='ltr'><strong>e.</strong></span> <span class='ocrx_word' id='word_1_593' title='bbox 592 2439 664 2478; x_wconf 80' lang='grc'><strong>49..</strong></span> <span class='ocrx_word' id='word_1_594' title='bbox 708 2435 884 2477; x_wconf 89' lang='lat' dir='ltr'><strong>Denique,</strong></span> <span class='ocrx_word' id='word_1_595' title='bbox 915 2441 953 2466; x_wconf 88' lang='lat' dir='ltr'><strong>ut</strong></span> <span class='ocrx_word' id='word_1_596' title='bbox 979 2436 1081 2468; x_wconf 82' lang='lat' dir='ltr'><strong>finem</strong></span> <span class='ocrx_word' id='word_1_597' title='bbox 1102 2436 1241 2476; x_wconf 82' lang='lat' dir='ltr'><strong>faciam,</strong></span> <span class='ocrx_word' id='word_1_598' title='bbox 1271 2436 1299 2466; x_wconf 89' lang='lat' dir='ltr'><strong>si</strong></span> <span class='ocrx_word' id='word_1_599' title='bbox 1321 2434 1521 2476; x_wconf 86' lang='lat' dir='ltr'><strong>Pompeius,</strong></span> <span class='ocrx_word' id='word_1_600' title='bbox 1557 2445 1761 2477; x_wconf 89' lang='lat' dir='ltr'><strong>quamquam</strong></span> <span class='ocrx_word' id='word_1_601' title='bbox 1788 2434 1922 2465; x_wconf 89' lang='lat' dir='ltr'><strong>nullum</strong></span> <span class='ocrx_word' id='word_1_602' title='bbox 1943 2432 2035 2465; x_wconf 88' lang='lat' dir='ltr'><strong>dedit</strong></span> 
     </span>
    </p>
   </div>
  </div>
 </body>
</html>
