2185 2720
837 126 863 155 c
882 125 912 154 A
932 125 973 155 P.
1011 122 1122 153 XXV.
1151 120 1178 161 §.
1205 127 1250 155 60.
1277 128 1322 155 61.
1961 128 2013 155 163

140 207 250 247 iectio,
276 211 335 238 aut
356 203 520 236 correctio
542 202 687 235 istorum
708 206 917 245 expectatur.
963 198 1138 239 coniunge
1161 208 1236 228 cum
1258 208 1428 240 proxume
1449 196 1676 239 sequentibus,
1702 201 1736 227 et
1757 195 1804 227 sic
1827 196 2011 238 distingue:

139 279 182 287 —
203 261 276 293 loco
298 264 413 291 natus.
457 257 517 289 Set
538 258 621 290 haec
642 268 763 300 quom
783 255 865 299 pari
886 253 958 286 loco
980 252 1050 284 orti
1071 251 1142 283 sint
1155 250 1421 282 innumerabiles
1443 251 1507 282 alii
1532 249 1714 288 consecuti,
1730 247 1872 292 profers
1888 250 2012 280 trium-

133 314 222 358 pltos
249 312 290 346 T.
310 311 402 345 Didi
423 316 457 343 et
478 309 515 341 C.
536 309 654 348 Mari,
691 315 725 341 et
748 308 904 353 quaeris,
938 306 1023 351 quid
1042 304 1155 337 simile
1177 303 1213 334 in
1235 304 1403 336 Plancio.-
1441 303 1463 334 i.
1487 315 1515 334 e.
1538 303 1654 343 inique
1675 301 1761 344 agis,
1795 312 1871 332 cum
1893 301 2011 333 Didios

134 372 266 398 tantum
292 370 325 396 et
347 363 476 396 Marios
499 372 576 392 cum
598 360 735 392 Plancio
758 359 907 399 confers,
940 369 1050 401 neque
1071 356 1195 399 cogitas
1219 355 1474 387 innumerabilis
1497 366 1603 386 nouos
1627 355 1781 386 homines
1804 354 1843 385 ad
1866 354 2011 385 honores

132 417 347 461 peruenisse,
381 415 441 458 qui
461 425 531 446 non
555 413 684 457 pariter
705 413 805 445 rebus
831 412 931 455 gestis
953 411 1194 443 inclaruerunt.
1224 410 1375 441 BAKIUS.
1422 408 1534 449 Quem
1551 408 1592 439 ab
1612 409 1686 440 aliis
1709 419 1778 439 non
1800 406 2011 437 intellectum

133 471 246 503 locum
274 469 354 500 dicit
380 468 435 499 uir
463 466 595 507 doctus,
631 467 704 509 ipse
734 464 849 509 potius
877 476 948 496 non
976 462 1158 496 intellexit.
1203 462 1358 494 Minume
1381 461 1471 493 enim
1494 460 1560 491 loci
1584 460 1749 492 sententia
1771 458 1932 498 admittit,
1973 464 2012 490 ut

133 523 254 562 uerba,
285 523 368 555 haec
384 521 470 565 pari
491 538 533 545 —
557 519 746 558 consecuti,
782 529 859 549 cum
881 516 1116 559 sequentibus,
1147 514 1294 558 Profers
1318 515 1529 558 triumphos,
1560 513 1595 544 in
1619 525 1726 544 unum
1747 512 1939 544 membrum
1963 511 2011 542 ita

134 575 396 617 coniungantur,
423 579 462 605 ut
483 571 748 605 conmemoratio
770 571 1026 613 triumphorum
1048 568 1128 602 Didi
1150 574 1183 599 et
1200 568 1289 599 Mari
1311 573 1491 610 propterea
1514 565 1600 597 sacta
1622 566 1761 606 dicatur,
1788 565 1876 607 quod
1898 564 2010 596 tribu-

132 634 250 660 natum
271 627 336 669 pl.,
377 632 608 668 quaesturam,
642 630 676 656 et
697 624 900 655 aedilitatem
919 620 1180 654 innumerabiles
1203 621 1261 652 alii
1286 620 1422 652 Plancio
1445 630 1514 651 non
1536 619 1720 650 nobiliores
1742 618 1910 650 consecuti
1931 618 2009 649 sint.

131 681 222 713 Nam
246 678 507 720 manifestumst,
533 690 572 710 eo
596 676 736 709 consilio
760 676 912 708 Cassium
933 675 1125 717 triumphos
1150 673 1231 706 Didi
1253 680 1286 705 et
1305 673 1395 706 Mari
1417 683 1695 711 commemorasse,
1717 677 1757 702 ut
1778 672 1923 710 doceret,
1945 682 2010 702 no-

132 744 194 764 uos
218 731 393 770 homines,
433 732 492 774 qui
520 731 665 763 maiores
695 736 805 762 essent
831 728 942 772 adepti
971 727 1199 769 magistratus,
1237 733 1276 758 ut
1300 726 1420 758 Didius
1450 731 1483 756 et
1504 725 1650 764 Marius,
1685 730 1774 755 certe
1796 734 1932 763 magnas
1955 735 2009 755 res

131 785 285 829 gessisse,
317 784 359 816 ob
384 796 463 826 quas
486 783 735 827 magistratibus
760 788 870 815 essent
892 781 1035 819 admoti,
1070 779 1245 811 Plancium
1268 786 1381 811 autem
1402 778 1490 810 nihil
1513 777 1609 816 dum,
1640 776 1729 819 quod
1751 777 1847 808 laude
1870 777 2009 819 dignum

131 844 232 877 esset,
256 837 383 869 fecisse.
427 838 545 879 Itaque
566 847 692 868 nouam
710 836 811 879 plane
833 834 1033 867 sententiam
1056 833 1229 864 continent
1252 833 1345 873 haec,
1368 842 1452 875 quae
1477 830 1594 862 Cicero
1617 830 1755 861 ineunte
1779 832 1808 872 ς.
1823 832 1873 862 61.
1893 841 1911 860 a
1926 830 2010 861 Cas-

130 892 181 924 sio
203 891 290 922 dicta
310 890 435 930 refert,
472 901 550 921 cum
571 890 608 921 in
630 889 900 921 antecedentibus
935 887 1023 918 male
1054 885 1206 918 Cassium
1241 886 1448 918 contendisse
1469 884 1747 923 demonstrasset,
1777 884 2008 921 Laterensem,

131 945 221 987 quod
242 955 374 976 summo
395 944 470 974 loco
492 949 590 974 natus
615 948 718 982 esset,
741 941 877 973 Plancio
901 940 1004 972 fuisse
1023 940 1305 982 anteponendum.
1351 938 1449 972 Unde
1470 936 1696 978 intellegitur,
1725 935 1838 966 uerbis
1860 932 2008 975 Profers

132 1004 195 1030 etc.
223 995 407 1028 necessario
440 1007 569 1028 nouom
599 995 752 1028 incohari
773 994 965 1027 membrum
987 992 1118 1024 debere.
1162 994 1284 1035 Neque
1306 1003 1388 1023 uero
1412 990 1482 1022 ulla
1505 990 1541 1020 in
1565 988 1730 1031 particula
1751 994 1802 1020 set
1824 987 2006 1026 offensiost,

132 1061 198 1093 qua
225 1049 391 1092 particula
413 1049 532 1080 Cicero
561 1049 626 1081 hoc
654 1047 834 1091 significat:
870 1057 982 1087 neque
1010 1057 1093 1076 uero
1117 1046 1272 1077 Plancius
1300 1045 1391 1077 solus
1413 1044 1474 1075 hos
1497 1043 1644 1075 honores
1670 1041 1823 1084 quamuis
1848 1038 2006 1082 ignobilis

129 1102 268 1144 adeptus
294 1108 360 1142 est,
389 1113 513 1133 uerum
536 1102 595 1133 alii
618 1101 719 1133 etiam
739 1099 903 1143 permulti
928 1098 1001 1141 pari
1023 1099 1097 1130 loco
1121 1099 1197 1130 orti.

216 1156 247 1197 ἓ·
270 1155 322 1187 61.
367 1154 514 1198 Profers
537 1155 729 1198 triumphos
756 1153 795 1185 T.
818 1152 908 1185 Didi
929 1157 962 1183 et
984 1152 1018 1184 C.
1040 1153 1149 1194 Mari)
1195 1152 1340 1185 Uidetur
1360 1150 1459 1182 illum
1481 1148 1621 1181 Didium
1643 1147 1855 1190 intellegere,
1887 1144 1946 1188 qui
1968 1144 2008 1175 de

130 1207 310 1241 Scordiscis
332 1208 558 1251 triumphauit
579 1219 668 1239 anno
691 1208 734 1240 U.
760 1207 797 1237 C.
822 1206 911 1244 641„
935 1206 1028 1237 cuius
1051 1205 1207 1237 meminit
1230 1205 1348 1237 Cicero
1373 1203 1409 1234 in
1431 1202 1496 1234 Pis.
1521 1213 1548 1232 c.
1574 1202 1643 1232 25..
1668 1201 1874 1232 GRAEUIUS.
1916 1198 2008 1229 Fue-

129 1267 228 1300 runt,
267 1260 547 1302 quemadmodum
576 1261 614 1292 C.
644 1259 751 1299 Mari,
788 1259 835 1290 ita
863 1258 965 1290 etiam
993 1259 1035 1289 Τ.
1066 1258 1146 1290 Didi
1175 1258 1240 1290 duo
1272 1256 1455 1299 triumphi,
1498 1265 1645 1296 quorum
1675 1252 1837 1284 secundus
1865 1250 2007 1282 omissus

131 1326 151 1346 a
173 1312 339 1353 Graeuio,
373 1313 409 1344 in
431 1313 553 1345 tabulis
577 1312 776 1355 Capitolinis
800 1312 849 1344 ed.
872 1311 985 1343 Piran.
1008 1324 1101 1343 num.
1121 1313 1163 1344 L.
1188 1311 1236 1343 sic
1256 1315 1411 1341 notatur:
1449 1318 1484 1339 Τ.
1508 1316 1648 1338 DIDIUS.
1681 1316 1715 1338 T.
1738 1315 1771 1337 F.
1795 1313 1874 1336 SEX.
1904 1311 1939 1334 N.
1962 1302 2006 1334 Π.

131 1375 284 1399 rnocos.
314 1375 374 1397 nx.
404 1375 589 1398 HISPANIA.
620 1375 654 1398 A.
683 1366 827 1398 DCLX.
858 1374 907 1396 DE
941 1375 1194 1397 cnmmnnms.
1225 1364 1302 1395 IIII.
1334 1371 1431 1393 IDUS.
1462 1369 1556 1392 mn..
1602 1359 1731 1391 Consul
1753 1357 1808 1389 hic
1830 1356 1896 1388 fuit
1916 1366 2005 1386 anno

129 1419 273 1452 DCLV.
302 1418 388 1460 [656.
411 1419 520 1460 Alm.]
534 1442 543 1457 ,
581 1425 720 1462 praetor
744 1425 857 1450 autem
879 1430 967 1450 anno
990 1418 1261 1451 DCXXXVIII.
1285 1416 1388 1448 fuisse
1410 1426 1429 1445 a
1450 1413 1570 1456 Pighio
1595 1413 1762 1451 creditur,
1801 1415 1834 1441 et
1855 1409 2006 1440 lauream

128 1471 378 1505 Macedonicam
400 1483 443 1503 ex
464 1477 624 1515 praetura
644 1478 840 1503 consecutus
861 1483 949 1503 anno
966 1472 1129 1504 DCXL..
1172 1471 1320 1503 Miratur
1342 1469 1401 1500 ille
1424 1467 1558 1510 quidem
1580 1472 1632 1498 tot
1653 1476 1756 1496 annos
1781 1462 1920 1494 iacuisse
1941 1461 2007 1492 110-

127 1525 256 1558 minem
278 1524 540 1568 triumphalem3
576 1531 628 1556 set
649 1526 696 1556 ita
716 1525 834 1556 iubent
856 1524 1061 1556 existumare
1082 1536 1135 1556 res
1159 1524 1229 1555 eius
1247 1529 1357 1566 gestae
1379 1527 1496 1552 contra
1518 1519 1706 1551 Scordiscos
1729 1517 1818 1548 inter
1842 1516 2005 1547 Catonem

130 1579 209 1611 Cos.
230 1589 318 1609 anno
341 1578 580 1610 DCXXXLK.
605 1585 637 1610 et
658 1579 812 1610 Drusum
835 1579 912 1610 Cos.
935 1589 1023 1609 anno
1045 1577 1205 1609 DCXLI.
1227 1587 1247 1606 a
1268 1575 1372 1606 Floro
1394 1575 1464 1614 III,
1486 1578 1518 1610 4.
1541 1573 1742 1604 conlocatae.
1785 1569 1835 1602 At
1857 1579 1918 1610 ego
1940 1578 2007 1610 po-

128 1631 196 1663 tius
220 1631 387 1670 arbitror,
422 1629 560 1661 confusa
590 1630 694 1663 fuisse
721 1642 741 1662 a
762 1632 866 1663 Floro
893 1636 1064 1673 tempora3
1112 1629 1312 1673 praesertim
1341 1639 1418 1659 cum
1445 1626 1591 1659 Liuiana
1619 1625 1779 1668 Epitome
1800 1621 1930 1654 LXIII.
1966 1620 2006 1651 de

128 1684 278 1723 Catone,
312 1683 371 1726 qui
393 1694 505 1715 caesus
528 1682 608 1724 fuit,
640 1690 674 1716 et
696 1684 736 1715 de
757 1686 890 1725 Druso,
914 1684 972 1727 qui
993 1683 1083 1714 idem
1106 1683 1252 1714 creditur
1273 1681 1517 1724 triumphasse,
1548 1688 1822 1715 conmemorans,
1853 1674 1940 1706 nihil
1966 1673 2005 1704 de

127 1737 171 1769 T.
192 1736 295 1769 Didio
317 1737 529 1780 interponat,
552 1738 646 1770 cuius
669 1737 883 1770 certissumus
906 1743 956 1768 est
975 1736 1181 1779 triumphus.
1225 1735 1352 1767 Eadem
1374 1734 1432 1765 lib.
1455 1734 1570 1765 LXV.
1593 1731 1633 1762 de
1654 1729 1806 1762 Minucio
1829 1728 1907 1770 agit,
1930 1732 2007 1770 post

130 1801 232 1832 quem
261 1789 354 1821 locus
385 1796 434 1821 est
461 1790 564 1822 Didio
601 1790 821 1823 uerisimilior
859 1790 946 1821 circa
974 1801 1027 1821 an.
1060 1789 1190 1820 DCL..
1235 1789 1327 1821 Mate
1356 1789 1497 1820 Marcus
1527 1786 1659 1817 Didius
1687 1788 1827 1814 uocatur
1860 1782 1896 1813 in
1924 1779 2005 1812 Rufi

128 1841 282 1873 Breuiar.
313 1852 341 1874 c.
373 1843 433 1875 IX.
466 1849 499 1874 et
528 1843 563 1875 in
591 1845 708 1877 Amm.
739 1843 891 1876 Marcell.
921 1843 1082 1882 XXVII,
1113 1842 1161 1881 4.,
1195 1848 1286 1873 recte
1317 1842 1416 1872 Titus
1458 1850 1477 1870 a
1506 1837 1671 1870 Frontino
1702 1836 1803 1867 Strat.
1834 1835 1867 1875 I,
1903 1834 1940 1871 8,
1972 1834 2003 1865 5.

129 1894 174 1934 II,
202 1906 250 1934 10,
276 1906 303 1926 ι.
329 1896 589 1928 GARATONIUS.
637 1897 740 1929 Titus
761 1896 797 1927 in
818 1895 910 1927 fastis
933 1895 1054 1926 dicitur
1077 1894 1177 1926 etiam
1201 1894 1401 1937 Capitolinis
1424 1898 1457 1924 et
1479 1903 1532 1934 ap.
1554 1891 1681 1922 Murat.
1697 1889 1800 1920 Thes.
1823 1889 1849 1919 I.
1872 1899 1907 1930 p.
1920 1897 2004 1929 290„

129 1948 213 1981 item
235 1959 288 1990 ap.
311 1948 435 1981 Uellei.
459 1948 587 1981 Patere.
612 1951 661 1989 II,
696 1951 764 1989 16„
805 1948 954 1991 Appian.
977 1948 1076 1991 Hisp.
1100 1959 1127 1979 c.
1152 1959 1219 1990 99.,
1263 1948 1403 1980 Tullius
1433 1956 1515 1976 uero
1540 1943 1665 1976 habent
1686 1942 1860 1974 Almelou.
1899 1945 1932 1970 et
1954 1939 2002 1970 St.

128 2001 250 2034 Allais.
276 2001 477 2033 ORELLIUS.
524 2003 683 2035 Ceterum
704 2002 823 2035 Didius
845 2013 912 2033 una
938 2013 1013 2033 cum
1028 2001 1138 2034 Mario
1161 2001 1259 2032 nouis
1282 1999 1475 2032 hominibus
1498 2010 1517 2029 a
1532 1996 1648 2028 Tullio
1671 2007 1734 2038 pro
1747 1995 1838 2026 Mur.
1857 1992 2003 2026 C.VIII.

130 2055 161 2097 §.
189 2065 236 2096 17.
259 2060 462 2086 accensetur.
509 2055 712 2088 Garatonius
735 2061 909 2098 praeterea
931 2054 966 2085 in
989 2054 1087 2086 Curis
1111 2053 1270 2086 Secundis
1296 2053 1336 2084 de
1358 2053 1423 2085 hoc
1444 2053 1487 2084 T.
1503 2050 1605 2084 Didio
1627 2049 1782 2081 libellum
1806 2053 1922 2079 extare
1943 2045 2004 2078 Bi-

128 2108 237 2140 mardi
259 2107 321 2146 ait,
346 2119 446 2149 quem
468 2120 653 2151 numquam
674 2108 808 2140 uiderit.
852 2109 973 2150 Neque
999 2119 1059 2150 ego
1081 2107 1161 2138 uidi.

213 2162 406 2205 Propterea
427 2162 657 2204 magistratus
680 2162 849 2206 ceperint,
875 2162 967 2206 quod
989 2161 1248 2204 triumpharant
1254 2184 1266 2199 ,
1296 2165 1329 2192 et
1350 2171 1434 2198 non,
1468 2159 1550 2202 quia
1573 2155 1734 2190 conmissi
1756 2158 1837 2186 sunt
1858 2152 1903 2184 iis
1927 2163 2003 2184 ma-

126 2215 322 2258 gistratus,
355 2214 391 2246 in
413 2215 535 2257 quibus
558 2227 594 2248 re
619 2215 698 2248 bene
718 2221 818 2259 gesta
841 2215 1108 2259 triumpharent)
1155 2213 1209 2244 Sic
1234 2213 1288 2245 hic
1311 2213 1403 2243 locus
1425 2211 1462 2242 in
1485 2210 1631 2253 optumis
1656 2208 1747 2239 codd.
1770 2205 1913 2247 scriptus
1940 2215 2004 2234 ex-

127 2273 188 2299 tat.
231 2267 363 2307 „Totus
386 2267 442 2298 hic
466 2267 558 2299 locus
582 2268 618 2299 in
634 2269 721 2300 Mso.
744 2268 791 2299 ita
813 2269 954 2310 legitur:
975 2274 1158 2312 propterea
1183 2265 1448 2309 magistratibus
1461 2264 1604 2308 fuerint
1631 2261 1742 2304 digni,
1766 2259 1857 2303 quod
1877 2258 2002 2289 trium-

126 2321 302 2365 pharunt,
325 2326 358 2352 et
380 2333 447 2352 non
470 2323 552 2365 quia
575 2322 734 2355 conmissi
756 2327 836 2353 sunt
859 2321 902 2353 iis
924 2322 1173 2365 magistratus,
1196 2320 1232 2351 in
1255 2319 1300 2350 iis
1323 2330 1360 2350 re
1382 2318 1462 2350 bene
1481 2322 1582 2359 gesta
1605 2312 1865 2356 triumpharint.
1896 2310 2001 2342 Paulo

130 2378 217 2416 post,
250 2373 390 2406 Metello
412 2374 474 2406 lzoc
496 2375 702 2419 inperatore,
738 2375 774 2406 in
797 2375 884 2406 Mso.
908 2386 977 2406 non
1000 2380 1049 2406 est
1073 2373 1256 2407 ‚Metellof‘
1278 2372 1315 2403 F.
1342 2372 1518 2404 Unsmus.
1564 2368 1735 2400 Sententia
1764 2365 1829 2397 loci
1862 2363 2000 2395 omnino

127 2424 273 2468 requirit
292 2425 358 2457 tale
381 2427 469 2469 quid,
493 2429 590 2471 quale
610 2428 676 2460 fuit
696 2428 732 2460 in
747 2428 866 2462 Ursini
887 2427 986 2460 libro.
1030 2429 1119 2460 Nam
1133 2425 1324 2459 Laterensis
1349 2423 1494 2467 [Cassius
1508 2421 1634 2465 potius]
1659 2420 1806 2452 dixerat:
1833 2418 1875 2449 T.
1890 2418 1999 2449 Grac-

1526 2481 1562 2508 33
1576 2476 1589 2491 *
