2185 2720
871 126 896 156 o
915 125 945 154 A
964 127 998 155 P.
1037 125 1130 155 xm.
1155 125 1184 166 ς.
1204 131 1240 159 31
1259 140 1298 149 —
1315 132 1361 160 33.
2002 139 2058 167 109

261 202 529 246 Turpissimum,
552 200 584 233 si
604 199 890 245 sordidisszmzus)
937 201 1189 245 Turpisszcmus
1211 202 1362 245 pertinet
1382 202 1424 234 ad
1446 202 1553 235 uitam
1580 210 1614 236 et
1635 215 1760 247 mores,
1786 207 2058 242 sordidissamus

170 254 212 287 ad
235 254 433 297 dignitatem
456 254 588 297 generis
612 260 646 285 et
668 253 808 285 ordinis.
857 253 1069 285 VVEISKIUS.

254 308 424 340 Communi
451 305 566 349 sensu)
619 306 675 338 De
710 305 872 338 conmuni
899 317 1000 338 sensu
1037 311 1120 348 aput
1152 305 1355 338 Ciceronem
1383 306 1534 339 Orellius
1563 307 1710 341 conferri
1741 310 1978 354 Spaldingium
2015 313 2058 345 ad

167 359 305 402 Quinct.
329 361 363 399 I,
388 371 424 396 2,
449 371 500 391 20.
524 359 629 390 iubet.

250 412 280 454 ς.
307 412 359 443 52.
403 412 448 444 P.
481 410 611 453 Crassi)
656 411 765 442 Patris
794 410 844 442 M.
874 408 1004 449 Crassi,
1042 410 1101 452 qui
1130 422 1208 442 cum
1235 412 1379 444 Fonteio
1409 413 1527 444 consul
1557 413 1608 444 bis
1631 412 1714 453 fuit3
1747 414 1803 446 hic
1832 415 1874 447 de
1895 416 2059 459 Hispanis

164 463 409 507 triumphauit,
447 468 480 494 et
501 463 538 494 in
564 463 797 494 dominatione
820 462 862 494 L.
888 461 1035 501 Cinnae,
1068 475 1111 494 ne
1132 464 1170 495 in
1191 476 1311 496 manus
1340 464 1560 496 inimicorum
1583 465 1766 508 incideret,
1799 480 1835 500 se
1856 469 1930 512 ipse
1950 469 2061 500 inter-

164 516 265 555 emit3
289 516 467 557 utriusque
488 515 540 546 rei
565 521 684 546 auctor
703 515 883 546 Pedianus.
930 515 1145 548 MANUTIUS.

249 568 361 601 Iudex·
383 585 426 590 —
451 568 587 610 auctor)
634 568 746 609 Quem
777 567 928 610 primum
960 567 1088 609 equites
1119 568 1155 600 in
1182 567 1300 600 multis
1328 569 1430 602 rebus
1458 570 1627 602 arbitrum
1657 574 1865 616 sumpserint
1885 590 1929 598 -—
1957 584 2061 616 quem

162 621 335 653 societates
373 619 636 662 publicanorum
673 619 905 651 consiliarium
942 619 1140 662 habuerint,
1185 620 1281 653 cuius
1319 622 1468 654 consiliis
1505 623 1542 654 in
1572 624 1673 656 rebus
1714 626 1886 658 maxumis
1918 632 2060 657 uteren-

163 679 231 704 tur.
278 673 506 704 Enxsssrms.

252 724 282 766 ξ.
295 724 347 755 55.
370 725 471 768 Ergo
489 726 527 757 lzz'
541 723 688 769 ferendi
705 729 806 763 sunt,
829 724 890 767 qui
909 729 1121 768 queruntur,
1145 724 1340 758 libertatem
1363 727 1490 771 equitis
1511 728 1666 760 Romani
1687 741 1722 761 se
1734 728 1837 772 ferre
1858 742 1926 762 non
1945 731 2059 775 Posse)

162 775 296 809 Erfurt.
321 778 385 820 qai
408 784 602 820 queruntur
625 779 687 810 hoe
710 777 861 818 [Falsum
883 777 967 816 hoc3
992 776 1203 809 Erfurtensis
1227 779 1344 810 eadem
1366 791 1507 822 prorsus
1529 786 1630 822 atque
1644 782 1799 813 Bauarici
1820 783 2058 825 scripturastff.

164 829 357 862 Tullianast
379 829 567 861 conlocatio
591 829 628 861 111
648 830 789 869 Bauar.‚
833 831 894 875 qui
923 830 986 862 lzoc
1014 836 1220 872 queruntur.
1264 832 1397 864 Tamen
1428 838 1461 863 et
1488 832 1561 874 ipsa
1583 833 1783 865 conlocandi
1804 835 1950 866 uarietas
1975 836 2059 876 [non

164 889 215 915 est
237 882 341 921 ulla]‚
379 893 465 924 quae
487 887 640 925 suspecta
662 892 734 913 esse
758 882 860 920 solet,
892 881 1128 913 omittentibus
1151 881 1260 922 fauet3
1298 890 1333 915 et
1355 885 1499 916 adiectio
1523 886 1586 916 ista
1608 885 1751 928 figurae,
1789 898 1874 929 quae
1896 888 1961 919 hoc
1983 888 2058 919 loco

166 941 235 975 est,
259 946 337 966 cum
360 945 433 964 eam
455 945 525 964 non
548 935 654 974 tollat,
681 934 840 965 nonnihil
862 932 974 964 adfert
996 933 1216 966 incommodi.
1259 937 1311 968 Ea
1332 949 1415 969 uero
1442 937 1549 980 figura
1570 938 1697 981 ellipsis
1721 939 1886 981 quaedam
1909 946 1969 980 est,
1994 952 2061 983 qua

163 988 310 1020 uerbum
335 991 529 1030 queruntur
551 997 738 1028 praegnans
766 985 1018 1029 quodammodo
1042 991 1080 1016 ut
1101 986 1145 1017 sit
1168 987 1228 1028 (sic
1251 989 1343 1020 enim
1365 990 1538 1032 locuntur)
1560 990 1714 1022 efficitur.
1758 992 1847 1023 Rem
1871 992 2061 1026 docuerunt

165 1040 363 1072 Sanctianae
389 1038 568 1070 Blilieruae
591 1040 702 1070 cultor
727 1038 925 1070 Perizonius
948 1039 1018 1076 IV,
1050 1039 1080 1069 5.
1105 1050 1140 1081 p.
1165 1039 1238 1072 818.
1274 1040 1326 1072 ed.
1351 1041 1485 1073 Scheid.
1510 1049 1543 1073 et
1566 1044 1803 1085 VVopkensius
1828 1045 1938 1076 Lectt.
1964 1046 2059 1077 Tull.

164 1104 200 1136 p.
225 1091 298 1125 244.
320 1102 451 1133 nosque
474 1091 526 1122 bis
551 1091 732 1133 adtigimus
756 1102 823 1121 una
845 1090 880 1121 in
903 1089 1092 1122 Miloniana
1113 1091 1155 1121 ad
1179 1102 1206 1122 c.
1234 1091 1282 1124 18.
1315 1098 1349 1123 et
1377 1094 1445 1126 24..
1490 1095 1696 1135 Queruntur
1717 1095 1822 1137 igitur
1844 1097 1992 1130 dicentes
2022 1109 2060 1129 ac

164 1144 383 1188 profiten'oeS,
410 1143 605 1176 libertatem
629 1145 755 1188 equitis
777 1142 930 1175 Romani
958 1154 993 1174 se
1005 1142 1109 1185 ferre
1130 1156 1197 1176 non
1215 1157 1328 1188 posse.
1372 1147 1435 1178 Est
1457 1154 1569 1179 autem
1593 1148 1629 1179 111
1651 1147 1724 1189 ipsa
1747 1150 1899 1189 querella
1929 1150 2060 1182 uocife-

165 1196 255 1229 ratio
281 1202 314 1228 et
334 1194 514 1239 professio.
561 1196 663 1238 Quod
685 1196 752 1228 nisi
774 1195 821 1226 ita
850 1199 955 1234 esset,
993 1196 1165 1237 quomodo
1189 1197 1246 1228 isti
1272 1197 1467 1230 dicerentur
1491 1200 1606 1243 queri,
1642 1198 1734 1240 quod
1756 1199 1891 1241 signum
1914 1209 1964 1234 est
1988 1214 2059 1234 non

165 1249 368 1288 serentium,
392 1260 462 1279 non
486 1248 528 1279 de
549 1248 621 1291 ipsa
642 1261 696 1289 re,
722 1259 823 1291 quam
845 1258 915 1277 non
937 1245 1114 1280 ferendam
1137 1249 1311 1292 putabant,
1338 1257 1389 1282 set
1408 1251 1502 1282 illam
1525 1264 1560 1283 se
1573 1251 1676 1295 ferre
1697 1264 1764 1284 non
1786 1255 1913 1296 posse?
1934 1255 2061 1286 Nonne

169 1303 289 1335 Cicero
312 1302 384 1345 ipse
407 1301 576 1343 queritur,
609 1301 690 1332 dum
713 1298 1044 1342 telum‘retorquet?
1090 1301 1176 1333 Satis
1207 1308 1279 1333 erat
1300 1302 1454 1344 profecto
1480 1303 1608 1335 dicere:
1645 1315 1727 1347 ergo
1749 1305 1787 1336 lzi
1799 1304 1947 1348 ferendi
1967 1313 2061 1348 sunt,

168 1355 230 1400 qui
259 1354 454 1387 libertatem
482 1355 608 1398 equitis
630 1353 784 1387 Romani
807 1350 910 1395 ferre
940 1364 1007 1385 non
1031 1355 1204 1396 possunt?
1248 1355 1306 1385 Set
1334 1355 1390 1386 uir
1417 1355 1723 1397 eloquentissulnus
1757 1357 1865 1389 acrius
1898 1359 2062 1400 quiddam

166 1407 352 1450 quaesiuit:
375 1418 445 1438 non
462 1406 699 1450 profitentur,
725 1404 985 1448 uoczserantzcr,
1010 1406 1176 1445 clamant,
1203 1406 1315 1437 dicere
1338 1413 1452 1438 tamen
1476 1408 1604 1447 uoluit3
1630 1415 1680 1440 set
1703 1415 1741 1440 ut
1763 1409 1842 1441 illut
1863 1410 1975 1453 ipsum
1997 1423 2061 1442 au-

167 1465 279 1501 geret,
303 1465 508 1503 queruntur.
551 1460 623 1489 Iam
646 1458 698 1489 his
719 1457 882 1500 expositis
907 1457 949 1487 de
971 1458 1127 1489 Bauarici
1155 1459 1203 1500 [et
1226 1457 1316 1500 Erfi]
1341 1459 1589 1500 additamento,
1624 1467 1662 1492 ut
1695 1460 1760 1492 fert
1789 1462 1921 1494 animus
1952 1474 2062 1494 unus-

168 1511 311 1553 quisque
340 1511 477 1542 iudicet.
518 1511 778 1543 GARATONIUS.
824 1509 936 1541 Multo
966 1508 1103 1540 breuius
1129 1511 1338 1543 Garatonius
1365 1519 1560 1556 queruntur
1589 1519 1815 1556 praegnanter
1844 1514 1973 1545 dictum
1995 1526 2060 1557 pro

169 1563 381 1608 querebzcndi
409 1565 530 1596 dicunt
553 1574 623 1595 esse
645 1562 759 1605 potuit
789 1561 913 1592 dicere.
960 1561 1015 1592 Sic
1039 1561 1078 1593 C.
1099 1562 1219 1594 XXII.
1250 1565 1280 1605 ἓ.
1304 1564 1374 1596 54.:
1408 1565 1507 1597 Ναηι
1530 1567 1622 1609 quod
1644 1571 1783 1610 questus
1805 1578 1857 1604 es,
1885 1567 2006 1610 pluris
2029 1573 2063 1599 te

169 1617 269 1649 testis
290 1616 415 1648 habere
437 1617 479 1648 cle
509 1615 684 1654 Uoltinia,
711 1626 815 1658 quam
838 1620 920 1658 quot
943 1615 978 1646 in
1003 1626 1043 1646 ea
1059 1621 1196 1657 puncta
1223 1617 1365 1656 tuleris,
1401 1618 1536 1649 indicas
1559 1624 1640 1650 ete..
1687 1619 1848 1650 Ceterum
1871 1619 1951 1650 uide
1976 1631 2062 1662 quae

169 1668 212 1699 de
232 1667 334 1699 huius
357 1668 424 1698 loci
446 1669 614 1711 scriptura
636 1666 769 1707 Proleg.
792 1667 835 1698 L.
860 1667 902 1697 II.
928 1667 965 1699 C.
990 1667 1016 1697 I.
1043 1667 1073 1707 ξ.
1099 1666 1128 1698 8.
1152 1679 1186 1710 p.
1210 1669 1403 1701 XXXVII.
1427 1669 1633 1701 monuimus.

260 1721 410 1753 Ubinam
433 1721 493 1752 ille
515 1720 600 1763 mos)
628 1720 667 1751 In
692 1719 895 1750 coaceruatis
917 1718 1239 1761 interrogationibus
1263 1721 1398 1752 nullum
1420 1733 1520 1764 saepe
1541 1723 1727 1764 particulae
1750 1723 1810 1756 uhi
1831 1723 1976 1755 uerbum
1999 1723 2062 1755 ad-

168 1773 333 1816 iungitur.
378 1771 450 1804 Cfr.
476 1773 546 1804 Cic.
570 1772 605 1802 in
628 1772 695 1803 Pis.
719 1771 771 1803 40.
795 1771 945 1814 Philipp.
967 1771 1018 1811 V,
1041 1771 1072 1803 5.
1098 1772 1347 1805 GARATONIUS
1371 1773 1413 1804 ad
1437 1785 1486 1806 or.
1510 1774 1632 1806 Milon.
1656 1787 1690 1818 p.
1715 1777 1800 1808 225..
1825 1776 1977 1808 Orellius
1998 1777 2062 1808 ad-

170 1826 220 1857 dit
241 1826 329 1857 Plin.
354 1825 476 1866 Paneg.
500 1824 570 1863 IX,
601 1826 649 1857 5..

169 1869 175 1872 .
254 1878 364 1912 ,Malis
387 1889 550 1920 oppressa
572 1876 748 1917 ciuilibus)
792 1876 883 1907 Nam
905 1880 1062 1918 tempore
1084 1876 1254 1908 bellorum
1280 1877 1452 1918 ciuilium,
1488 1884 1521 1910 et
1539 1879 1599 1910 sub
1624 1879 1778 1922 tyrannis
1801 1880 1931 1911 nemini
1953 1881 2061 1913 libere

168 1930 264 1973 loqui
288 1936 322 1961 et
351 1929 449 1971 queri
478 1929 568 1960 licet.
613 1930 719 1971 Saepe
749 1928 790 1959 de
813 1928 875 1960 hac
900 1927 1132 1960 dominatione
1154 1935 1381 1972 tyrannorum
1411 1931 1632 1972 conqueritur
1656 1932 1805 1963 Tacitus.
1852 1933 2061 1965 GRAEUIUS.

254 1983 428 2026 Equitum
456 1993 519 2025 ego
548 1983 788 2014 Romanorum
824 1981 930 2013 etiam
958 1981 995 2013 in
1027 1982 1180 2013 homines
1209 1982 1451 2015 nobilissumos
1478 2000 1522 2006 —
1555 1984 1743 2015 maledicta
1770 1987 2059 2029 conmemorem?)

169 2035 246 2066 Hoc
268 2040 380 2065 totum
408 2044 487 2064 cum
516 2033 688 2065 stomacho
713 2032 854 2073 dicitur,
892 2039 925 2064 et
948 2033 1070 2065 melius
1093 2045 1112 2064 a
1133 2035 1217 2065 Bau.
1242 2040 1276 2065 et
1302 2034 1433 2066 duobus
1458 2036 1573 2067 Oxon.
1611 2037 1810 2078 [multisque
1838 2037 1924 2077 aliis]
1956 2039 2062 2070 etiam

169 2087 284 2118 abesse
307 2086 465 2117 arbitror.
510 2087 632 2128 Neque
655 2085 746 2116 enim
771 2084 912 2126 dignum
932 2096 984 2125 se,
1010 2097 1122 2128 neque
1144 2086 1204 2117 illo
1233 2086 1354 2117 ordine
1380 2086 1562 2118 existumat
1588 2088 1741 2129 equitum
1764 2089 2000 2120 Romanorum
2025 2091 2063 2121 111

169 2138 324 2170 homines
348 2138 586 2170 nobilissumos
608 2137 788 2168 maledicta
811 2149 1076 2179 conmemorare,
1101 2139 1264 2181 quoniam
1288 2139 1427 2181 quidem
1449 2140 1552 2170 homo
1569 2140 1730 2180 insumus,
1755 2141 1903 2173 Granius
1926 2153 2059 2183 praeco,

171 2190 303 2222 duobus
332 2190 562 2221 nobilissumis
594 2189 838 2220 contumeliose
861 2190 1088 2232 responderit.
1133 2192 1173 2223 In
1196 2191 1262 2222 hoc
1284 2198 1484 2233 argumento
1507 2193 1586 2223 illut
1609 2193 1731 2232 etiam,
1766 2199 1805 2223 ut
1827 2193 1966 2234 opinor,
1998 2206 2062 2226 ex-

172 2242 338 2283 cluditur3
361 2242 492 2273 ualeret
514 2241 621 2281 enim,
646 2241 772 2272 nedum
794 2241 829 2272 111
851 2242 952 2281 alios,
980 2242 1021 2273 de
1044 2243 1165 2285 quibus
1188 2244 1271 2274 haec
1294 2243 1416 2274 elatior
1439 2255 1481 2274 ne
1505 2245 1651 2286 cogitare
1675 2244 1812 2286 quidem
1836 2245 1917 2276 sinit
1940 2246 2060 2278 oratio.

173 2295 375 2326 Scholiastes
397 2295 432 2325 in
454 2295 506 2326 his
531 2293 931 2336 describendis,priorem
953 2301 1087 2337 partem
1110 2295 1240 2334 omisit,
1270 2301 1371 2337 atque
1394 2295 1528 2328 initium
1552 2297 1599 2328 ita
1621 2295 1720 2328 fecit:
1759 2296 1839 2340 Ego
1852 2298 2061 2340 publicano-

175 2359 254 2379 rum
275 2353 354 2387 etc.,
386 2354 419 2379 et
440 2347 476 2378 in
500 2352 654 2377 exn-emo
678 2357 747 2376 non
770 2345 944 2387 adgnoscit
965 2352 999 2378 et
1021 2348 1136 2381 libere.
1181 2349 1377 2389 Utrumque
1402 2359 1481 2379 sane
1505 2349 1639 2391 placere
1661 2354 1790 2390 potest,
1816 2355 1855 2379 ut
1876 2361 1939 2392 ego
1961 2361 2060 2393 repe-

175 2405 284 2439 tatur,
314 2405 348 2430 et
369 2399 570 2430 aduerbium
593 2398 697 2430 libere
720 2397 888 2437 deleatur,
920 2399 1083 2440 quoniam
1105 2399 1244 2442 quidem
1267 2412 1388 2444 aspere
1411 2406 1444 2431 et
1458 2400 1631 2444 ferociter
1637 2425 1648 2440 ,
1687 2411 1772 2442 quae
1791 2401 1948 2442 grauiora
1969 2407 2059 2441 sunt,
