2185 2720
844 120 870 149 c
889 119 918 148 A
939 120 979 149 Ρ.
1018 119 1146 148 XXIX.
1176 117 1204 159 §.
1231 124 1365 153 69—71.
1991 127 2045 155 183

164 196 352 242 cupiditati
371 195 520 228 nimium
541 200 715 238 angustus
737 195 828 228 orbis
851 201 1026 228 terrarum
1045 206 1117 226 esse
1138 195 1314 228 uideatur.
1335 194 1415 226 ibid.
1439 195 1477 227 C.
1501 194 1636 227 XXIII.
1653 195 1684 237 §.
1704 195 1755 226 61.
1785 195 1947 239 beneflcio
1978 198 2044 229 isto

164 249 271 293 legis,
296 248 511 292 benignitate
534 248 759 281 decemuirali
780 248 872 281 nillil
893 249 1017 281 utitur.
1038 258 1103 290 pro
1126 247 1246 279 Flacco
1271 249 1310 280 C.
1332 248 1414 280 XH.
1438 248 1469 289 §.
1493 258 1543 289 27.
1571 260 1649 280 cum
1671 249 1810 292 quidem
1831 250 1922 280 nilzil
1942 263 1963 282 a
1986 263 2044 282 su—

160 300 357 346 perioribus
388 302 630 333 continuorum
659 313 831 333 annorum
855 300 1001 333 decretis
1030 300 1223 333 decesserit.
1259 312 1323 343 pro
1352 299 1483 333 Archia
1512 300 1551 331 C.
1574 301 1654 333 VII.
1682 302 1712 343 §.
1740 302 1789 334 16.
1819 301 1851 333 si
1878 302 1969 333 nihil
2000 304 2047 334 ad

158 353 423 398 percipiendam
444 353 687 397 colendamque
708 354 875 386 uirtutem
898 353 1027 385 litteris
1049 353 1317 387 adiuuarentur.
1353 365 1417 397 pro
1439 353 1572 385 Milone
1598 354 1637 385 C.
1658 355 1739 386 VII.
1764 355 1794 396 ς.
1819 354 1867 386 16.
1891 355 1983 386 nillil
2007 356 2047 387 dc

163 407 238 439 eius
260 411 369 438 morte
385 406 539 450 populus
562 406 757 445 consultus,
791 407 891 439 nulla
913 407 1068 450 quaestio
1095 405 1232 438 decreta
1262 419 1284 439 a
1308 411 1473 439 senatust.
1510 417 1573 448 pro
1602 406 1703 438 Rosc.
1732 407 1813 440 Am.
1845 406 1883 438 C.
1913 407 2047 439 XLIX.

167 460 199 501 ς.
226 459 296 492 145.
318 459 411 492 nihil
430 458 472 490 de
493 470 556 490 suo
575 459 787 502 patrimonio
810 461 979 504 queritur.
1017 458 1166 501 Philipp.
1190 459 1240 498 II,
1271 459 1329 499 52,
1362 470 1413 502 79.
1448 460 1540 491 nihil
1561 471 1685 502 queror
1714 460 1756 491 de
1774 459 1970 492 Dolabella.
2008 460 2049 491 de

164 518 250 544 orat.
271 512 323 552 ΙΙ,
350 511 405 551 15,
427 511 481 542 55.
514 511 551 542 in
573 512 705 543 caussis
726 512 819 544 nihil
841 513 979 544 omnino
1008 516 1188 544 uersatum
1210 523 1281 543 esse
1302 512 1505 556 accepimus.
1534 512 1574 543 ad
1599 511 1681 543 Diu.
1705 512 1776 551 VI,
1809 524 1856 543 11.
1880 512 2048 544 Dolabel-

165 566 237 598 lam
257 570 360 598 antea
385 564 622 596 tantummodo
648 564 856 608 diligebam3
886 565 1062 607 obligatus
1084 564 1116 595 ei
1139 564 1231 596 nihil
1252 577 1356 597 eram.
1387 565 1426 596 ad
1448 566 1522 597 Att.
1545 565 1615 604 IX,
1646 565 1677 596 5.
1707 564 1943 608 optumatibus
1967 578 2048 597 uero

165 619 235 651 tuis
260 617 351 650 nihil
372 616 528 660 confido,
564 617 656 649 nilzil
677 618 749 649 iam
770 629 811 650 ne
834 618 987 649 inseruio
1017 617 1166 660 quidem.
1211 617 1267 648 Ex
1290 617 1408 649 Plauto
1440 624 1473 649 et
1495 617 1658 649 Terentio
1683 618 1855 650 Gesnerus
1881 618 1983 650 Thes.
2006 620 2047 651 L.

163 673 205 703 L.
227 680 311 702 uoce
334 670 426 703 nihil
446 681 480 701 n.
503 669 535 702 5.
557 680 591 712 p.
614 669 688 702 458.
712 669 870 713 exempla
890 669 1021 701 adtulit.
1067 668 1195 700 Similis
1227 682 1305 702 usus
1338 677 1387 702 est
1413 671 1626 714 pronominis
1659 671 1797 714 aliquid
1819 676 1851 701 et
1875 672 1979 714 quid,
2012 672 2048 704 in

162 734 230 766 quo
253 728 381 754 temere
400 733 657 765 nonnumquam
680 722 749 754 uiri
771 722 860 754 docti
882 721 1106 753 offenderunt.
1150 721 1206 753 Sic
1227 734 1290 765 pro
1314 723 1477 756 Deiotaro
1500 725 1538 756 C.
1561 724 1659 756 XIII.
1685 723 1715 765 ς.
1738 723 1790 755 55.
1814 724 1896 756 illut
1916 738 2050 765 uereor,

162 788 205 808 ne
233 775 298 808 tibi
325 776 428 808 illum
456 788 652 809 suscensere
679 776 818 821 aliquid
843 775 1027 818 suspicere.
1058 786 1122 817 pro
1145 774 1196 806 M.
1221 776 1335 807 Caelio
1365 776 1403 808 C.
1423 776 1561 808 XXXI.
1587 776 1617 818 §.
1644 787 1694 816 77.
1732 788 1840 819 quare
1861 777 1893 808 si
1915 779 1973 809 cui
1995 779 2051 810 ni-

162 829 272 862 mium
296 828 482 872 ecferuisse
504 829 646 861 uidetur
667 830 772 862 huius
794 846 836 853 —
858 828 932 867 uis,
952 826 1145 871 ferocitas,
1171 829 1392 872 pertinacia3
1426 830 1457 861 si
1479 842 1577 874 quem
1602 829 1707 861 etiam
1732 829 1905 861 minorum
1928 831 2051 863 horum

163 882 302 925 aliquid
329 880 488 925 offendit.
524 891 588 920 pro
618 881 726 913 Sestio
752 882 790 914 C.
814 880 877 912 IV.
902 881 932 921 ἕ.
960 891 1008 912 10.
1042 886 1081 912 ut
1111 881 1183 913 iam
1204 882 1352 924 puerilis
1382 887 1444 914 tua
1467 895 1534 914 uox
1554 881 1665 926 possit
1687 881 1826 924 aliquid
1847 882 2052 926 significare

163 935 316 967 inimicis
337 934 484 972 nostris,
519 933 685 977 quidnam
713 946 790 966 cum
817 946 852 966 se
874 933 1111 966 conroborat-it
1139 932 1307 977 effectura
1336 946 1407 966 esse
1440 936 1614 968 uideatur.
1650 933 1690 964 ad
1716 945 1816 975 quem
1839 934 1952 966 locum
1973 936 2050 967 uide

163 988 398 1020 nouissumum
418 985 596 1017 editorem.
640 985 738 1019 Addo
761 987 902 1018 Terent.
929 986 1053 1018 Heant.
1072 986 1116 1025 ll,
1142 996 1178 1024 2,
1206 998 1276 1018 111.
1301 992 1339 1019 tu
1361 1000 1396 1019 es
1419 988 1543 1027 iudex3
1563 1000 1606 1020 ne
1628 987 1714 1030 quid
1734 989 1968 1021 accussandus
1990 991 2051 1029 sis,

162 1041 254 1074 uide.
282 1038 362 1070 ibid.
383 1050 417 1070 u.
443 1037 514 1070 128.
542 1038 624 1071 uide
647 1040 716 1080 sis,
741 1052 783 1073 ne
806 1039 891 1084 quid
912 1038 1103 1082 inprudens
1126 1050 1221 1071 ruas.

245 1092 297 1124 Et
319 1103 524 1136 quemquam
542 1097 653 1135 putas
666 1091 786 1136 fuisse
809 1098 882 1124 tam
902 1092 1099 1131 excordem,
1131 1092 1192 1135 qui
1214 1091 1309 1123 uiuis
1332 1092 1405 1130 his,
1438 1097 1552 1124 stante
1574 1092 1657 1125 urbe
1679 1098 1712 1125 et
1734 1093 1833 1125 curia
1856 1095 2051 1128 rediturum

162 1158 234 1185 me,
258 1146 289 1177 si
311 1145 486 1183 uiuerent,
508 1156 575 1177 non
595 1145 776 1189 putaret?)
820 1145 876 1177 Sic
897 1145 979 1177 Mss.
1005 1151 1038 1176 et
1061 1144 1131 1175 edd.
1153 1156 1229 1187 pr.3
1253 1145 1440 1176 Lambinus
1467 1145 1547 1186 [non
1571 1146 1774 1185 Lambinus,
1800 1146 1858 1188 qui
1880 1147 2051 1190 uolgatam

161 1198 327 1238 seruauit,
363 1203 414 1229 set
439 1196 644 1240 Gryphius.]
675 1197 756 1230 fecit
776 1200 932 1244 Ecquem
959 1204 1082 1242 putas,
1122 1197 1213 1239 quod
1244 1197 1394 1228 seruauit
1425 1198 1604 1230 Gruterus.
1651 1199 1819 1231 Turbauit
1842 1201 2049 1233 Lambiuum

161 1251 286 1284 uitiosa
306 1250 548 1293 interpunctio,
575 1261 677 1292 quam
698 1251 786 1283 male
810 1251 961 1284 seruauit
984 1250 1175 1283 Graeuius:
1200 1250 1385 1282 timerent?
1407 1251 1458 1282 Et
1480 1263 1685 1296 quemquam
1707 1269 1751 1276 ·-
1766 1255 1937 1297 putaret?
1961 1255 2049 1296 quod

161 1316 241 1338 sane
263 1315 341 1336 cum
362 1302 638 1346 praecedentibus
660 1315 730 1335 11011
753 1304 931 1337 consentit.
957 1304 1185 1336 ERNESTIUS.
1229 1303 1462 1346 Interpunctio
1486 1305 1620 1347 uolgata
1640 1317 1710 1337 non
1732 1312 1782 1337 est
1803 1317 1881 1337 011111
1901 1306 2048 1338 Ernesto

161 1357 341 1398 mutanda,
380 1355 439 1397 qui
461 1354 567 1395 dedit,
603 1357 782 1398 timerent,
818 1364 852 1391 et
874 1369 1096 1402 quemquam3
1136 1368 1203 1399 quo
1226 1355 1314 1387 facto
1338 1356 1454 1387 debuit
1482 1356 1583 1388 etiam
1606 1357 1905 1401 interrogationem
1927 1359 2050 1390 tollere

161 1417 240 1456 post
256 1414 412 1456 putaret.
455 1409 515 1440 Set
536 1414 570 1441 et
594 1421 798 1455 quemquam
819 1410 994 1453 responsio
1020 1416 1070 1441 est
1091 1421 1170 1440 cum
1191 1408 1341 1440 formula
1357 1409 1474 1441 Tullio
1495 1410 1672 1452 familiari,
1705 1424 1806 1454 quam
1827 1423 1929 1443 nemo
1949 1412 2050 1454 igno-

162 1470 226 1497 rat.
266 1464 527 1495 GARATONIUS.
573 1462 679 1494 Recte
703 1463 908 1496 Garatonius
936 1463 1110 1505 uolgarem
1132 1461 1395 1504 interpungendi
1423 1463 1590 1495 rationem
1618 1464 1831 1496 retinendam
1863 1465 2048 1498 contendit.

162 1518 254 1549 Nam
279 1513 417 1547 Ernesti
445 1514 532 1546 ratio
558 1516 696 1558 probari
723 1523 905 1560 propterea
929 1527 999 1548 11011
1021 1522 1150 1559 potest,
1192 1515 1283 1557 quod
1305 1515 1499 1547 membrum
1527 1530 1731 1562 quemquam
1750 1536 1792 1541 —
1814 1531 1881 1550 non
1901 1525 2048 1563 putaret

162 1569 192 1602 si
214 1580 291 1600 cum
321 1567 555 1607 antecedente,
589 1570 660 1602 nisi
677 1569 779 1614 forte
801 1571 990 1603 existumas
1011 1587 1054 1592 —
1083 1581 1149 1601 non
1179 1569 1358 1607 timerent,
1390 1580 1453 1611 per
1486 1570 1642 1612 copulam
1675 1570 1910 1613 coniungitur,
1946 1584 2049 1604 unam

165 1622 371 1663 eandemque
394 1621 595 1654 sententiam
622 1623 740 1655 Cicero
766 1623 816 1655 bis
840 1622 1003 1654 enuntiat.
1047 1621 1175 1653 Prioris
1199 1621 1291 1653 enim
1313 1622 1459 1653 membri
1479 1622 1561 1653 haec
1583 1629 1634 1654 est
1655 1624 1838 1664 sententia,
1876 1626 1945 1657 nisi
1976 1627 2050 1658 exi-

163 1682 317 1713 stumas,
353 1686 422 1706 non
444 1676 613 1707 struxisse
635 1677 792 1708 inimicos
814 1688 904 1708 meos
927 1676 1074 1707 insidias
1097 1676 1193 1707 uitae
1222 1687 1334 1714 meae,
1371 1676 1463 1718 quod
1489 1688 1542 1708 me
1564 1677 1760 1709 rediturum
1782 1690 1849 1710 non
1865 1685 2048 1722 putarent,

162 1727 363 1773 posterioris
393 1727 491 1767 haec,
527 1729 597 1761 nisi
612 1735 741 1774 putas,
778 1735 851 1762 tam
873 1730 1032 1762 excordes
1044 1728 1180 1772 fuisse,
1218 1733 1258 1760 ut
1282 1740 1335 1760 me
1363 1728 1559 1762 rediturum
1585 1742 1651 1761 non
1668 1736 1849 1774 putarent.
1893 1732 2048 1771 Accedit,

163 1781 253 1824 quod
281 1781 346 1812 hoc
372 1780 487 1823 ipsum
513 1782 659 1814 alterum
688 1782 881 1814 membrum
907 1781 1015 1813 multo
1044 1780 1259 1825 paucioribus
1281 1780 1394 1812 uerbis
1419 1780 1528 1822 iisque
1550 1782 1674 1814 rectius
1698 1784 1878 1816 conlocatis
1901 1787 2049 1828 conponi

164 1834 325 1873 debebat,
353 1833 382 1864 si
404 1833 485 1873 ista,
520 1846 605 1876 quae
627 1835 786 1867 Ernestio
809 1834 943 1866 subesse
965 1834 1132 1866 sententia
1154 1833 1310 1873 uidetur,
1347 1833 1520 1865 enuntiata
1542 1841 1638 1866 esset.
1682 1837 1801 1879 Itaque
1823 1838 1888 1869 hoc
1910 1838 2048 1880 quidem

163 1887 446 1926 certissumumst,
481 1887 595 1919 uerbis
623 1894 657 1921 et
678 1900 882 1932 quemquam
902 1905 946 1911 ——-
967 1900 1034 1920 non
1061 1892 1205 1932 putaret
1229 1885 1429 1918 Ciceronem
1450 1887 1492 1918 ad
1523 1899 1560 1919 ea
1581 1889 1802 1932 respondere,
1840 1902 1925 1933 quae
1948 1892 2046 1924 modo

163 1951 183 1972 a
205 1939 319 1972 Cassio
341 1939 405 1971 sibi
429 1940 517 1971 obici
535 1952 634 1982 posse
664 1941 813 1980 dixerat,
860 1940 1015 1973 inimicos
1044 1946 1229 1983 propterea
1258 1939 1399 1971 fortasse
1431 1940 1522 1972 uitae
1542 1952 1623 1973 suae
1644 1943 1849 1985 pepercisse,
1895 1944 1985 1986 quod
2009 1945 2048 1976 de

163 1992 274 2025 reditu
291 1992 379 2024 nihil
390 1992 577 2025 timuerint.
622 1993 764 2025 Refutat
785 1999 898 2025 autem
920 1994 1001 2025 haec
1023 1993 1081 2032 ita,
1108 1999 1147 2024 ut
1163 1992 1335 2024 neminem
1357 1993 1444 2025 dicat
1466 2000 1535 2026 tam
1556 1995 1733 2038 stupidum
1757 1996 1872 2035 fuisse,
1897 1997 1955 2039 qui
1977 2009 2047 2029 non

163 2045 307 2089 putarit,
344 2056 379 2077 se
401 2045 490 2078 uiuis
512 2046 679 2078 iudicibus
711 2053 820 2079 stante
841 2047 925 2079 urbe
948 2053 982 2078 et
1003 2046 1096 2078 curia
1118 2046 1145 2078 si
1170 2046 1305 2078 uiueret
1329 2046 1519 2079 rediturum
1545 2059 1627 2080 0530.
1670 2048 1753 2080 Illut
1774 2054 1888 2081 tamen
1915 2051 2048 2093 quaeri-

163 2105 239 2138 tur,
267 2109 351 2130 num
375 2099 492 2131 Cicero
514 2100 685 2140 refutans,
718 2111 802 2143 quae
826 2100 926 2131 modo
950 2100 1100 2139 dixerat,
1138 2099 1260 2142 copula
1283 2105 1317 2132 et
1335 2099 1386 2131 uti
1411 2100 1574 2143 potuerit.
1620 2101 1723 2143 Quod
1748 2113 1952 2145 quamquam
1976 2104 2048 2135 Ga-

161 2151 316 2184 ratonius
344 2158 437 2184 recte
465 2153 593 2185 factum
621 2164 692 2185 esse
720 2152 818 2193 dicit,
852 2159 966 2185 tamen
996 2165 1057 2196 ego
1081 2164 1152 2185 non
1174 2158 1274 2195 puto,
1310 2163 1387 2183 cum
1415 2164 1525 2195 neque
1549 2154 1747 2198 exemplum
1767 2154 1878 2186 simile
1899 2157 2048 2189 adlatum

163 2205 223 2245 sit,
247 2215 376 2247 neque,
398 2204 435 2236 id
458 2206 548 2248 quod
570 2206 643 2249 ipsa
665 2206 805 2248 copulae
829 2206 881 2240 uis
903 2207 981 2239 satis
1002 2206 1148 2246 indicat,
1171 2205 1315 2249 reperiri
1336 2216 1434 2248 posse
1458 2205 1627 2239 uideatur.
1669 2208 1788 2251 Itaque
1812 2219 1888 2240 mea
1909 2215 2048 2241 senten-

163 2257 211 2290 tia
230 2263 290 2289 aut
312 2258 572 2303 Ecquemquam
595 2265 654 2290 aut
674 2259 909 2303 Ecquemnam
934 2271 954 2292 a
977 2260 1143 2292 Cicerone
1164 2258 1328 2302 scriptum
1349 2257 1425 2290 fuit.
1471 2258 1705 2294 Confidentius
1727 2274 1969 2306 ecquemquam
1989 2254 2049 2295 1·οᾹ

164 2310 374 2343 stituendum
397 2312 561 2353 dicerem,
597 2311 626 2344 si
646 2323 733 2343 unus
756 2323 846 2343 nunc
869 2312 963 2345 locus
986 2318 1213 2352 succurreret,
1247 2312 1284 2344 in
1307 2323 1374 2354 quo
1404 2313 1624 2356 ecquisquam
1645 2313 1795 2356 positum
1815 2315 2046 2358 reperiretur;

165 2374 370 2406 quamquam
397 2365 486 2397 nihil
515 2371 580 2405 est,
620 2376 680 2396 cur
705 2376 896 2408 pronomen
925 2365 1005 2397 illut
1035 2365 1140 2403 fuisse
1168 2365 1204 2396 in
1227 2377 1291 2397 usu
1324 2376 1496 2407 negemus.
1540 2366 1688 2398 Mutatio
1711 2373 1801 2398 certe
1822 2367 2045 2407 sacillumast3

165 2427 245 2448 nam
274 2417 400 2460 ubique
429 2417 502 2451 fere
523 2418 654 2450 librarii
684 2429 747 2462 pro
771 2416 901 2460 syllaba
925 2417 986 2450 illa
1007 2431 1044 2452 ec
1066 2418 1225 2462 copulam
1247 2424 1280 2451 et
1302 2424 1360 2450 aut
1384 2419 1467 2452 haec
1491 2425 1690 2462 posuerunt.
1736 2419 1792 2451 Sic
1815 2420 1851 2452 in
1874 2421 1947 2452 cod.
1970 2420 2046 2453 Erf.
