2185 2720
168 172 221 197 224
812 161 1385 192 COMMENTARIUS.

169 239 253 271 aliut
282 238 392 281 potius
415 236 615 279 Pompeium
644 237 753 269 facere
779 248 924 278 aequom
953 235 1056 269 fuisse
1086 249 1185 280 quam
1219 235 1309 278 quod
1338 235 1474 277 fecerit,
1520 248 1539 268 a
1562 236 1725 269 Cicerone
1753 238 1892 271 ostendi.
1935 237 2029 270 Idem

170 291 319 333 Philipp.
342 291 443 329 VIII,
475 291 513 330 5,
546 291 614 322 15·:
649 289 686 322 C.
709 291 844 328 Mario,
877 290 923 322 L.
952 290 1092 323 Ualerio
1117 289 1311 322 consulibus
1333 295 1472 322 senatus
1494 302 1565 323 rem
1582 290 1761 334 publicam
1782 290 2032 333 defendendam

171 344 284 376 dedit.-
307 343 352 375 L.
371 344 581 374 Saturninus
604 342 763 374 tribunus
784 343 845 386 pl„
871 342 908 374 C'.
929 342 1079 376 Glaucia
1099 348 1240 386 praetor
1261 347 1312 374 est
1334 341 1547 385 interfectus.
1592 342 1718 375 Omnes
1741 343 1802 374 illo
1825 343 1881 374 die
1896 343 2034 382 Scauri,

172 397 326 430 Metelli.
349 395 506 435 Claudii,
530 394 665 433 Catuli,
693 396 899 434 Scaeuolae,
927 395 1044 427 Crassi
1065 407 1164 427 arma
1184 400 1414 438 sumpserunt.
1458 394 1559 427 Num
1579 401 1643 427 aut
1665 395 1818 427 consules
1840 394 1941 434 illos,
1971 400 2035 427 aut

173 450 391 481 claris-sennes
425 448 520 479 uiros
555 448 804 490 uituperandos
837 449 966 492 putas?
1020 449 1100 481 Non
1137 453 1185 478 est
1221 447 1481 489 neglegendum,
1525 447 1664 479 eandem
1698 458 1770 478 rem
1806 452 2033 489 exponentem

173 501 221 533 M.
246 499 399 531 Tullium
428 500 464 530 in
487 500 639 531 oratione
660 501 777 532 Rabir.
804 502 842 533 C.
866 501 945 534 VII.
977 501 1007 542 §.
1032 512 1099 540 21.‚
1138 511 1238 542 quem
1267 499 1379 530 locum
1401 500 1502 542 paulo
1526 506 1602 531 ante
1625 499 1747 538 adtuli,
1785 498 1954 530 locutione
1977 511 2036 530 ccv-

173 566 253 598 pere
273 565 373 585 arma
399 563 499 583 usum
529 563 609 584 esse.
655 554 786 586 Uerum
814 554 1034 585 animaduerti
1058 553 1154 592 uolo,
1193 552 1264 583 illic
1284 552 1484 594 simpliciter
1505 552 1569 584 hoc
1593 551 1740 583 uoluisse
1762 551 1961 584 Ciceronem
1982 551 2035 581 di-

174 617 265 644 cere,
299 616 376 636 cum
401 605 552 637 omnium
578 605 737 637 ordinum
766 607 938 647 homines,
971 607 1013 638 ad
1035 617 1128 637 arina
1156 616 1175 636 a
1197 604 1388 635 consulibus
1418 610 1571 643 uocatos,
1608 610 1681 635 tum
1705 604 1782 635 illos
1812 603 1912 634 etiam
1941 602 2033 634 uiros

175 658 386 689 clarissumos
408 656 508 688 armis
533 656 635 689 fuisse
656 658 851 699 instructos,
884 660 949 691 hoc
970 665 1083 691 autem
1106 658 1202 696 loco,
1229 656 1266 687 in
1289 668 1355 699 quo
1378 656 1460 689 ciuis
1482 656 1661 700 inprobOS,
1694 655 1752 697 qui
1773 655 1960 698 perniciem
1979 654 2032 687 rei

174 723 208 754 p.
230 711 430 748 moliantur,
451 708 593 740 interfici
614 716 784 753 praestare
807 712 904 744 docet
926 724 1025 754 quam
1048 711 1113 742 alia
1134 710 1261 742 ratione
1282 710 1406 752 corrigi
1428 721 1466 741 ac
1487 708 1630 747 seruari,
1661 708 1695 739 id
1717 708 1844 747 dicere,
1873 707 1965 739 uiros
1988 707 2035 738 il-

175 765 224 794 los
248 763 457 794 clarissumos
487 773 579 794 secus
611 769 710 804 atque
740 770 951 807 expectatum
978 763 1083 796 fuerit
1130 768 1308 805 optumum
1347 762 1498 802 duxisse,
1537 760 1638 793 armis
1660 760 1696 791 in
1718 760 1778 791 illo
1801 760 1951 791 tumultu
1971 760 2034 792 uti·

175 816 269 847 Idem
293 816 328 846 in
353 820 436 846 orat.
461 814 573 846 Pison.
598 816 636 847 C.
658 817 795 848 XXXI.
821 818 850 858 §.
871 829 938 858 77.:
978 829 1013 849 se
1035 820 1155 847 contra
1176 821 1351 847 armatum
1372 815 1550 847 tribunum
1567 814 1620 857 pl.
1640 813 1713 845 sine
1735 813 1876 845 consilio
1891 812 2033 857 publico

175 870 349 900 decertare
372 868 482 907 nolle3
514 868 707 900 consulibus
730 882 770 901 ex
792 869 826 901 S.
849 869 884 901 C.
907 880 978 900 rem
994 880 1034 912 p.
1056 866 1317 910 defendentibus
1339 880 1374 899 se
1397 879 1496 899 arma
1517 871 1747 909 sumpturum.
1777 876 1840 907 pro
1864 866 1902 896 C.
1925 865 2033 897 Rabi-

174 921 225 953 rio
249 922 287 952 C.
312 921 373 952 VI.
399 921 523 962 §.19.·.
557 921 596 952 Si
618 920 772 964 interfici
795 921 1025 953 Saturninum
1050 919 1149 963 nefas
1164 920 1264 963 fuit,
1292 932 1392 952 arma
1412 925 1551 962 sumpta
1573 931 1643 950 esse
1665 925 1784 951 contra
1806 918 2035 950 Saturninum

175 975 248 1006 sine
270 973 394 1005 scelere
415 985 482 1005 non
503 979 666 1016 possunt3
699 975 731 1005 si
751 986 851 1006 arma
872 974 949 1006 iure
969 978 1108 1016 sumpta
1131 972 1301 1011 concedis,
1330 971 1551 1015 interfectum
1573 972 1650 1003 iure
1672 972 1833 1003 concedas
1857 976 2034 1004 necessest.

173 1038 236 1069 pro
261 1026 340 1057 Sex.
362 1026 462 1057 Rosc.
486 1026 566 1058 Am.
592 1026 629 1056 C.
652 1027 801 1058 XLVII.
826 1026 856 1067 §.
882 1025 971 1067 157.:
995 1025 1058 1056 Sin
1079 1031 1195 1056 autem
1216 1025 1255 1057 id
1274 1030 1433 1063 actumst,
1456 1030 1489 1056 et
1510 1024 1638 1055 idcirco
1660 1035 1759 1054 arma
1781 1029 1918 1066 sumpta
1939 1029 2034 1064 sunt,

175 1086 214 1112 ut
238 1080 389 1111 homines
406 1079 574 1122 postremi
595 1079 752 1122 pecuniis
774 1078 898 1110 alienis
920 1078 1222 1122 locupletarentur.
1264 1077 1414 1119 Philipp.
1426 1077 1490 1115 IV,
1516 1088 1544 1114 1,
1567 1086 1617 1107 20:
1644 1075 1721 1107 Nec
1743 1076 1833 1107 enim
1846 1075 1936 1118 fieri
1954 1082 2035 1120 pot-

175 1138 243 1171 est,
280 1137 320 1164 ut
342 1143 408 1164 non
430 1136 493 1162 aut
513 1132 540 1162 ii
562 1131 633 1163 sint
655 1132 761 1175 inpii,
798 1130 859 1174 qui
888 1136 1007 1162 contra
1030 1131 1200 1162 consulem
1222 1130 1391 1162 exercitus
1414 1132 1711 1172 conparauerunt,
1748 1133 1811 1159 aut
1833 1129 1893 1160 ille
1913 1128 2034 1168 hostis,

175 1191 294 1216 contra
317 1196 417 1228 quem
441 1184 517 1215 iure
539 1195 638 1215 arma
659 1190 795 1227 sumpta
815 1189 906 1216 sunt.
948 1182 1031 1215 Ibid.
1054 1183 1161 1221 XIV,
1186 1181 1221 1221 8,
1246 1181 1315 1214 24.:
1343 1182 1441 1215 Nam
1461 1182 1548 1213 mihi
1571 1179 1703 1212 consuli
1724 1180 1932 1223 supplicatio
1953 1180 2036 1212 nul-

175 1237 219 1268 lis
242 1237 349 1268 armis
372 1236 518 1278 sumptis
548 1247 615 1267 non
645 1235 683 1267 ob
706 1237 843 1268 caedem
869 1237 1036 1275 hostiam,
1074 1239 1125 1267 set
1147 1234 1186 1266 ob
1206 1236 1498 1267 conseruationem
1526 1233 1677 1265 hostium
1697 1248 1741 1256 —
1760 1233 1940 1266 decretast.
1981 1233 2037 1265 De

175 1295 260 1320 orat.
284 1289 337 1329 ΙΙ,
367 1300 424 1328 20,
449 1288 520 1320 84.:
555 1289 616 1321 Ad
637 1288 866 1321 ludendumne
888 1302 934 1321 an
955 1289 1003 1321 ad
1018 1287 1251 1332 pugnandum
1272 1299 1372 1319 arma
1389 1288 1460 1319 sint
1481 1285 1666 1331 sumpturi.
1709 1284 1767 1317 Ad
1789 1284 1870 1316 Diu.
1892 1284 1961 1323 VI,
1985 1285 2036 1317 5.:

174 1342 293 1374 Habes
318 1342 509 1384 augurium
531 1353 654 1380 meum,
677 1353 754 1384 quo,
776 1342 808 1372 si
830 1342 915 1385 quid
935 1341 1187 1380 addubitarem,
1209 1352 1276 1372 non
1293 1341 1413 1384 potius
1435 1345 1562 1378 uterer,
1584 1350 1688 1382 quam
1710 1338 1774 1370 illa
1796 1337 2036 1378 consolatione,

176 1406 243 1437 qua
258 1393 371 1436 facile
385 1393 521 1437 fortem
542 1395 660 1426 uirum
681 1398 909 1425 sustentarem
917 1406 929 1432 3
964 1399 1014 1432 te,
1044 1393 1076 1425 si
1097 1393 1276 1436 explorata
1305 1393 1455 1424 uictoria
1477 1403 1577 1422 arma
1597 1391 1800 1434 sumpsisses
1825 1401 1890 1433 pro
1911 1401 1949 1422 re
1964 1401 2037 1434 pu-

175 1447 264 1478 blica
284 1445 349 1488 (ita
371 1448 461 1479 enim
483 1453 557 1478 tum
575 1445 760 1490 putabas),
796 1458 863 1477 non
885 1447 988 1478 nimis
1015 1458 1086 1477 esse
1110 1445 1333 1477 laudandum.
1376 1444 1495 1477 Liuios
1517 1443 1567 1482 II,
1593 1442 1665 1474 45.:
1704 1442 1758 1474 Eo
1780 1454 1870 1474 anno
1894 1454 1962 1474 non
1983 1454 2039 1475 se-

172 1500 278 1542 gnior
300 1499 475 1531 discordia
495 1499 587 1530 domi
598 1505 630 1530 et
649 1499 774 1530 bellum
787 1497 884 1541 foris
905 1499 1058 1530 atrocius
1072 1497 1163 1541 fuit.
1207 1497 1261 1530 Ab
1274 1498 1406 1541 Aequis
1427 1509 1527 1529 arma
1547 1500 1705 1538 sumpta3
1735 1494 1892 1527 Ueientes
1908 1505 2037 1537 agrum

177 1564 308 1595 quoque
330 1553 566 1584 Romanorum
582 1551 791 1594 populantes
814 1552 1002 1583 iniuerunt.
1041 1550 1134 1581 Idem
1148 1550 1222 1586 ,III,
1256 1561 1323 1590 17.:
1358 1549 1521 1582 Iuberent
1543 1548 1691 1585 tribuni,
1721 1547 1884 1591 quoniam
1907 1547 1945 1579 in
1965 1546 2035 1590 Ap.

176 1605 395 1638 Herdonium
418 1609 594 1642 uetat-ent,
631 1604 668 1634 in
689 1603 732 1635 P.
762 1602 943 1634 Ualerium
964 1603 1136 1634 consulem
1156 1602 1247 1634 sumi
1269 1614 1378 1633 arma.
1421 1602 1604 1635 Ausurum
1628 1611 1664 1631 se
1686 1599 1722 1631 in
1746 1599 1913 1638 tribunis,
1945 1599 2039 1643 quod

172 1659 336 1701 princeps
350 1656 517 1700 familiae
538 1668 620 1687 suae
641 1668 748 1687 ausus
774 1656 810 1687 in
832 1654 970 1697 regibus
993 1661 1088 1687 esset.
1132 1655 1225 1686 Idem
1246 1655 1325 1686 ibid.
1350 1655 1388 1686 C.
1411 1655 1529 1686 XIX.:
1572 1652 1718 1685 Tusculi
1739 1657 1818 1683 ante
1839 1663 1943 1695 quam
1962 1652 2039 1683 Ro-

177 1722 252 1742 mae
274 1715 412 1752 sumpta
435 1713 516 1739 sunt
538 1720 647 1740 arma.
689 1708 733 1740 In
756 1708 858 1740 dubio
871 1706 970 1751 fuit,
1004 1713 1123 1740 utrum
1144 1709 1189 1740 L.
1211 1708 1394 1740 Mamilius
1420 1706 1639 1738 Tusculanus
1669 1705 1760 1742 dux,
1792 1716 1838 1735 an
1859 1704 1903 1735 P.
1932 1702 2037 1735 Uale-

177 1764 252 1795 rius
276 1768 308 1794 et
331 1762 366 1794 C.
383 1760 551 1792 Claudius
573 1772 655 1792 coss.
677 1761 872 1792 Romanam
893 1773 1007 1792 arcem
1028 1760 1215 1792 liberarent
1221 1773 1234 1800 ,-
1271 1766 1304 1792 et
1326 1760 1386 1803 qui
1406 1765 1486 1791 ante
1507 1758 1656 1790 Latinos
1687 1769 1729 1788 ne
1744 1768 1813 1800 pro
1841 1768 1877 1788 se
1899 1756 2038 1800 quidem

177 1815 283 1858 ipsis,
308 1826 409 1857 quom
431 1813 467 1844 in
482 1811 620 1855 finibus
642 1814 771 1845 hostem
791 1813 972 1852 haberent,
996 1814 1178 1856 adtingere
1199 1825 1298 1845 arma
1319 1813 1417 1857 passi
1437 1824 1574 1849 sumus,
1596 1822 1698 1849 nunc,
1721 1810 1790 1841 nisi
1812 1809 1939 1841 Latini
1959 1820 2035 1841 sua

177 1873 328 1910 sponte
356 1877 477 1897 arma
503 1866 811 1908 sumpsissent,
840 1866 935 1909 capti
956 1872 989 1898 et
1011 1867 1114 1898 deleti
1136 1879 1282 1898 eramus.
1326 1866 1460 1897 Tacitus
1482 1864 1569 1895 Hist.
1591 1863 1658 1901 III,
1683 1862 1752 1893 24.:
1782 1862 1904 1905 Igitur
1923 1861 2037 1894 Anto—

178 1920 257 1951 nius
279 1936 320 1943 —
343 1919 451 1949 omnis
478 1929 536 1961 spe
563 1918 808 1960 promissisque
835 1918 1039 1959 accendens,
1073 1931 1135 1951 cur
1165 1919 1241 1952 rari
1269 1919 1493 1961 sumpsissent
1519 1928 1628 1948 arma.
1672 1915 1766 1946 Idem
1789 1914 1871 1945 ibid.
1894 1914 1962 1954 IV,
1985 1913 2035 1946 3-:

177 1972 314 2015 Quippe
336 1975 474 2013 sumpta
490 1981 556 2012 per
579 1969 716 2001 Gallias
737 1969 999 2014 Hispaniasque
1022 1972 1144 2003 ciuilia
1165 1984 1284 2011 arma,
1311 1972 1413 2003 motis
1435 1970 1482 2001 ad
1503 1969 1628 2000 bellum
1650 1968 1854 2007 Germanis,
1882 1978 1960 1999 mox
1983 1966 2038 1999 Il-

177 2024 298 2066 lyrico,
340 2023 433 2054 Idem
455 2021 534 2053 ibid.
549 2022 593 2060 V,
618 2032 668 2064 9.:
691 2022 785 2054 Dein
806 2023 894 2054 iussi
917 2037 939 2055 a
961 2024 996 2056 C.
1018 2023 1161 2055 Caesare
1183 2024 1332 2068 effigiem
1352 2024 1426 2055 eius
1449 2024 1485 2054 in
1505 2022 1629 2065 templo
1651 2021 1781 2059 locare,
1801 2031 1900 2052 arma
1916 2019 2038 2063 potius

179 2087 362 2118 sumpsere.
405 2074 497 2105 Idem
521 2074 638 2105 Germ.
666 2074 732 2106 13.:
773 2074 832 2106 Set
852 2088 952 2107 arma
977 2088 1109 2107 sumere
1130 2088 1196 2107 non
1218 2081 1298 2108 ante
1321 2077 1482 2119 cuiquam
1503 2074 1628 2112 moris,
1656 2085 1759 2116 quam
1780 2072 1907 2104 ciuitas
1930 2069 2038 2115 suffe·

177 2133 315 2159 cturum
331 2127 546 2170 probauerit.
589 2126 681 2157 Idem
706 2126 788 2157 ibid.
812 2127 884 2158 4o.:
908 2128 992 2160 Non
1015 2128 1103 2160 bella
1125 2128 1263 2166 ineunt,
1287 2140 1353 2159 non
1374 2140 1473 2159 arma
1495 2131 1646 2164 sumunt,
1668 2125 1825 2157 clausum
1847 2135 1944 2155 omne
1954 2121 2036 2164 fer-

178 2191 257 2211 rum
264 2191 276 2217 3
294 2191 368 2222 pax
388 2185 421 2211 et
445 2180 540 2223 quies
563 2184 644 2210 tunc
666 2185 801 2211 tantum
822 2184 915 2211 nota.
957 2180 1104 2211 Iustinus
1126 2179 1216 2211 Hist.
1240 2180 1282 2218 ΙΙ,
1306 2181 1355 2211 4.;
1378 2181 1518 2213 Horum
1539 2190 1662 2210 uxores
1682 2190 1760 2209 cum
1785 2177 1944 2210 uiderent
1962 2174 2036 2206 exi-

179 2232 226 2262 lio
248 2233 407 2264 additam
429 2232 628 2270 orbitatem,
652 2244 751 2263 arma
772 2237 912 2263 sumunt
918 2244 931 2270 ‚-
944 2230 1103 2276 finisque
1124 2244 1221 2270 suos,
1246 2232 1480 2265 submouentes
1498 2232 1613 2275 primo
1620 2254 1632 2269 ,
1659 2242 1737 2262 mox
1758 2230 1864 2262 etiam
1884 2226 2036 2271 inferen—

178 2289 229 2315 tes
251 2284 358 2323 bella,
387 2284 588 2328 defendunt.
633 2284 702 2325 Qui
724 2295 852 2315 nexum
874 2284 1104 2326 singulorum,
1136 2295 1218 2326 quos
1241 2285 1361 2324 adtuli,
1392 2285 1546 2316 Iocorum
1567 2282 1833 2324 sententiamque
1852 2278 2036 2312 accuratius

178 2337 408 2378 perspexerit,
440 2336 539 2368 facile
562 2347 646 2379 quae
668 2336 708 2367 de
725 2347 824 2368 sensu
846 2336 1025 2368 locutionis
1047 2348 1180 2369 sumere
1200 2349 1300 2370 arma
1328 2337 1447 2369 monui
1468 2335 1604 2379 probari
1626 2334 1667 2365 iis
1689 2334 1871 2375 intelleget.
1915 2332 2037 2373 Neque

178 2399 262 2419 uero
286 2388 405 2427 timeo,
429 2400 471 2419 ne
493 2388 567 2430 quis
590 2389 713 2420 obiciat
734 2388 835 2429 mihi,
857 2401 991 2421 sumere
1011 2402 1111 2421 arma
1132 2390 1317 2421 necessario
1340 2389 1404 2421 dici
1429 2389 1566 2426 debere,
1598 2387 1657 2418 ubi
1678 2387 1847 2430 passiuom
1868 2395 2037 2427 usurpan-

181 2439 262 2471 dum
284 2439 342 2479 sit,
370 2451 446 2471 cum
468 2442 546 2484 capi
567 2453 666 2475 arma
687 2441 724 2474 iu
745 2447 943 2484 potestatem
964 2441 1233 2474 aduersariorum
1256 2442 1374 2474 uenire
1396 2440 1570 2483 significet.
1614 2440 1703 2471 Nam
1724 2438 1751 2470 si
1773 2438 1838 2469 hoc
1862 2441 2034 2475 certumst,
