2912 4368
1111 1021 1216 1051 CAP.
1255 1020 1331 1049 xv.
1371 1018 1399 1059 §·
1428 1024 1473 1052 36.
1504 1026 1549 1053 37.
2221 1034 2276 1060 121

467 1100 505 1134 A
534 1100 576 1141 Q.
607 1099 809 1139 Hortensio)
865 1097 936 1139 Qui
966 1108 1115 1128 caussam
1146 1096 1213 1138 egit
1241 1094 1358 1127 Planci
1388 1101 1466 1127 ante
1495 1094 1706 1127 Ciceronem.
1740 1095 1956 1129 MANUT1cs.
2002 1099 2089 1132 Cum
2118 1101 2273 1136 Manutio

381 1154 549 1186 consentit
573 1152 790 1184 Garatonius.

463 1206 529 1238 Cui
555 1211 661 1237 tumst
684 1209 824 1236 senatus
846 1202 1027 1246 adsensus)
1071 1201 1241 1233 Particula
1263 1207 1339 1234 tum
1359 1199 1402 1232 ad
1425 1200 1504 1232 illut
1525 1206 1659 1243 tempus
1683 1200 1910 1243 referendast,
1942 1215 2010 1246 quo
2033 1211 2168 1238 senatus
2191 1218 2272 1239 con-

378 1258 507 1290 sultam
530 1257 698 1289 factumst.

464 1310 717 1354 Cuiuscumque
741 1309 851 1341 tribus
875 1309 1028 1352 largitor
1051 1315 1155 1349 esset,
1190 1314 1223 1341 et
1244 1320 1311 1352 per
1333 1308 1422 1340 lianc
1445 1308 1716 1346 consensionem,
1752 1319 1839 1350 quae
1863 1310 1977 1352 magis
2008 1311 2145 1344 lioneste
2169 1324 2273 1355 quam

377 1376 459 1396 uere
483 1364 651 1395 sodalitas
674 1363 933 1399 nominaretur,
958 1374 1063 1404 quam
1086 1362 1230 1404 quisque
1254 1360 1383 1392 tribum
1406 1361 1503 1403 turpi
1527 1360 1717 1402 largitione
1744 1368 1989 1404 corrumperet,
2013 1375 2089 1395 eum
2112 1377 2272 1397 maxume

375 1416 421 1447 iis
451 1415 664 1454 hominibus,
697 1416 758 1459 qui
788 1416 861 1447 eius
892 1415 1002 1446 tribus
1033 1419 1163 1451 essent,
1196 1426 1268 1445 esse
1296 1412 1428 1456 notum)
1475 1413 1529 1443 Sic
1551 1413 1642 1443 hunc
1672 1413 1784 1443 locum
1809 1424 1852 1443 ex
1876 1413 1949 1444 cod.
1973 1414 2046 1445 Ers.
2070 1417 2271 1448 auctoritate

374 1467 521 1499 restitui.
566 1467 677 1509 Uolgo
701 1473 778 1498 ante
799 1467 988 1498 Graeuium
1010 1478 1093 1509 pro:
1118 1471 1151 1497 et
1167 1477 1233 1509 per
1252 1466 1340 1496 hanc
1363 1466 1628 1505 consensionem,
1653 1477 1741 1508 quae
1763 1466 1878 1508 magis
1902 1467 2038 1498 honeste
2063 1481 2167 1510 quam
2189 1481 2271 1502 uere

374 1521 446 1552 sod.
467 1519 693 1551 scribebatur:
721 1527 753 1552 et
772 1532 834 1563 per
856 1520 1111 1552 consensionem
1136 1518 1423 1561 magistratuum,
1448 1530 1534 1560 quae
1558 1519 1695 1550 noneste
1720 1520 1809 1550 sod..
1853 1520 1907 1549 De
1922 1530 1985 1561 qua
2001 1520 2168 1561 scriptura
2191 1533 2269 1553 mo-

372 1571 449 1603 nuit
476 1572 671 1603 Ernestius:
704 1573 828 1612 „Haec
856 1579 906 1604 est
933 1572 1034 1603 lectio
1057 1571 1212 1612 uolgata3
1248 1581 1349 1611 quam
1373 1580 1450 1601 cum
1476 1571 1626 1602 Graeuio
1658 1583 1675 1602 e
1698 1571 1764 1602 Ms.
1790 1570 1864 1601 Erf.
1890 1572 2118 1611 correximus,
2153 1574 2267 1617 primo

372 1623 518 1655 delendo
549 1631 582 1657 et
614 1625 730 1666 [quam
753 1626 910 1668 copulam
933 1636 995 1656 nec
1018 1622 1091 1655 Erf.
1118 1622 1245 1653 omittit
1268 1633 1329 1653 nec
1353 1622 1554 1664 Graeuius],
1587 1623 1811 1665 addendoque
1834 1625 1941 1662 lianc,
1974 1624 2097 1655 deinde
2122 1625 2267 1657 delendo

371 1677 665 1720 magistratuum,
697 1677 789 1719 quod
811 1679 927 1720 inepta
949 1678 1058 1719 glossa
1081 1675 1212 1709 addidit
1246 1675 1365 1716 [immo
1390 1687 1432 1707 ex
1455 1677 1570 1719 magis
1594 1678 1739 1716 ortum],
1775 1676 1921 1717 denique
1944 1683 2021 1719 post
2044 1678 2182 1711 lzoneste
2205 1678 2268 1710 ad-

372 1728 484 1760 dendo
513 1732 628 1773 magis
658 1744 762 1774 quam
784 1743 884 1770 uere,·
917 1739 1122 1771 quamquam
1151 1727 1233 1757 haec
1261 1728 1393 1759 ultuma
1417 1728 1514 1759 nobis
1538 1729 1685 1770 aliquam
1714 1728 1940 1770 suspicionem
1964 1730 2092 1771 glossae
2115 1737 2267 1763 mouent.

371 1782 495 1814 Uoluit
525 1782 637 1813 dicere
664 1789 818 1814 senatus:
861 1782 888 1813 si
914 1793 976 1824 per
1008 1780 1191 1811 coitionem
1222 1780 1356 1822 largitio
1387 1779 1474 1812 sacta
1504 1787 1536 1812 et
1562 1782 1670 1812 tribus
1700 1787 1860 1823 corrupta
1889 1788 1991 1819 esset3
2028 1782 2116 1814 dixit
2138 1784 2264 1826 primo,

370 1834 496 1874 uerbo,
527 1834 619 1877 quod
644 1841 677 1865 et
699 1835 735 1865 in
761 1834 966 1866 deteriorem
988 1839 1121 1876 partem
1145 1832 1284 1871 dicitur,
1320 1834 1591 1872 consensionem3
1625 1834 1747 1864 deinde
1769 1845 1842 1864 eam
1866 1833 2009 1865 honesto
2032 1835 2138 1866 uerbo
2164 1838 2266 1869 socla-

370 1886 507 1919 litatem
528 1887 694 1930 appellari
715 1887 751 1918 in
774 1888 865 1930 lege,
896 1898 972 1917 cum
996 1887 1038 1917 sit
1061 1885 1203 1929 proprie
1226 1886 1400 1916 consensio
1424 1887 1480 1917 uel
1503 1887 1616 1917 coitio.
1662 1887 1748 1917 lNon
1774 1893 2009 1929 corrumperet
2032 1894 2082 1918 est
2107 1899 2264 1920 corrum-

370 1949 453 1981 pere
482 1940 605 1979 uellet,
640 1946 803 1979 tentaret3
844 1939 910 1970 nisi
933 1938 1115 1980 legendum
1148 1938 1378 1980 corrupisset.-
1414 1950 1492 1969 nam
1515 1938 1550 1968 in
1574 1938 1792 1980 sequentibus
1817 1945 1866 1969 est
1890 1939 1931 1969 de
1955 1940 2174 1982 corruptione
2196 1941 2264 1972 iam

367 1988 500 2021 facta.“
543 1992 624 2024 Non
654 1993 767 2024 minus
798 2004 899 2035 quam
921 1990 1099 2023 Ernestius
1131 1991 1258 2020 errauit
1282 1990 1451 2029 Orellius,
1491 1991 1548 2033 qui
1573 1991 1664 2021 idem
1689 1996 1722 2022 et
1745 1992 1900 2034 copulam
1923 1999 2001 2034 post
2024 2000 2110 2025 esset
2137 1993 2262 2032 omisit,

368 2042 566 2074 arctissume
595 2045 766 2087 iungenda
792 2045 898 2076 uerba
928 2045 1173 2084 cuiuscumque
1204 2042 1315 2074 tribus
1357 2044 1510 2086 largitor
1539 2049 1625 2075 esset
1642 2056 1709 2087 per
1731 2045 1820 2076 lianc
1843 2047 2097 2078 consensionem
2120 2053 2263 2078 conten-

370 2094 463 2125 dens.
507 2096 617 2138 Atqui
640 2110 779 2140 prorsus
802 2096 988 2128 necessaria
1012 2094 1132 2136 copula
1155 2100 1187 2125 et
1212 2101 1277 2133 est,
1315 2106 1391 2125 cum
1415 2096 1482 2126 duo
1508 2096 1641 2126 diuersa
1663 2097 1815 2127 membra
1848 2098 1915 2129 sint
1941 2109 2025 2140 quae
2048 2099 2263 2141 coniungun-

368 2152 442 2183 tur,
467 2149 711 2194 cuiuscumque
732 2150 842 2182 tribus
866 2150 1018 2191 largitor
1039 2152 1143 2185 esset,
1167 2153 1200 2177 et
1216 2159 1283 2191 per
1305 2149 1393 2179 lianc
1416 2149 1686 2187 consensionem,
1710 2162 1797 2192 qnae
1818 2168 1861 2174 —
1883 2152 2133 2189 nominaretur,
2157 2163 2261 2194 quam

369 2201 514 2243 quisque
536 2202 665 2235 tribum
688 2204 785 2246 turpi
808 2202 998 2245 largitione
1022 2205 1273 2242 corrumperet,
1300 2199 1447 2241 ideoque
1470 2206 1640 2231 structura
1664 2202 1849 2233 uerborum
1872 2203 1953 2233 haee
1976 2203 2036 2234 sit:
2072 2214 2167 2243 eum,
2200 2211 2259 2246 qui

366 2253 507 2284 alicuius
531 2254 639 2286 tribus
662 2256 804 2297 largitor
825 2259 926 2292 esset,
957 2258 990 2283 et
1013 2252 1071 2294 qui
1094 2252 1242 2293 aliquam
1268 2252 1396 2283 tribum
1420 2264 1482 2295 per
1505 2253 1760 2284 consensionem
1784 2255 1877 2296 turpi
1900 2256 2080 2297 largitione
2102 2268 2260 2289 corrum-

365 2312 474 2349 peret.
518 2306 617 2338 Prius
642 2307 700 2349 qui
725 2306 884 2344 faciebat,
911 2305 946 2335 in
969 2305 1120 2336 ambitus
1143 2304 1271 2335 crimen
1295 2305 1507 2344 incurrebat,
1533 2306 1700 2347 posterius
1726 2307 1784 2349 qui
1807 2308 2041 2347 committebat,
2073 2311 2257 2343 sodalicio-

366 2370 445 2390 rum
465 2370 542 2390 reus
567 2359 677 2390 fiebat.
723 2360 813 2392 Uidc
844 2369 928 2400 quae
956 2358 1042 2388 hanc
1073 2357 1108 2387 in
1132 2368 1204 2387 rem
1228 2357 1360 2399 Proleg.
1385 2359 1426 2389 L.
1451 2359 1511 2388 III.
1538 2359 1575 2389 C.
1600 2359 1659 2389 III.
1689 2360 1718 2400 ἕ.
1744 2370 1773 2390 2.
1797 2371 1830 2401 p.
1854 2361 2015 2391 LXXIV
2039 2373 2112 2403 sqq.
2137 2362 2257 2405 dispu-

364 2412 446 2443 taui.
488 2412 597 2443 Porro
621 2411 724 2443 falsus
749 2418 798 2443 est
820 2410 1015 2450 Ernestius,
1040 2408 1131 2452 quod
1152 2421 1215 2451 pro
1240 2416 1473 2453 corrumperet
1496 2410 1867 2454 plusquaxnpcrsectum
1892 2414 2101 2456 corrupisset
2123 2427 2257 2458 ponen-

365 2464 448 2496 dum
470 2463 575 2496 fuisse
598 2463 739 2494 censuit.
785 2463 906 2495 Refert
930 2463 1067 2500 Cicero,
1103 2461 1184 2503 quid
1211 2462 1353 2493 senserit
1375 2470 1527 2502 senatus,
1564 2464 1657 2494 cuius
1683 2465 1789 2495 oratio
1815 2465 1940 2495 directa
1963 2466 2044 2496 haec
2068 2465 2172 2498 fuerit
2194 2480 2257 2499 ne-

365 2523 504 2548 cessest:
542 2517 787 2560 cuiuscumque
815 2517 927 2548 tribus
950 2516 1102 2558 largitor
1125 2519 1193 2552 cst,
1229 2521 1260 2546 et
1284 2528 1387 2558 quam¹
1411 2517 1555 2559 quisque
1579 2516 1707 2548 tribum
1729 2536 1771 2542 —
1797 2519 2007 2561 corrumpit,
2042 2520 2071 2550 is
2094 2532 2254 2553 maxume

363 2570 408 2601 iis
428 2586 471 2592 —
502 2574 552 2601 est
580 2575 692 2601 notus.
739 2569 871 2611 Quodsi
899 2569 935 2599 in
965 2567 1118 2599 oratione
1151 2567 1278 2598 directa
1311 2567 1511 2598 indicatiuos
1544 2569 1729 2610 praesentis
1760 2577 1832 2601 erat
1859 2572 2010 2613 positus,
2040 2572 2077 2602 in
2100 2574 2254 2605 oratione

362 2621 501 2663 obliqua
525 2621 748 2663 praecedente
771 2628 926 2664 tempore
949 2620 1097 2652 notionis
1120 2620 1322 2663 praeteritae
1347 2626 1609 2652 consentaneum
1635 2628 1721 2662 erat,
1754 2629 1792 2654 ut
1815 2624 2047 2655 coniunctiuos
2073 2624 2254 2667 inperfecti

361 2679 559 2717 poneretur.

446 2727 495 2758 Et
514 2738 579 2768 per
601 2727 690 2758 lzcmc
714 2727 985 2765 consensionem,
1020 2739 1107 2771 quae
1128 2727 1243 2770 magis
1266 2727 1403 2759 honeste
1427 2739 1531 2770 quam
1554 2739 1634 2759 uere
1657 2729 1825 2761 sodalitas
1846 2730 2094 2771 nominaretur)
2139 2731 2253 2763 Athe-

361 2779 413 2811 nis
444 2779 545 2809 etiam
575 2779 739 2820 quaedam
768 2778 908 2810 fuerunt
932 2780 1075 2812 σπονδαὶ
1100 2781 1267 2821 ἑταιρειῶν
1291 2779 1350 2813 ἐπ’
1374 2777 1492 2824 siplae,
1528 2787 1565 2811 ut
1585 2781 1679 2812 Plato
1708 2783 1848 2813 tradidit
1870 2783 1906 2814 in
1931 2784 2116 2815 Theaeteto
2142 2785 2172 2825 ξ.
2199 2786 2249 2826 78.

359 2830 562 2864 Heindorf..
603 2831 865 2862 GARATONIUS.
910 2833 1001 2864 Male
1032 2833 1209 2863 Schutzius
1236 2833 1270 2863 in
1296 2833 1368 2864 Ind.
1393 2834 1469 2864 Lat.
1499 2835 1751 2866 consensiomm
1782 2836 1929 2877 explicat
1951 2837 2056 2867 uerbo
2081 2838 2250 2871 coitionis.

358 2883 448 2917 Uide
471 2883 604 2925 Proleg.
630 2885 673 2916 L.
696 2885 757 2915 ΙΙΙ.
786 2885 823 2916 C.
848 2886 908 2916 III.
936 2887 965 2927 §.
993 2897 1022 2917 2.
1049 2898 1084 2928 p.
1107 2886 1249 2918 LXXV
1272 2898 1339 2927 sq..
1387 2886 1611 2918 Consensione
1641 2887 1695 2917 hic
1719 2899 1774 2918 eos
1803 2888 2002 2929 significari,
2050 2901 2132 2930 quos
2168 2900 2248 2922 can-

358 2935 466 2968 didati
489 2935 553 2966 sibi
578 2936 620 2967 ad
645 2937 880 2979 consequenda
903 2939 1023 2981 populi
1047 2938 1206 2980 suffragia
1232 2939 1480 2977 conciliassent,
1514 2950 1581 2969 uno
1606 2939 1711 2970 uerbo
1736 2941 1882 2979 sodalis,
1910 2953 1952 2972 ex
1976 2942 2130 2972 membro
2154 2942 2249 2973 adie-

358 2995 411 3020 cto
436 3000 523 3032 quae
544 3006 588 3012 --
609 2990 847 3022 nominaretur
874 2991 1053 3022 manifesto
1083 2997 1235 3034 apparet.
1282 2991 1447 3022 Similiter
1479 3002 1575 3021 sensu
1608 2993 1874 3034 conspirationis
1902 2993 2046 3023 uerbum
2069 2994 2146 3025 illut
2170 3006 2246 3026 cum

355 3041 437 3073 alibi
461 3047 662 3083 usurpatur,
686 3048 759 3072 tum
783 3043 817 3073 in
842 3044 943 3075 Uerr.
968 3045 1012 3082 V,
1038 3055 1067 3086 9.
1115 3045 1266 3076 IVulline
1288 3050 1401 3076 motus
1424 3044 1460 3075 in
1484 3044 1607 3075 Sicilia
1634 3056 1814 3077 seruorum
1829 3052 1993 3089 praetore
2021 3047 2139 3085 [ferre.
2165 3048 2246 3079 nul·

356 3095 453 3128 laene
472 3095 706 3126 consensiones
716 3094 841 3137 factae
864 3097 1056 3128 uidentur?

441 3148 493 3179 Iis
517 3147 726 3188 hominibus,
758 3149 818 3190 qui
841 3150 914 3179 eius
938 3149 1049 3180 tribus
1073 3148 1195 3191 essent)
1241 3149 1280 3180 Id
1305 3155 1353 3180 est
1377 3149 1435 3187 iis,
1460 3148 1517 3190 qui
1542 3160 1609 3180 non
1632 3156 1711 3181 sunt
1734 3151 1899 3193 corrupti.
1944 3151 2032 3182 Nam
2059 3151 2117 3192 qui
2144 3152 2244 3184 soda-

354 3199 512 3230 liciorum
535 3211 612 3230 reus
636 3206 720 3239 erat,
745 3201 897 3232 minume
921 3201 1076 3232 omnibus
1100 3202 1207 3233 tribus
1234 3202 1438 3245 cuiuspiam,
1464 3214 1564 3243 quam
1587 3201 1677 3233 ferre
1701 3204 1894 3246 cupiuerat,
1924 3203 2118 3235 hominibus
2142 3216 2244 3237 num-

353 3264 426 3283 mos
449 3252 598 3284 dederat.

438 3304 610 3337 Acerbum
623 3306 760 3337 omnino
776 3318 889 3349 genus
906 3305 1029 3348 iudici)
1046 3306 1116 3337 Cur
1130 3307 1288 3339 acerbum
1305 3308 1358 3348 sit,
1375 3307 1447 3350 ipse
1459 3306 1577 3339 Cicero
1595 3308 1632 3339 C.
1647 3309 1746 3340 XVI.
1765 3309 1793 3349 ἕ.
1810 3308 1861 3340 40.
1878 3308 2063 3342 accuratius
2080 3310 2237 3353 explicat.

1784 3370 1787 3375 ¹
1801 3365 1817 3388 S
