2185 2720
145 153 258 183 LXIV
742 148 766 177 P
786 148 816 177 R
836 147 865 176 Ο
885 147 913 177 L
933 147 960 176 E
982 146 1011 176 G
1032 147 1060 175 O
1081 146 1124 176 M.
1182 145 1220 174 L.
1247 144 1287 174 11.
1314 145 1349 174 C.
1376 145 1416 174 11.

149 228 232 266 quod
251 226 350 256 cuiuis
370 223 521 264 liquebit,
547 222 600 261 qui
626 222 679 252 uel
699 221 801 251 obiter
828 231 898 251 cum
918 222 974 258 iis,
1001 230 1077 260 quae
1096 218 1187 249 modo
1206 223 1457 258 praecesserunt,
1484 218 1523 248 nd
1541 227 1672 257 quorum
1692 219 1933 250 similitudinem
1953 225 2027 250 sunt

149 275 263 310 efficta,
284 272 515 313 conparauerit:
535 276 593 299 aut
613 271 729 299 amicos
749 275 834 306 tuos,
861 276 919 298 aut
937 269 1080 299 inimicoo
1099 277 1195 301 meo-5,
1221 272 1280 295 aut
1301 266 1431 306 denique
1451 276 1516 300 εοε,
1541 276 1615 305 quos
1636 268 1856 303 inexorabilis,
1883 279 1956 307 quos
1976 271 2028 297 in-

149 323 319 355 humanos,
339 332 411 360 quos
431 319 565 348 crudelis
585 320 756 347 existumes.

224 368 361 398 oss‘cnsio
381 372 492 403 autem,
512 375 571 405 qua
589 365 690 405 premi
709 364 785 393 haec
804 363 899 392 uerba
919 363 1000 399 dico,
1018 361 1053 391 in
1073 371 1109 391 eo
1129 361 1259 400 positast
1278 360 1370 400 quod,
1385 371 1453 390 cum
1474 360 1645 390 secundum
1664 360 1836 390 membrum
1852 364 1975 401 iniquos
1989 377 2028 384 —

151 428 286 448 meorum
310 425 367 454 per
394 415 446 443 uec
470 413 654 452 particulam
678 411 780 451 primo
808 415 887 439 essct
912 411 1084 446 adnexum,
1117 409 1246 438 tortium
1269 419 1326 448 per
1346 409 1488 448 copulam
1507 411 1572 447 {que
1593 407 1727 436 secundo
1750 408 1890 437 adicitur.
1930 410 2029 448 Atqui

149 466 247 495 isdem
267 461 427 502 particulis
445 461 587 499 profecto
607 459 684 488 haec
703 459 764 487 tria
783 458 919 486 membra
938 468 956 486 a
974 467 1007 486 se
1026 456 1162 485 inuicem
1182 455 1301 494 diiungi
1322 456 1492 492 debebant,
1513 454 1770 494 quemadmodum
1789 455 1823 484 in
1841 456 2028 485 anteceden-

151 514 234 543 tibus
252 515 338 540 recte
357 509 494 538 membra
512 508 568 537 ina
587 506 669 535 idem
688 505 830 534 sonantia
849 510 906 533 aut
924 504 1080 543 particula
1098 513 1114 532 a
1134 513 1166 531 se
1184 503 1325 532 seiuncta
1342 507 1423 532 sunt.
1449 503 1554 540 Atque
1573 504 1625 531 uel
1643 502 1798 541 particula
1816 508 1887 531 aute
1905 505 2030 541 iniquos

151 560 252 600 posita
272 568 309 587 eo
328 557 399 596 plus
418 557 511 585 habet
531 552 725 589 offensionis,
754 563 824 581 cum
842 552 948 581 statim
967 556 1111 591 sequatur
1132 549 1236 580 eadem
1264 549 1420 589 particula
1438 554 1509 589 post
1527 550 1650 588 iniquos
1670 549 1780 587 posita.
1821 550 1921 586 Quam
1940 560 2030 588 aspe-

151 609 276 638 1·i*atem
302 604 451 633 orationis
477 611 643 641 numquam
669 600 748 629 mihi
767 599 961 639 persuadebo
989 599 1174 628 Ciceronem
1200 597 1279 634 sibi,
1311 597 1398 626 nulla
1425 601 1553 635 cogente
1579 596 1782 632 necessitate,
1808 597 2031 635 permissus-mn

152 655 257 685 fuisse.
295 653 343 680 Ac
371 654 533 679 senserunt
558 643 625 678 eam
650 648 712 677 iam
732 647 919 677 Garatonius
947 652 979 676 et
1005 646 1162 682 Orellius,
1187 655 1296 675 uerum
1322 654 1395 684 quas
1420 643 1576 673 tollendae
1604 643 1670 672 eius
1696 643 1832 672 rationes
1859 644 2031 680 iniuerunt,

156 712 205 731 eas
233 698 359 739 probari
387 708 450 725 nou
476 707 582 735 posse,
616 696 651 725 in
683 694 904 725 commentario
931 705 948 724 a
967 704 1016 724 me
1036 694 1317 723 demonstratumst.
1355 692 1461 730 Itaque
1482 700 1558 730 quae
1577 690 1675 719 uerba
1694 700 1757 719 non
1776 691 1900 720 inutilia
1920 691 2030 727 solum,

155 754 201 778 set
220 747 348 777 molesta
367 745 459 774 etiam
479 749 511 774 et
529 743 657 774 horride
677 743 759 774 dicta
778 743 930 780 uidimus,
951 753 986 773 ea
1005 751 1069 772 non
1089 740 1199 771 dubito
1219 739 1294 780 quin
1314 738 1496 778 interpretis
1516 737 1757 768 additamentum
1776 738 1939 769 iudicanda
1957 738 2028 768 sint.
