2185 2720
565 106 665 136 PRO
695 106 769 136 CN.
795 105 1044 136 PLANCIO.
1074 105 1175 135 CAP.
1195 103 1357 135 XXVIII.
1377 105 1508 135 XXIX.
1529 106 1645 136 XXX.
2013 112 2049 139 41

154 183 251 216 istius
273 188 408 216 tantum
430 181 609 222 meritum,
654 181 793 224 inquit?
831 193 874 213 an
897 180 976 223 quia
1000 186 1034 212 te
1057 191 1126 212 non
1147 179 1342 222 iugulauit?
1384 179 1491 214 immo
1514 194 1615 224 uero,
1657 182 1736 225 quia
1757 181 1905 224 iugulari
1930 193 2046 225 passus

151 248 222 268 non
244 242 305 268 est.
350 236 429 278 Quo
454 235 592 278 quidem
613 241 652 266 tu
674 235 768 274 loco,
802 234 912 275 Cassi,
947 233 1048 265 etiam
1070 232 1223 275 purgasti
1245 231 1401 264 inimicos
1425 246 1537 276 meos,
1573 247 1736 279 meaeque
1758 235 1849 267 uitae
1871 235 1980 267 nullas
2003 235 2045 266 ab

149 288 218 321 illis
241 288 380 320 insidias
402 287 507 319 fuisse
530 286 659 318 dixisti.
702 287 822 319 Posuit
844 287 910 319 hoc
936 286 1027 318 idem
1050 285 1256 317 Laterensis,
1304 284 1538 326 Quamobrem
1564 288 1605 320 de
1631 290 1696 322 isto
1719 288 1822 332 paulo
1844 293 1923 330 post
1945 287 2043 329 plura

149 341 276 380 dicam3
319 341 361 372 de
383 347 418 372 te
440 346 573 371 tantum
595 339 752 381 requiro,
790 346 909 371 utrum
934 344 1035 382 putes
1061 337 1179 369 odium
1202 337 1238 368 in
1266 348 1322 368 me
1347 337 1520 369 mediocre
1543 340 1763 373 inimicorum
1789 339 1909 372 fuisse:
1951 339 2043 382 quod

146 391 214 426 fuit
232 394 385 425 ullorum
408 403 571 434 umquam
595 391 820 424 barbarorum
842 398 913 423 tam
935 391 1071 422 inmane
1093 401 1131 421 ac
1153 396 1223 421 tam
1246 389 1384 420 crudele
1407 390 1443 422 in
1465 392 1626 426 hostem?
1664 407 1706 426 an
1729 394 1834 425 fuisse
1855 393 1891 424 in
1914 392 1955 423 iis
1978 391 2042 422 ali-

147 457 249 488 quem
271 452 330 477 aut
350 444 460 476 famae
481 449 612 475 metum
634 451 693 476 aut
721 456 867 488 poenae,
904 455 1052 486 quorum
1077 442 1193 474 uidisti
1222 448 1296 473 toto
1325 442 1386 473 illo
1408 455 1497 475 anno
1520 443 1651 477 ferrum
1676 447 1711 477 in
1733 446 1827 486 foro,
1866 444 2041 475 flammam

143 499 182 531 111
205 498 372 538 delubris,
395 497 466 528 uim
490 496 526 527 111
550 503 621 528 tota
643 497 729 528 urbe
750 497 904 529 uersari?
937 496 1003 528 nisi
1024 495 1114 527 forte
1137 495 1340 532 existumas,
1372 507 1428 527 eos
1452 495 1581 528 idcirco
1603 499 1693 530 uitae
1714 511 1814 530 meae
1837 497 2039 540 pepercisse,

144 551 237 594 quod
259 551 301 582 de
323 549 437 582 reditu
462 560 539 580 meo
562 549 651 580 nihil
677 549 847 581 timerent.
892 549 939 581 Et
968 559 1173 591 quemquam
1195 554 1294 591 putas
1317 547 1422 580 fuisse
1444 554 1514 580 tam
1539 551 1744 591 excordem,
1782 551 1840 592 qui
1863 550 1951 581 uiuis
1975 549 2038 589 his,

142 610 252 638 stante
273 603 358 635 urbe
377 608 411 633 et
433 601 527 632 curia
550 601 744 633 rediturum
766 608 840 641 ine,
864 600 893 632 si
915 600 1088 641 uiuerem,
1112 612 1182 632 non
1201 602 1362 642 putaret?
1409 601 1643 643 Quamobrem
1669 614 1739 634 11011
1762 602 1862 633 debes
1884 602 1912 633 is
1934 602 2038 633 homo

141 662 176 688 et
196 656 224 688 is
248 655 330 687 ciuis
356 654 572 699 praedicare,
604 654 713 685 uitam
733 665 863 694 meam,
897 665 982 696 quae
1005 653 1168 685 fidelitate
1190 653 1379 685 amicorum
1402 661 1600 687 conseruata
1622 656 1683 697 sit,
1718 655 1938 687 inimicorum
1961 666 2037 685 mo-

141 708 248 741 destia
270 720 341 740 non
366 719 437 739 esse
462 706 659 750 adpetitam.

226 761 349 793 XXX.
383 759 612 802 Respondebo
635 759 699 791 tibi
721 770 828 798 nunc,
868 758 1080 798 Laterensis,
1115 758 1229 790 minus
1252 757 1396 791 fortasse
1419 759 1659 802 uehementer,
1699 774 1800 805 quam
1822 761 1879 792 abs
1902 766 1937 792 te
1958 770 2032 792 sum

140 819 356 858 prouocatus,
382 818 433 844 set
455 811 609 854 profecto
633 823 695 842 nec
718 810 927 843 considerate
949 811 1062 842 minus
1088 823 1150 843 nec
1163 811 1276 842 minus
1299 811 1416 843 amice.
1462 814 1552 844 Nam
1574 814 1726 855 primum
1749 815 1828 845 illut
1849 813 1915 845 suit
1938 825 2034 856 aspe-

139 868 228 907 rius,
259 877 315 897 me
340 877 426 909 quae
449 866 490 896 de
513 864 649 896 Plancio
674 864 822 895 dicerem
844 862 984 894 mentiri
1013 870 1047 894 et
1078 863 1242 906 temporis
1273 875 1393 895 caussa
1421 864 1560 907 fingere.
1607 866 1743 897 Scilicet
1769 867 1872 897 homo
1900 866 2032 908 sapiens

139 919 341 962 excogitaui,
367 918 589 961 quamobrem
611 914 749 946 uiderer
773 915 943 947 maxumis
968 915 1109 947 benefici
1132 915 1253 948 uinclis
1278 917 1469 957 obstrictus,
1493 929 1569 949 cum
1594 918 1682 950 liber
1705 930 1810 950 essem
1835 925 1868 950 et
1890 919 2031 950 solutus.

140 972 235 1014 Quid
257 971 373 1004 enim?
400 970 488 1003 mihi
505 969 548 1001 ad
572 967 825 1001 defendendum
846 967 1024 1000 Plancium
1045 979 1169 1012 partun
1190 969 1335 1011 multae,
1368 981 1492 1013 parum
1514 971 1623 1003 iustae
1648 972 1911 1003 necessitudines
1936 977 2031 1002 eraut

211 1142 243 1167 te
269 1138 351 1175 11011)
379 1139 432 1167 Mc
461 1149 519 1167 non
550 1144 586 1166 te.
606 1153 644 1159 —
681 1136 848 1176 iugulauit)
878 1137 902 1167 C
930 1141 962 1166 et
987 1138 1016 1166 T
1047 1139 1208 1176 uigilauit.
1227 1153 1265 1160 —·
1303 1137 1412 1178 immo)
1431 1139 1463 1167 D
1485 1151 1563 1177 uno,
1596 1146 1644 1171 set
1670 1150 1763 1179 marg.
1792 1140 1853 1170 ads.
1882 1141 1940 1169 alii
1967 1141 2027 1168 imo

138 1195 218 1214 uero.
237 1200 275 1206 —-
319 1184 468 1225 iugulari)
490 1186 514 1214 C
536 1187 676 1222 aig-ilari.
695 1200 734 1205 -—

210 1232 257 1271 tu)
277 1233 315 1271 χ3
335 1235 378 1261 in.
398 1248 437 1254 -—
474 1232 632 1271 meaeque)
651 1234 700 1262 La
719 1243 788 1260 cum
809 1232 848 1270 gl.
869 1241 985 1270 neque,
1015 1233 1064 1261 Lc
1086 1237 1117 1261 et
1138 1232 1162 1260 C
1184 1243 1294 1270 neque,
1314 1233 1365 1261 Lb
1386 1238 1417 1262 et
1437 1242 1464 1273 ψ
1484 1246 1596 1274 meque.
1616 1250 1655 1256 —
1691 1235 1810 1272 nullas)
1830 1237 1877 1264 La
1897 1245 1966 1263 cum
1986 1235 2026 1273 gl.

134 1281 225 1315 ullas,
245 1280 295 1308 Lb
315 1281 494 1317 nonnullas,
515 1281 562 1309 Le
585 1282 675 1309 ullas.
691 1295 729 1302 —-
766 1280 803 1308 ab
824 1278 902 1318 illis)
920 1280 968 1308 Lc
988 1279 1026 1306 ab
1047 1282 1126 1314 istis,
1147 1280 1191 1307 Pa
1211 1290 1270 1307 om.
1293 1294 1331 1301 ··—·
1368 1281 1491 1318 Posuit)
1509 1283 1557 1310 La
1576 1285 1688 1311 Potuit
1709 1294 1777 1311 cum
1797 1283 1835 1320 gl.
1851 1285 1968 1320 posuit.
1987 1297 2027 1303 -·

133 1327 172 1356 de
198 1328 258 1356 isto
283 1328 390 1366 paullo
418 1328 503 1367 post)
531 1328 558 1355 E
574 1330 672 1365 paulo
697 1335 768 1365 post
795 1328 831 1356 (le
851 1329 918 1355 isto.
938 1341 976 1349 ——-
1014 1326 1119 1365 plura)
1143 1327 1206 1362 Ma,
1234 1327 1292 1362 Le,
1311 1326 1353 1363 D,
1374 1332 1405 1355 et
1425 1329 1458 1357 H
1479 1340 1537 1358 om.
1557 1343 1595 1351 ·-·
1633 1330 1676 1369 te)
1695 1332 1738 1360 Pa
1759 1342 1799 1359 re.
1819 1346 1856 1352 -
1893 1329 2026 1367 tantum)

131 1376 180 1404 Lc
200 1381 313 1404 tamen.
332 1390 370 1397 --
407 1373 525 1414 utrum)
544 1376 597 1403 Ma
621 1376 758 1403 Uterum.
778 1389 817 1394 —
853 1372 956 1412 putes)
976 1375 1021 1402 Pb
1036 1381 1143 1412 putas.
1164 1390 1202 1397 -—
1241 1374 1346 1403 odium
1366 1375 1399 1404 111
1418 1375 1479 1415 me)
1498 1378 1546 1405 La
1565 1380 1599 1406 in
1619 1389 1668 1406 me
1688 1379 1800 1407 odium.
1820 1393 1858 1399 —

207 1422 242 1449 111
261 1432 310 1450 me
330 1422 486 1450 mediocre
506 1437 544 1443 -
563 1421 712 1460 ullorum)
733 1422 787 1457 Pb,
807 1421 859 1456 Pe,
880 1425 911 1449 et
934 1421 962 1448 O
984 1433 1042 1451 oni.
1063 1438 1101 1444 —-·
1138 1422 1274 1450 ullorum
1294 1423 1450 1462 umquam)
1482 1425 1533 1453 Sic
1553 1426 1589 1461 B,
1609 1426 1646 1461 E,
1666 1426 1722 1461 Pb,
1742 1426 1794 1462 Pe,
1815 1430 1845 1454 et
1866 1425 1925 1453 duo
1945 1425 2023 1453 Lal-

131 1469 276 1504 lmnandi,
296 1469 358 1497 nisi
379 1470 461 1507 quod
480 1470 525 1497 Pb
547 1475 577 1498 et
592 1470 634 1497 Pe
655 1471 790 1498 ullorum
811 1469 973 1505 omittunt3
995 1470 1091 1498 ceteri
1112 1471 1246 1498 ullorum
1266 1468 1329 1507 (Ma
1349 1471 1487 1510 illorum)
1506 1473 1653 1501 tarnum?
1672 1475 1814 1512 require,
1835 1479 1941 1501 utrum
1955 1484 2022 1510 plc-

131 1524 176 1546 tes
196 1517 301 1544 odium
321 1528 470 1554 unquam,
490 1517 552 1545 nisi
573 1517 655 1555 quod
676 1517 708 1544 in
722 1517 756 1552 C,
779 1517 817 1550 T,
837 1526 884 1554 χι,
904 1517 932 1552 3,
952 1517 1013 1545 Pal.
1033 1527 1061 1553 2,
1082 1518 1107 1553 6,
1132 1518 1162 1546 S.
1183 1516 1333 1552 Uictoris,
1356 1522 1387 1546 ct
1404 1518 1493 1547 Grnt.
1515 1520 1675 1549 oculorum
1695 1521 1889 1549 aberratione
1911 1521 2020 1549 omissa

131 1569 204 1594 sunt
223 1564 299 1592 haec
318 1565 430 1593 uerba:
451 1565 555 1592 odium
575 1567 609 1592 in
629 1575 675 1591 me
695 1565 845 1592 mediocre
864 1566 1062 1593 inimicorum
1073 1566 1189 1602 ficisse.
1220 1565 1303 1602 quod
1313 1564 1387 1602 fait
1407 1567 1542 1594 ullorum
1563 1569 1711 1596 tantum?
1744 1570 1884 1607 requiro,
1913 1574 2019 1595 utrum

124 1618 227 1651 putes.
267 1611 421 1640 Gruterus
449 1610 572 1648 quidem
595 1612 711 1639 ultuma
732 1616 837 1639 utrum
851 1617 947 1649 pales
965 1621 1029 1640 11011
1050 1612 1175 1640 rettulit
1202 1612 1284 1640 inter
1304 1613 1416 1649 uerba,
1444 1624 1520 1652 quae
1540 1616 1662 1644 monuit
1682 1616 1715 1644 in
1735 1617 1797 1644 suis
1817 1626 1887 1644 11155.
1908 1614 2019 1643 omissa

130 1668 212 1692 esse,
233 1662 280 1686 set
299 1658 332 1686 id
351 1659 418 1687 sine
439 1658 533 1686 dubio
555 1669 662 1687 errore
680 1659 834 1687 factumst.
868 1659 958 1687 Patet
977 1659 1060 1687 enini
1080 1660 1243 1689 librarium
1265 1662 1415 1699 quendam
1436 1672 1452 1689 a
1472 1662 1576 1690 uerbis
1598 1663 1810 1701 superioribus
1831 1669 1936 1691 utrum
1951 1673 2018 1700 pu—

129 1713 173 1736 les
196 1706 234 1734 ad
253 1707 388 1745 repetita
407 1706 463 1734 illa
482 1707 647 1735 aberrasse.
687 1706 817 1734 Gruteri
836 1710 941 1734 notam
959 1707 1038 1734 male
1060 1707 1212 1736 Graeuius
1234 1713 1265 1736 et
1286 1708 1474 1737 Garatonius
1496 1709 1692 1748 interpretati
1713 1716 1792 1739 sunt.
1812 1725 1851 1731 —

202 1753 254 1789 ac)
273 1754 326 1782 Ma
345 1761 411 1783 aut.
427 1769 466 1776 —-
503 1755 582 1790 tam)
602 1755 640 1792 χ5
660 1761 761 1792 atque.
776 1769 814 1777 —-·
850 1753 959 1793 fuisse)
980 1755 1032 1782 Mc
1053 1765 1112 1783 om.
1127 1770 1166 1775 —
1204 1755 1256 1793 iis)
1276 1755 1302 1783 C
1316 1756 1375 1784 Izi-s.
1389 1770 1424 1775 —
1465 1761 1532 1784 toto
1553 1757 1622 1796 illo)
1642 1759 1704 1794 Ma,
1723 1759 1780 1794 Le,
1801 1758 1843 1794 H,
1864 1762 1894 1786 et
1911 1765 1936 1795 ψ
1952 1763 2016 1786 toto

118 1800 201 1836 jere.
221 1815 260 1821 —
295 1802 394 1839 forte)
417 1802 588 1830 Serum—unt
606 1803 631 1830 B
653 1807 685 1830 et
702 1803 739 1830 E.
759 1817 798 1824 —·
837 1801 1006 1837 existimas)
1026 1803 1078 1830 Ma
1099 1804 1238 1838 estimas,
1260 1804 1311 1830 Mc
1333 1805 1492 1831 existimes.
1508 1819 1547 1826 ——-
1586 1806 1684 1844 meae)
1702 1806 1733 1833 D
1754 1817 1809 1833 mn.
1824 1821 1861 1826 —
1899 1815 2013 1844 peper-

129 1849 221 1884 cisse,
242 1847 335 1887 quod)
360 1851 413 1878 Mc
436 1852 611 1888 pepercisse
631 1851 855 1888 clanffquidem
875 1851 930 1878 secl
947 1851 1112 1888 magnifiee
1133 1851 1169 1878 de
1189 1861 1220 1878 se
1239 1852 1304 1886 ipso
1325 1852 1414 1888 qaod.
1436 1866 1474 1871 —
1511 1851 1593 1879 nihil
1613 1853 1776 1889 timerent)
1803 1853 1854 1880 sie
1873 1854 1898 1881 B
1920 1858 1950 1881 et
1969 1853 2012 1890 E3

126 1894 223 1924 ceteri
243 1905 304 1923 non
323 1898 472 1926 timerent.
487 1913 526 1918 —-
563 1897 606 1924 Et
626 1899 826 1935 quemquam)
843 1899 905 1933 Ma,
925 1898 992 1933 Mb,
1013 1902 1043 1925 et
1057 1898 1104 1926 Le
1124 1899 1166 1925 Et
1187 1907 1283 1935 quem,
1305 1897 1333 1924 T
1353 1899 1395 1926 Et
1415 1909 1610 1937 quamquam.
1623 1915 1661 1922 —-·
1699 1900 1875 1940 excordem)
1894 1902 1924 1929 D
1943 1912 2012 1930 cum

125 1944 164 1982 gl.
184 1945 341 1972 insanum.
362 1960 401 1964 —
436 1945 497 1982 his)
518 1945 542 1974 C
566 1955 624 1973 0111.
643 1959 683 1965 -·
720 1946 797 1974 urbe
819 1950 850 1974 et
869 1943 965 1984 cruia)
984 1946 1037 1974 Ma
1058 1950 1090 1974 et
1108 1946 1156 1973 Lc
1177 1946 1267 1972 curia
1288 1950 1316 1971 et
1337 1945 1430 1980 urhe,
1450 1946 1506 1983 Pb,
1529 1947 1581 1983 Pe,
1603 1947 1642 1983 O,
1663 1952 1694 1976 ct
1716 1948 1741 1976 C
1761 1949 1836 1978 urhe
1856 1951 1955 1978 curia.
1974 1965 2012 1970 —

124 1989 311 2028 rediturum)
332 1990 371 2026 D,
393 1991 427 2026 C,
448 1997 479 2020 et
499 1999 525 2030 ψ
551 1993 755 2021 reddituram.
775 2008 814 2014 —

199 2036 303 2076 debes)
323 2039 384 2075 Mc,
404 2040 459 2075 Pb,
480 2040 531 2076 Pc,
552 2040 581 2076 S,
603 2040 641 2074 T,
662 2041 710 2078 23,
731 2045 761 2068 et
777 2048 802 2078 ψ
818 2039 914 2068 dehet.
928 2054 966 2061 -
1004 2040 1031 2068 15
1048 2040 1142 2077 -15)
1162 2041 1214 2069 Mc
1234 2040 1285 2069 Itis
1298 2056 1338 2061 -
1351 2040 1417 2077 his,
1437 2041 1468 2069 D
1489 2041 1551 2070 hiis
1564 2057 1603 2064 —
1616 2042 1686 2071 hiis.
1701 2057 1741 2065 ·—
1778 2044 1820 2084 et)
1839 2047 1880 2074 Pa
1899 2055 1957 2073 om.
1972 2060 2010 2066 —

122 2086 304 2123 amicorum)
324 2087 366 2114 Pa
385 2090 508 2116 amieos.
527 2102 566 2108 -—-
605 2089 800 2124 conseruata)
827 2088 888 2124 Ma,
909 2088 967 2123 Pb,
998 2093 1029 2116 et
1048 2089 1090 2117 Pc
1110 2094 1254 2121 seruata,
1288 2088 1336 2116 Le
1356 2088 1529 2119 obseruata.
1549 2105 1587 2111 —
1622 2090 1786 2130 modestia)
1806 2093 1847 2128 B,
1874 2092 1918 2128 E,
1946 2094 2008 2126 Bia,

122 2135 190 2169 Mb,
209 2134 271 2165 Mc,
291 2133 348 2166 La,
369 2140 404 2171 ψ,
423 2133 485 2168 Er„
506 2138 537 2161 et
558 2135 612 2163 Gr.
633 2147 701 2164 mss.
722 2138 882 2169 molestia;
902 2136 945 2164 Pa
964 2144 1030 2171 01113
1051 2144 1087 2172 χι
1111 2137 1302 2171 ηιοίεείίαηι,-
1327 2146 1346 2167 ς
1366 2137 1554 2165 modestiam.
1573 2153 1612 2158 —
1651 2149 1715 2167 11011
1735 2139 1811 2176 esse)
1831 2141 1872 2168 Pa
1892 2150 1950 2168 om.
1970 2155 2008 2160 —

197 2181 232 2209 C.
253 2180 367 2208 XXX.
396 2180 423 2220 §.
446 2190 490 2215 72.
521 2181 742 2222 Respondebo)
768 2184 825 2217 La,
851 2184 902 2218 Pa,
924 2189 954 2212 et
974 2189 1000 2220 ’ψ
1019 2183 1206 2220 Responcleo.
1227 2198 1266 2203 —
1305 2193 1404 2219 1111110,
1431 2183 1550 2223 Later.)
1577 2186 1632 2214 Mb
1658 2186 1839 2214 Laterensis
1859 2197 1949 2215 nune.
1968 2202 2006 2209 —

122 2230 236 2266 minus)
255 2230 309 2257 Mc
328 2240 386 2257 0111.
405 2243 444 2249 ——
482 2230 679 2269 prouocatus)
698 2232 750 2259 Ma
770 2237 906 2259 uocatus.
925 2247 964 2253 —
1003 2240 1060 2258 nec
1089 2230 1183 2269 cons.)
1210 2231 1259 2258 Lb
1287 2242 1348 2259 non
1374 2233 1574 2261 considerate.
1593 2248 1632 2253 ——·
1670 2243 1727 2260 nec
1752 2232 1866 2272 miuus)
1895 2235 1948 2262 Ma
1974 2238 2005 2262 et

123 2278 153 2306 D
175 2288 242 2312 om,
261 2277 309 2305 La
329 2288 426 2314 neque
445 2278 557 2304 minus.
577 2292 614 2298 —
652 2277 731 2305 illud
750 2277 822 2314 fuit)
849 2279 875 2306 E
888 2279 962 2316 ficit
981 2279 1069 2306 illud.
1088 2293 1127 2298 --
1164 2288 1229 2314 me,
1256 2277 1346 2317 quac)
1374 2280 1416 2307 Pa
1435 2290 1570 2317 nequae,
1597 2279 1629 2306 D
1649 2290 1762 2317 meque.
1780 2295 1819 2300 --
1858 2280 2003 2320 dicerem)

121 2326 169 2354 La
188 2335 254 2360 om,
281 2331 308 2362 ψ
328 2326 437 2352 (licere.
456 2338 494 2344 --·
532 2323 667 2362 uiderer)
688 2325 712 2352 C
733 2329 764 2352 et
783 2326 821 2362 χ5
841 2326 991 2358 uiderem,
1019 2326 1062 2353 Pa
1083 2326 1208 2354 iudices.
1227 2341 1267 2346 -
1304 2325 1462 2365 beneficii)
1487 2328 1537 2356 Lb
1559 2333 1589 2355 et
1609 2328 1648 2364 23
1667 2327 1833 2363 beneficiis.
1852 2342 1891 2349 —-
1929 2328 2002 2356 uin-

119 2368 189 2406 clis)
208 2370 258 2397 Sic
273 2370 318 2408 E,
339 2372 375 2399 de
393 2372 418 2399 B
438 2376 575 2406 tacetur,
596 2372 691 2399 ceteri
712 2373 857 2402 uim-alis.
870 2388 908 2394 —-
927 2372 1107 2408 obstrictus)
1127 2374 1172 2401 Pb
1194 2379 1224 2402 et
1240 2376 1280 2403 Pe
1301 2375 1476 2402 absh-ictas.
1492 2390 1529 2397 ——-
1566 2374 1698 2413 solutus)
1717 2374 1758 2402 Fl
1781 2375 1949 2404 absolutus.
1964 2391 2003 2397 -

194 2428 302 2455 parum
329 2417 457 2457 multae)
488 2418 544 2454 Pb,
571 2419 623 2455 Pc,
655 2423 685 2446 et
712 2419 750 2457 χδ
777 2429 836 2447 0111.
861 2434 899 2440 --
937 2420 1037 2459 erant)
1065 2421 1091 2449 C
1119 2427 1225 2449 essent.
1251 2436 1290 2443 —-

1550 2473 1584 2501 18
