2185 2720
159 141 289 171 LXXII
815 139 1346 172 PROLEGOMENA.

159 222 190 245 ct
209 215 323 245 Bibulo
344 224 420 244 coss.
440 213 474 242 in
494 222 607 242 annum
626 220 822 253 sequentem3
858 226 948 254 quem
968 216 1060 245 etiam
1082 215 1212 244 eundem
1232 215 1361 254 putabat
1381 223 1446 242 esse
1466 223 1534 242 cnm
1554 223 1607 251 eo,
1635 214 1672 245 de
1691 226 1751 255 quo
1771 217 1884 246 Brutus
1905 216 1941 245 ad
1962 216 2028 245 Cic.

159 273 205 301 ep.
227 263 299 290 VL:
319 263 454 292 Flauius
473 266 575 289 noster
593 261 631 290 de
651 265 879 300 controuersia,
901 274 996 301 quam
1013 263 1107 291 hahet
1126 273 1196 291 cum
1214 261 1448 300 Dyrrhachinis
1467 260 1727 298 haereditariam,
1745 267 1876 302 sumpsit
1897 271 1924 293 te
1945 265 2032 293 iudi-

159 321 223 338 cem
242 315 310 338 etc..
350 309 426 337 Noli
439 309 513 345 pati
539 318 560 336 α
586 313 768 339 necessariis
794 312 858 338 tuis
884 311 1053 338 necessario
1080 320 1145 338 meo
1171 311 1325 338 iniuriam,
1339 309 1425 345 fieri.
1463 307 1513 335 De
1534 307 1593 335 isto
1615 308 1764 346 denique,
1790 320 1851 345 non
1872 317 1973 340 autem
1993 311 2031 339 de

160 357 194 385 C.
216 357 325 385 Flauio
346 355 453 384 Planci
474 354 663 394 quaesitore,
682 356 732 385 uir
752 367 885 385 summus
906 367 976 385 eum
1001 367 1160 385 nummum
1185 355 1401 393 intellegebat,
1431 354 1464 382 in
1493 365 1552 392 quo
1573 354 1686 392 legitur
1707 357 1738 384 C.
1758 358 1890 387 Flauius
1909 361 2031 397 legalus

155 414 215 441 pro
229 409 386 441 praetore,
406 412 475 430 cum
491 403 606 431 Brutus
623 409 701 431 esset
714 404 746 431 in
768 404 906 443 inperio;
926 414 1016 442 quem
1036 414 1192 432 nummum
1213 412 1269 431 nos
1290 412 1411 441 quoque
1431 402 1469 429 ad
1488 402 1544 430 III.
1559 402 1591 430 iu
1608 402 1700 432 Uerr.
1724 405 1765 432 18.
1785 405 2032 434 conmemoraui-

158 461 235 479 mus.
260 450 305 479 At
323 451 418 479 celeb.
434 450 585 479 Ernestus
602 450 635 479 in
651 450 719 478 Iud.
736 451 820 480 Hist.
835 457 880 480 est
896 451 1078 490 suspicatus,
1094 451 1128 479 in
1141 450 1301 479 Plancium
1322 449 1474 488 quaesisse
1489 450 1524 478 C.
1543 449 1632 478 illum
1649 451 1802 487 Flauium,
1819 452 1910 480 Bruti
1928 453 2032 491 persa-

159 497 320 533 milium,
349 503 380 527 et
400 498 594 537 optimatium
616 507 735 526 caussae
755 498 884 536 inpense
903 498 1068 534 fauentem,
1089 497 1126 525 de
1147 508 1207 535 quo
1227 496 1422 532 Plutarchus,
1447 500 1478 524 et
1496 496 1602 535 Nepos
1623 497 1655 525 in
1677 498 1774 526 Attio.
1795 508 1821 526 c.
1842 498 1924 527 VII..
1964 498 2031 537 Ego

159 554 235 573 uero
259 545 380 574 nullum
400 545 498 574 adhuc
519 545 610 574 uideo
633 545 666 573 C.
687 545 845 581 Flauium,
871 556 962 584 quem
981 556 1061 574 amio
1081 545 1264 574 DCXCIX.
1284 542 1393 583 (700.),
1419 554 1479 582 quo
1507 543 1676 573 iudicatum
1696 544 1733 573 de
1753 545 1879 574 Plancio
1899 545 1974 581 fuit,
1994 555 2031 574 eo

159 591 336 630 splendore,
353 593 503 631 dignitate
517 592 614 622 fuisse
628 592 765 627 sciamus,
786 598 820 621 ut
836 593 1040 631 quaesitorem
1058 603 1074 620 a
1088 592 1259 620 Laterense
1277 592 1394 620 editum
1410 591 1451 619 sit
1466 591 1646 620 uerisimile.
1667 592 1783 621 Confer
1800 603 1876 631 qnae
1895 593 1933 621 ad
1952 603 1977 621 c.
1989 603 2032 630 17.

160 639 392 677 disputauimus.
413 640 537 675 Nescio,
553 640 665 678 quibus
681 639 718 668 de
733 640 844 668 caussis
859 640 983 669 Flauios
997 640 1067 668 illos
1075 640 1270 668 Burmannus
1287 638 1477 668 distinxerit.
1497 638 1561 676 Qui
1573 639 1665 667 XIII.
1683 639 1719 667 ad
1729 639 1803 668 Diu.
1818 641 1863 669 31.
1885 649 2032 668 conmen-

160 686 266 723 datur,
299 698 423 726 operam
442 698 514 716 sane
532 687 639 726 potuit
656 696 769 715 nauare
791 687 898 715 Tullio
919 687 1055 723 consuli3
1089 692 1136 716 set
1162 686 1244 715 idem
1270 687 1369 715 multo
1389 691 1461 725 post
1481 696 1573 725 eques
1593 691 1712 715 tantum
1731 686 1862 723 dicitur,
1897 686 1956 715 hoc
1976 691 2033 722 est,

159 734 247 762 nullo
268 735 377 773 populi
398 734 518 763 honore
536 745 618 762 usus.
657 734 758 770 Quem
777 735 893 763 Brutus
913 734 1110 770 commendat,
1137 733 1163 762 is
1183 734 1264 762 idem
1284 734 1410 762 uidetur
1429 744 1511 770 esse,
1538 733 1576 762 de
1596 744 1656 772 quo
1678 733 1876 770 Plutarchus3
1900 739 2033 772 uterque

159 779 294 809 hominis
321 791 509 820 praenomen
537 781 670 817 omittit,
698 787 731 810 ut
759 786 834 820 aput
859 781 990 810 Fabium
1011 781 1138 818 Cicer03
1165 786 1212 810 set
1230 779 1312 808 nihil
1332 780 1456 818 laboro,
1482 792 1550 810 cum
1578 791 1594 809 a
1614 780 1780 809 Plutarcho
1806 780 1839 808 in
1858 781 1956 809 Bruto
1976 779 2032 808 LI.

158 829 208 858 hic
230 830 322 858 1101110
347 829 482 872 ἔπαρχος
503 830 564 861 τῶν
585 830 750 872 τεχνιτῶν,
774 832 950 870 praefectus
968 831 1102 870 fabrum
1123 829 1213 859 Bruti
1235 830 1411 867 appelletur
1432 831 1463 859 in
1487 836 1624 859 extremo
1650 831 1705 859 illo
1728 836 1758 859 et
1778 831 1918 859 luctuoso
1942 830 2033 860 Brun·

159 880 317 909 conflictu.
356 881 435 918 Quis
455 887 557 910 autem
577 882 697 910 credat.
730 881 823 910 huius
843 880 960 909 iudicio
981 880 1148 919 praefuisse
1168 879 1343 915 hominem,
1371 881 1424 918 qui
1444 886 1530 910 tanto
1549 886 1622 920 post
1639 885 1781 919 tempore
1800 880 1881 908 nihil
1900 880 2032 918 amplius

158 927 237 963 suit,
256 938 346 966 quam
364 929 538 966 praefectus
558 929 703 958 fabrum?
723 929 876 957 Diuersus
896 928 932 956 ab
953 927 1012 956 hoc
1032 927 1157 956 uidetur
1175 927 1248 962 ille,
1269 926 1322 965 qui
1341 926 1457 964 legatus
1477 938 1534 966 pro
1555 933 1699 966 praetore
1717 927 1795 963 fuit,
1814 927 1848 955 in
1868 937 1928 965 quo
1948 933 2033 956 certe

158 975 258 1004 maior
286 981 331 1004 est
359 976 497 1014 dignitas.
537 977 656 1006 Uerum
681 982 810 1006 aetatem
837 975 929 1004 huius
958 974 1173 1011 honorumque
1199 973 1310 1010 gradus
1339 979 1402 1003 tam
1429 973 1603 1011 incognitos
1629 984 1695 1003 esse
1722 974 1831 1011 uideo,
1858 979 1894 1003 ut
1920 974 1949 1002 ei
1968 984 2032 1003 non

160 1023 298 1052 dubitem
319 1023 353 1052 C.
372 1023 489 1052 Alfium
508 1025 683 1063 praeferre,
720 1023 771 1052 cui
794 1033 874 1051 anno
894 1022 1025 1051 DCXC.
1045 1019 1137 1060 (691.)
1158 1025 1238 1048 aetas
1268 1021 1442 1058 quaestoria
1468 1031 1531 1049 non
1552 1020 1672 1057 deerat,
1694 1021 1846 1050 Cicerone
1866 1031 1943 1058 cos.,
1962 1031 2032 1050 cum

159 1081 240 1099 anno
260 1070 441 1100 DCXCVI.
463 1070 568 1110 (697),
587 1077 622 1099 ut
643 1070 680 1098 ad
699 1080 724 1098 c.
747 1079 790 1105 17.
810 1069 962 1104 uidimus,
982 1067 1155 1107 praetorius
1175 1066 1273 1096 fuerit
1295 1067 1491 1104 candidatus;
1511 1068 1604 1096 immo
1626 1073 1692 1097 erat
1711 1077 1751 1096 ex
1767 1068 1890 1097 ratione
1909 1073 2033 1107 tempo-

159 1119 202 1146 ris
224 1125 366 1156 quaestor
385 1123 450 1146 tum
471 1117 661 1155 designatus,
688 1118 714 1147 si
734 1127 815 1146 anno
836 1127 890 1145 suo
911 1115 1104 1153 magistratus
1124 1119 1194 1143 ante
1213 1119 1389 1152 praeturam
1409 1115 1563 1151 obtinuit,
1589 1115 1719 1143 fortasse
1738 1120 1839 1144 tamen
1858 1115 1918 1143 iam
1939 1125 2033 1153 quae-

158 1165 284 1194 storius.
321 1165 432 1204 Neque
451 1175 526 1194 uero
546 1170 716 1201 necessest,
748 1170 783 1193 ut
802 1164 854 1192 hic
875 1173 996 1202 quoque
1016 1163 1047 1192 C.
1068 1163 1138 1198 Affi’
1165 1162 1317 1199 legamus,
1350 1163 1434 1201 quod
1457 1162 1624 1191 nonnullos
1644 1161 1753 1190 fecisse
1771 1161 1917 1191 uidimus.
1952 1162 2032 1191 Satis

159 1219 205 1242 cst
226 1213 323 1248 enim,
349 1212 506 1241 sacilluma
524 1212 720 1250 minuniaque
746 1211 918 1240 mutatione
942 1210 1062 1248 legere,
1089 1211 1122 1239 C.
1141 1210 1262 1244 Flaue;
1289 1220 1359 1238 cum
1377 1210 1532 1238 Alfiorum
1552 1218 1721 1246 cognomen
1739 1210 1861 1238 Flauus
1880 1220 1898 1238 a
1917 1210 2034 1238 Seneca

160 1260 301 1288 Rhetore
326 1259 486 1298 proditum
514 1258 555 1288 sit
575 1259 724 1288 Controu.
743 1259 830 1298 Epit.
850 1258 881 1294 I,
904 1267 928 1287 1.
949 1263 980 1286 et
999 1257 1063 1293 ΙΙΙ,
1083 1266 1126 1293 7.,
1155 1257 1242 1285 cuius
1269 1262 1368 1286 aetate
1387 1258 1493 1294 Afflus
1519 1256 1642 1294 quidam
1661 1257 1785 1285 Flauus
1811 1256 1952 1293 uiuebat,
1979 1255 2034 1295 qui

160 1307 252 1336 huius
273 1307 457 1346 quaesitoris
477 1317 591 1345 nepos,
610 1311 662 1334 aut
689 1306 780 1335 etiam
800 1305 882 1334 filius
903 1315 969 1333 esse
987 1304 1101 1342 potuit.
1140 1303 1288 1333 Eiusdem
1315 1311 1417 1334 autem
1443 1303 1578 1333 hominis
1594 1304 1790 1341 praenomini
1808 1304 1900 1332 modo
1919 1314 2033 1333 nomen

160 1355 276 1391 subici,
296 1355 386 1384 modo
408 1364 594 1393 cognomen,
615 1360 645 1383 et
664 1354 756 1392 uolgo
776 1358 886 1381 notum
905 1357 983 1391 puto
1005 1357 1035 1380 et
1053 1351 1120 1390 ipse
1140 1351 1304 1380 obseruaui
1324 1350 1351 1391 §.
1372 1352 1432 1381 IX.
1450 1352 1581 1380 Excurs.
1602 1350 1640 1379 ad
1659 1350 1912 1380 Cluentianam.“

232 1417 379 1456 Denique
400 1416 586 1446 Garatonius
607 1416 643 1444 ad
663 1415 738 1444 haec
759 1415 846 1444 Tulli
866 1414 972 1450 uerba,
996 1414 1106 1451 Teque,
1127 1413 1158 1442 C.
1178 1413 1288 1448 Flauo,
1308 1413 1342 1442 in
1363 1413 1454 1442 Curis
1475 1411 1624 1441 Secundis
1644 1422 1674 1451 p.
1695 1422 1740 1450 97.
1759 1412 1836 1441 haec
1855 1412 2032 1443 adnotauit:

233 1465 364 1501 „Omnis
390 1465 445 1493 illa
479 1465 516 1493 de
550 1463 668 1492 Flauiis
697 1467 743 1492 cst
777 1462 828 1491 hic
860 1462 982 1491 inutilis
1018 1460 1196 1498 disputatio.
1242 1460 1299 1489 Est
1331 1460 1414 1489 enim
1448 1460 1573 1489 omnino
1601 1459 1636 1487 C.
1664 1459 1765 1487 Alfius
1796 1459 2032 1497 intellegendus,

160 1524 250 1552 quem
275 1523 366 1552 supra
387 1522 411 1540 c.
432 1520 476 1549 17.
505 1511 710 1549 quaesitorem
736 1509 810 1538 huie
837 1510 955 1538 iudicio
982 1517 1123 1547 praeesse
1153 1507 1282 1536 dixerat.
1320 1507 1420 1536 Alfiae
1446 1507 1545 1545 gentis
1574 1516 1744 1544 cognomen
1770 1506 1866 1535 fuisse
1885 1508 2033 1542 Flauum,

160 1566 325 1599 propterea
345 1561 376 1589 C.
396 1560 497 1588 Flaue
516 1558 568 1586 hic
588 1557 751 1595 legendum
771 1557 968 1585 ostendimus,
989 1554 1081 1583 Nihil
1101 1553 1179 1582 mihi
1200 1554 1314 1582 certius
1334 1555 1469 1583 uidetur.
1489 1554 1619 1582 Praetor
1638 1552 1698 1581 hoc
1718 1553 1869 1582 iudicimn
1889 1560 2033 1583 extraor—

160 1608 314 1637 dinarium
333 1607 474 1635 exercuit
493 1606 559 1643 lege
575 1605 700 1633 Licinia
722 1605 823 1634 editus
844 1605 879 1632 ab
901 1608 1091 1632 accussatore
1114 1601 1183 1639 ipso
1205 1601 1368 1639 quaesitor,
1389 1602 1447 1630 etsi
1467 1601 1593 1629 tribulis
1614 1606 1679 1629 erat
1695 1600 1802 1628 Planci
1824 1606 1856 1630 et
1871 1600 2033 1629 Ciceronis

159 1656 282 1684 amicus.
319 1654 446 1689 valuit,
466 1653 594 1692 opinor,
620 1652 756 1680 hominis
776 1653 855 1680 sama
875 1657 905 1680 et
926 1649 1067 1689 probitas
1087 1658 1203 1676 summa
1223 1658 1291 1676 cum
1312 1648 1459 1685 dignitate
1481 1647 1654 1675 coniuncta.
1691 1647 1778 1674 Haec
1798 1647 1832 1675 in
1851 1652 1958 1676 uetere
1976 1647 2033 1676 ad-

160 1703 321 1732 notatione
341 1702 378 1730 ad
397 1712 422 1730 c.
448 1711 490 1735 17.
517 1700 694 1729 luculenter
722 1699 861 1738 exposui.
900 1697 990 1726 Addo
1017 1706 1115 1732 nunc,
1151 1700 1224 1734 aput
1244 1695 1381 1724 Plinium
1401 1695 1459 1723 IX.
1482 1695 1524 1723 H.
1544 1693 1584 1722 N.
1605 1695 1632 1723 8.
1651 1695 1748 1722 Flaui
1767 1694 1866 1731 Affic',
1893 1698 1924 1722 et
1949 1693 2031 1723 libro

160 1751 183 1778 Ι.
205 1751 238 1779 in
258 1755 417 1778 auctorum
436 1747 539 1776 iudice
559 1749 645 1784 Alfio
665 1748 767 1776 Flauo
787 1747 880 1775 MSos
901 1750 932 1773 et
952 1743 1104 1772 editiones
1130 1749 1252 1772 ueteres
1279 1743 1424 1770 scribere.
1464 1740 1557 1777 Quod
1575 1740 1679 1768 nescio
1702 1741 1755 1779 qni
1774 1750 1937 1780 perperam
1956 1751 2031 1780 sup—

161 1803 331 1837 posuerunt
353 1796 463 1824 Flauii
484 1799 515 1822 et
532 1796 662 1830 Flauio,
682 1794 877 1822 Harduinum
898 1791 1063 1820 adsciuisse
1085 1789 1235 1826 demiror,
1256 1800 1324 1818 cum
1344 1789 1447 1818 locum
1473 1788 1563 1816 illum
1584 1788 1717 1816 Senecae
1736 1788 1885 1817 Rhetoris
1905 1788 2031 1825 uiderit,

162 1846 215 1884 qui
234 1845 311 1873 mihi
331 1843 447 1882 primus
468 1841 618 1869 indicium
639 1841 828 1879 cognominis
849 1840 941 1868 huius
961 1838 1059 1867 secit.·
1084 1838 1189 1874 Alfius
1209 1842 1311 1865 autem
1331 1845 1444 1864 nomen
1464 1841 1510 1864 est
1531 1835 1702 1873 Campanae
1724 1836 1906 1864 nobilitatis.
1946 1836 2032 1864 Con-

162 1897 221 1921 stat
241 1902 281 1920 ex
300 1890 395 1919 Liuio
416 1888 544 1923 XXIII,
563 1890 624 1924 35.,
644 1889 698 1916 ubi
718 1890 861 1917 ,Uarium
879 1887 1001 1922 Alfium
1022 1885 1247 1922 Campanorum
1267 1894 1417 1913 summum
1436 1882 1643 1921 magistratum
1665 1882 1833 1923 ducemque
1854 1892 2031 1912 conmemo-

163 1946 217 1970 rat.
257 1939 334 1968 Erat
353 1938 385 1966 in
407 1946 440 1965 ea
459 1935 620 1966 uicinitate
640 1936 740 1965 tribus
761 1935 794 1964 C.
814 1933 878 1963 Alfi
897 1934 987 1963 I'laui
1010 1932 1208 1962 Terentina.‘·‘

984 2111 1011 2145 C
1022 2109 1053 2145 A
1063 2110 1102 2143 P.
1153 2107 1215 2142 III.

344 2207 411 2236 DE
444 2206 581 2236 LEGE
609 2206 832 2242 LICINIA,
861 2204 968 2242 QUA
997 2202 1070 2232 CN.
1098 2198 1361 2231 PLANCIUS
1392 2199 1422 2226 A
1456 2197 1499 2226 M.
1528 2196 1847 2227 LATERENSE

625 2257 1039 2287 SODALICIORUM
1071 2254 1205 2284 REUS
1232 2252 1327 2281 EST
1353 2249 1568 2280 FACTL'S.

240 2345 326 2382 Quae
346 2344 444 2374 adhuc
464 2345 528 2374 uiri
551 2343 634 2373 docti
656 2343 692 2371 de
712 2342 779 2380 lege
798 2341 941 2377 Licinia,
970 2349 1046 2379 quae
1074 2338 1111 2367 de
1140 2337 1295 2366 sodaliciis
1315 2336 1392 2372 suit,
1420 2335 1625 2374 scripserunt,
1653 2344 1688 2362 ea
1713 2338 1744 2361 et
1768 2338 1922 2370 perpauca
1949 2335 2029 2367 sunt,

165 2402 264 2432 neque
283 2401 357 2420 uera
377 2392 517 2427 omnino,
538 2392 581 2420 ita
601 2395 636 2419 ut
655 2390 691 2418 ad
711 2388 953 2427 cognoscendam
977 2387 1053 2424 legis
1074 2386 1160 2413 illius
1181 2385 1331 2414 rationem
1350 2384 1486 2412 minume
1505 2382 1663 2411 sufficiant.
1703 2379 1772 2415 Quo
1793 2378 1887 2415 magis
1906 2378 2029 2407 faciun-

166 2441 237 2469 dum
257 2439 335 2469 mihi
355 2440 479 2479 putaui,
512 2445 547 2468 ut
574 2449 664 2477 quam
684 2447 805 2477 possem
830 2435 1073 2474 diligentissume
1094 2433 1130 2462 de
1151 2443 1188 2462 ea
1206 2431 1256 2461 hic
1278 2440 1480 2471 exponerem,
1512 2426 1695 2469 praesertim
1714 2435 1783 2454 cum
1803 2424 1893 2455 multi
1913 2425 1976 2455 sint
1994 2425 2028 2454 in
