2185 2720
775 130 800 159 c
819 129 848 158 A
868 130 912 158 P.
952 129 1025 158 vn.
1052 127 1079 168 §.
1099 133 1143 161 17.
1161 143 1199 151 -
1218 129 1307 158 vm.
1334 130 1362 170 ς.
1383 135 1428 163 20.
2010 144 2047 172 35

157 205 250 239 nari
276 204 521 244 Plancium,
560 203 669 247 quod
699 216 746 236 ea
774 216 843 237 res
874 216 957 236 non
984 204 1124 235 minus
1156 203 1280 235 etiam
1313 205 1361 236 ad
1391 206 1601 239 honorem
1632 218 1753 239 suum
1782 210 2046 255 pertineret,

157 271 248 291 cum
271 258 559 302 paucissimos
583 258 633 289 de
655 258 744 289 suis
768 258 937 289 ciuibus
960 257 1166 289 haberent
1188 257 1423 289 senatoriis
1446 260 1772 302 magistratibus
1795 262 2045 298 honoratos.

154 309 390 342 Praeterea
413 317 453 342 et
477 310 578 341 hinc
599 310 700 342 istis
724 311 984 342 ciuitatibus
1008 308 1146 340 adicit
1169 308 1491 351 differentiam,
1517 313 1626 354 quod
1650 313 1853 346 Atinates
1876 327 2047 359 semper

154 364 328 395 ciuibus
359 363 450 395 suis
479 362 698 401 fauerant3
742 362 983 394 Tusculani
1014 361 1249 404 plurimum
1279 362 1435 394 liuoris
1470 365 1736 397 naturaliter
1768 366 1893 398 etiam
1926 368 2046 400 circa

152 416 400 458 municipes
423 427 524 447 suos
547 415 754 447 habuisse
776 416 996 447 uidentur.
1043 414 1111 445 Sic
1133 420 1175 444 et
1198 414 1245 446 M.
1271 415 1373 446 Cato
1396 416 1477 446 ille
1501 417 1723 449 censorius
1754 430 1831 461 pro
1853 420 2045 462 maligno

154 475 196 501 et
218 469 369 500 inuido
393 467 567 499 habitus
591 469 705 511 est1).
750 470 837 501 Nec
861 469 992 500 aliter
1015 466 1147 498 etiam
1169 467 1368 499 Lucilius
1396 468 1445 499 de
1469 469 1699 500 eorundem
1721 471 1922 511 ssmoribus
1946 484 2046 504 sen-

154 522 211 554 tit
232 522 313 554 hoc
336 520 502 551 dicens:
525 520 665 562 prima
687 521 901 564 Papiria2)
925 527 970 552 tu
992 519 1316 561 solida1·um³)...
1353 522 1515 553 ScnoLrA
1539 523 1749 555 UATICANA.

237 575 390 617 Propter
412 573 644 616 uicinitatem)
688 574 779 605 Nam
801 573 998 606 Atinatibus
1022 572 1169 604 finitumi
1192 579 1272 604 sunt
1292 574 1490 616 Arpinates.
1535 574 1751 608 INIANUTIUS.

237 626 359 659 Huius
387 643 431 648 ——
459 626 518 658 Ca.
547 626 749 669 Saturnini)
795 625 865 668 Qui
899 625 1040 666 aderat,
1083 631 1123 656 ut
1158 623 1249 657 infra
1286 627 1324 658 C.
1352 626 1434 659 XII.
1466 627 1496 667 ς.
1526 637 1578 669 29.
1618 640 1696 660 cum
1728 629 1791 662 lzoc
1824 629 1883 662 Cn.
1918 630 2045 662 Salar-

155 674 247 711 n'ino.
286 679 507 715 MANUT1US2

237 731 336 764 IVam
368 732 557 763 malenolos
580 743 647 763 non
671 742 742 762 esse
763 735 854 762 certo
877 729 962 771 scio)
1005 731 1096 762 Hoc
1126 729 1290 761 dicitur
1317 729 1363 760 ab
1387 741 1432 761 eo
1462 732 1506 763 ἒν
1528 728 1644 773 ἤθεις
1681 732 1839 775 quippe
1862 744 1953 764 cum
1976 733 2047 765 di-

153 794 328 815 uersum
356 783 565 826 intellegi
593 782 723 821 uelit,
757 781 937 813 simulat
965 789 1112 814 contra
1135 782 1408 814 Tusculanos
1438 783 1748 815 uerecundiam
1774 786 2046 819 maleuolen-

154 836 239 869 tiae
261 848 339 879 neg
351 836 472 867 ation
488 848 517 867 e.
563 836 727 867 SenomA
750 836 959 867 UATICANA.

247 889 491 921 Uelzementizcs
512 900 655 920 suorum
676 888 803 918 honore
825 887 973 928 laetari)
996 887 1048 918 Ita
1070 898 1130 918 cur
1152 886 1358 929 scripserim,
1383 888 1552 930 explicaui
1568 889 1701 931 Proleg.
1714 891 1757 921 L.
1772 891 1815 921 II.
1833 892 1872 924 C.
1888 892 1914 923 I.
1930 894 1959 934 ἕ.
1978 905 2046 928 10..

239 942 269 984 §.
294 953 344 973 20.
389 941 581 984 Habemus)
604 941 654 972 Ut
675 939 843 970 laetemur
864 939 996 971 honore
1018 939 1230 982 municipum
1251 946 1460 971 nostrorum.
1504 942 1720 974 lNIANUTIL‘s.

241 994 340 1034 Quid
359 1005 422 1037 ego
445 994 486 1025 cle
508 1006 579 1032 me,
601 993 643 1024 cle
655 991 779 1036 fratre
804 1004 876 1023 meo
901 993 1061 1036 loquar-P)
1106 993 1301 1024 Pronomen
1324 993 1427 1036 qaid,
1457 993 1547 1035 quod
1573 995 1740 1027 Graeuius
1767 1002 1845 1028 ante
1868 998 1910 1029 de
1921 998 2046 1041 fratre

156 1058 201 1079 ex
223 1047 418 1078 coniectura
439 1044 667 1088 repetendum
690 1043 826 1087 putauit
849 1055 930 1084 esse,
957 1056 1032 1076 cum
1058 1045 1165 1077 codex
1189 1046 1309 1077 habeat
1330 1046 1581 1078 Laurentianus
1605 1047 1781 1087 secundus,
1806 1049 1871 1080 erit
1890 1049 2045 1089 fortasse,

156 1100 212 1132 cui
233 1098 536 1143 reprehendendus
559 1097 696 1137 uidear,
722 1096 814 1139 quod
832 1108 903 1128 non
925 1099 1124 1140 receperim.
1169 1100 1301 1131 Uerum
1324 1097 1404 1128 uide
1426 1098 1559 1140 Proleg.
1582 1100 1624 1130 L.
1649 1101 1692 1131 ΙΙ.
1718 1102 1756 1132 C.
1780 1102 1806 1132 I.
1835 1103 1864 1143 ξ.
1882 1114 1928 1134 1..
1973 1105 2046 1136 Ac-

155 1152 264 1192 cedit,
303 1151 394 1194 quod
417 1162 454 1183 re
479 1150 674 1192 diligentius
702 1149 869 1192 pensitata
892 1162 935 1181 ne
958 1148 1249 1182 accommodatum
1273 1149 1411 1191 quidem
1437 1151 1550 1182 sensui
1572 1153 1650 1184 satis
1675 1160 1735 1185 est.
1779 1155 1919 1185 Faceret
1942 1156 2044 1197 enim,

155 1210 196 1236 ut
217 1205 436 1247 praecipuam
456 1203 529 1234 uim
552 1202 658 1233 uerba
679 1203 721 1234 de
736 1201 856 1245 fratre
871 1216 944 1236 meo
966 1204 1141 1244 haberent,
1167 1214 1251 1246 quae
1273 1214 1343 1233 non
1367 1202 1489 1234 debere
1512 1215 1593 1245 prae
1615 1205 1734 1236 ceteris
1759 1205 1921 1249 distingui
1942 1215 2045 1250 patet.

157 1258 196 1290 Si
219 1257 274 1288 cui
296 1252 491 1290 ἀσύνθετον
514 1255 709 1298 displiceat,
735 1253 888 1287 faciliore
911 1257 938 1288 is
963 1256 1199 1288 emendatione
1223 1262 1255 1288 et
1276 1255 1478 1298 particulam
1501 1255 1612 1287 addat.

241 1311 401 1351 Quorum
440 1309 627 1341 honoribus
668 1309 752 1351 agri
783 1321 894 1353 prope
930 1311 1046 1342 dicam
1082 1310 1151 1353 ipsi
1191 1315 1388 1352 montesque
1421 1307 1612 1350 fauerzmt)
1680 1309 2045 1356 (‘Yns915'o).cua‘ig)

158 1364 237 1396 hoc
273 1362 444 1394 dixisse
478 1361 705 1401 uideatur,
760 1362 849 1393 nisi
885 1361 1231 1404 interposuisset
1271 1360 1619 1403 uigilantissime
1658 1367 2047 1404 temperamentum

154 1414 544 1449 intercedentibus
565 1414 601 1456 ⁴)
640 1413 808 1453 uerbis,
862 1414 972 1456 quod
1010 1414 1070 1445 ait
1105 1425 1240 1457 prope
1284 1413 1437 1445 dicam:
1488 1424 1583 1444 nam
1614 1425 1753 1455 neque
1781 1415 1873 1456 agri
1911 1429 2047 1460 neque

158 1474 328 1501 montes
359 1472 542 1510 possunt
572 1466 732 1498 habere
760 1467 900 1498 ullum
937 1478 1105 1498 sensum
1137 1465 1326 1505 fauoris3
1371 1465 1440 1497 sed
1476 1463 1756 1509 (ἀναίσθητα)
1788 1478 1892 1509 quae
1927 1475 2045 1508 sunt,

157 1521 246 1552 uim
267 1519 522 1552 sententiae
546 1518 692 1551 dehac
714 1519 1018 1551 moderatione
1040 1526 1298 1550 sumserunt.
1323 1520 1485 1550 ScnomA
1501 1520 1709 1551 UATICAXA.
1736 1520 1823 1551 Cum
1837 1531 1897 1562 ego
1912 1521 1957 1552 A.
1974 1522 2046 1553 Mai

160 1572 347 1604 editionem
369 1583 512 1612 nouam,
547 1584 636 1604 anno
659 1573 836 1615 superiore
859 1572 1033 1611 emissam,
1074 1582 1139 1613 qua
1162 1571 1313 1603 eiusdem
1342 1572 1537 1614 interpretis
1560 1571 1800 1610 Ambrosiani,
1835 1584 1937 1614 quem
1961 1573 2045 1614 dixi,

160 1625 267 1657 altera
288 1636 387 1667 pars,
415 1636 500 1667 quae
522 1624 559 1657 in
581 1625 800 1668 palimpsesto
825 1625 990 1658 Uaticano
1013 1624 1122 1662 latuit,
1150 1624 1344 1665 euolgatast,
1368 1624 1420 1655 his
1443 1623 1524 1665 ipsis
1549 1623 1685 1654 demum
1713 1623 1842 1663 diebus,
1864 1631 2047 1667 postquam

161 1678 270 1710 oratio
293 1677 472 1709 Planciana
494 1677 587 1720 typis
617 1678 685 1709 iam
715 1689 838 1709 excusa
860 1684 941 1717 erat,
968 1676 1093 1718 insigni
1114 1676 1295 1716 Niebuhri,
1319 1676 1387 1707 uiri
1410 1676 1644 1714 celeberrumi‚
1668 1676 1870 1708 liberalitate
1891 1684 2047 1709 mutuam

158 1730 364 1774 acceperim:
388 1730 443 1761 hic
465 1729 501 1760 in
524 1732 769 1763 commentario
793 1729 947 1761 lectionis
972 1729 1246 1772 discrepantiam,
1272 1740 1356 1771 quae
1378 1729 1414 1759 in
1437 1729 1572 1760 scholiis
1596 1729 1766 1762 Uaticanis
1790 1735 1856 1769 est,
1883 1730 2047 1762 adnotare

159 1790 291 1816 coactus
313 1794 400 1814 sum.
445 1782 627 1825 Discrepat
647 1789 762 1814 autem
785 1783 938 1826 primum
960 1782 1025 1814 hoc
1046 1783 1121 1814 loco
1145 1783 1185 1814 ab
1210 1793 1265 1823 ea,
1303 1793 1405 1824 quam
1425 1781 1556 1823 recepi,
1594 1782 1763 1826 scriptiua
1792 1781 1858 1814 sic:
1900 1794 2047 1826 quorum

239 1936 267 1975 1)
286 1936 436 1965 Catonem
457 1936 613 1975 Scipionis
636 1940 720 1964 certe
739 1935 866 1964 maioris
886 1935 1002 1973 gloriae
1021 1935 1172 1964 inuidisse
1191 1936 1327 1965 ostendit
1345 1935 1457 1964 Liuius
1477 1933 1682 1969 XXXVIII)
1703 1933 1764 1962 54..
1802 1932 1840 1961 A.
1861 1935 1982 1964 Mur-s.

236 1983 268 2023 2)
288 1984 446 2022 Loquitur
466 1984 531 2012 siue
553 1984 646 2012 dubio
666 1983 810 2011 Lucilius
831 1984 868 2011 de
891 1983 1016 2022 Papiria
1035 1984 1129 2012 tribu.
1170 1984 1272 2020 Quare
1293 1994 1381 2011 nemo
1403 1983 1547 2020 deinceps
1569 1982 1706 2016 dubitet,
1727 1981 1802 2019 quin
1823 1981 1992 2009 Tusculani
2012 1981 2047 2010 in

163 2031 288 2070 Papiria
308 2032 394 2060 tribu
414 2032 589 2070 suffragium
609 2031 755 2067 tulerint3
777 2041 835 2069 qua
856 2030 892 2058 de
906 2040 950 2065 re,
970 2036 1190 2069 praetereaque
1211 2032 1247 2059 de
1267 2031 1359 2059 liuius
1380 2024 1479 2058 tribus
1500 2028 1718 2057 maleuolentia
1739 2033 1822 2056 extat
1842 2028 2048 2066 peridoneum

161 2080 238 2108 Liui
257 2079 471 2107 testimonium
491 2080 586 2116 VIII,
605 2080 668 2113 37.:
688 2080 867 2107 memoriam
887 2081 952 2106 eius
972 2080 1038 2106 irae
1063 2078 1249 2106 Tusculanis
1270 2081 1303 2106 in
1320 2088 1438 2116 poenae
1457 2083 1522 2104 tam
1542 2079 1656 2104 atrocis
1677 2083 1817 2104 auctores
1838 2079 1987 2104 mansisse
2006 2077 2052 2105 ad

156 2132 289 2165 patrum
309 2132 443 2155 aetatem
462 2133 601 2162 constat;
621 2137 675 2154 nec
695 2136 879 2164 quemquam
893 2126 999 2163 ferme
1019 2136 1054 2153 ex
1067 2126 1174 2153 Pollia
1194 2126 1278 2154 triba
1299 2124 1386 2163 (quae
1403 2123 1595 2152 Tusculanos
1617 2121 1824 2161 damnauerat)
1844 2124 2049 2151 candidatum

163 2175 333 2211 Papiriam
345 2173 437 2210 firre
462 2176 595 2203 solitum.
635 2173 721 2209 Quin
741 2173 815 2201 adeo
836 2173 996 2211 Papirium
1017 2182 1138 2210 quoque
1159 2172 1340 2201 dictatorem
1361 2171 1548 2199 laborauisse
1572 2170 1689 2198 inuidia
1710 2171 1854 2198 aduersus
1875 2180 1962 2198 suum
1982 2181 2049 2198 ma-

163 2220 293 2258 gistrum
314 2220 444 2250 Fabium
468 2222 650 2250 Rullianum
676 2225 806 2259 propter
832 2230 899 2249 rem
921 2230 952 2247 se
973 2221 1097 2248 absente
1117 2220 1253 2248 feliciter
1273 2225 1403 2258 gestam,
1436 2219 1567 2256 ideoque
1587 2218 1774 2256 supplicium
1795 2217 1831 2245 de
1851 2217 1907 2245 illo
1927 2227 2049 2246 sumere

163 2268 317 2303 uoluisse,
339 2268 381 2296 ait
401 2269 515 2296 Fabius
535 2274 622 2307 pater
642 2269 676 2296 in
696 2268 842 2296 contione
864 2273 939 2306 aput
959 2268 1087 2297 Liuium
1107 2267 1204 2302 VIII,
1223 2268 1286 2296 31..
1325 2267 1363 2294 A.
1384 2268 1503 2295 Mmcs.

237 2314 269 2353 3)
290 2315 374 2343 Num
393 2326 450 2354 pro
474 2317 713 2344 tusculanarum
733 2316 782 2343 uel
804 2315 1059 2344 tasculidarum?
1079 2314 1226 2352 Sequitur
1241 2320 1341 2343 autem
1359 2313 1528 2342 uersiculus
1549 2321 1673 2349 graecus
1695 2311 1901 2340 oblitteratus.
1921 2311 1960 2340 A.
1975 2312 2049 2340 BIA-

167 2371 228 2391 1178.
247 2363 444 2391 Probabih'us
464 2363 605 2398 uidetur,
632 2363 887 2398 Tuscolislarum,
907 2373 964 2400 qua
983 2362 1082 2390 forma
1101 2371 1164 2389 non
1185 2367 1232 2390 est
1252 2361 1334 2399 quod
1355 2360 1515 2388 Lucilium
1535 2369 1623 2387 usum
1644 2368 1708 2386 esse
1728 2359 1884 2387 miremur.

241 2409 272 2447 4)
292 2411 343 2439 Sic
363 2421 402 2439 ex
423 2410 602 2439 coniectura
621 2409 732 2448 scripsi
740 2420 748 2446 3
769 2409 836 2437 cod.
857 2409 1068 2439 recedentibus
1091 2408 1184 2437 habet
1192 2420 1200 2446 5
1230 2409 1331 2438 Maius
1347 2406 1604 2446 praecedentibus
1623 2405 1720 2435 malit.
