2185 2720
915 145 954 174 L.
982 144 1022 174 11.
1067 145 1102 174 c.
1130 145 1154 174 1.
1202 143 1229 185 ς.
1260 148 1286 176 8.
1894 153 2051 187 xxxo<

160 220 314 259 scriptore
333 226 379 249 set
397 218 590 258 particulam.
618 219 760 248 Huiusce
776 230 851 248 uero
872 230 954 256 usus,
973 219 1000 248 si
1019 225 1151 259 poterat,
1173 220 1360 249 Garatouius
1376 223 1516 260 exempla
1532 224 1674 262 proferre
1689 225 1836 264 debebat3
1856 235 1929 267 aput
1942 238 2049 270 poetas

161 268 285 306 quidem
305 268 476 296 tralaticius
498 272 558 303 est,
579 267 678 295 ueluti
698 273 822 306 praeter
845 268 929 297 locos
950 279 966 296 a
986 268 1204 296 Ruddimanno
1225 269 1249 297 Ι.
1271 279 1301 308 p.
1325 270 1388 298 324.
1416 270 1533 299 adlatos
1555 273 1719 302 obseruaui
1739 285 1785 313 ap.
1806 275 1949 315 Propert.
1971 281 2000 317 Ι,
2020 283 2049 318 4,

162 324 205 344 11.
228 315 347 349 Tibull.
368 316 398 352 Ι,
421 326 451 353 7,
471 316 516 344 46.
545 320 612 344 cet..
651 316 722 343 Hoc
743 316 812 344 loco
833 326 905 344 sanc
926 326 964 344 ex
985 316 1166 353 glossemate
1187 317 1266 344 male
1287 317 1450 346 conlocato
1472 318 1504 346 in
1526 320 1647 349 codices
1668 322 1765 351 uenit.
1804 323 1912 353 Etiam
1933 330 2048 367 recepi,

160 363 219 391 etsi
246 363 322 392 haut
347 364 438 403 plane
466 362 702 391 necessarium.“
742 363 844 391 Aliam
872 363 972 391 denuo
1000 362 1093 391 huius
1123 363 1184 391 loci
1213 365 1396 393 emendandi
1426 366 1507 394 uiam
1529 367 1622 396 iniuit
1642 369 1773 406 Bakius,
1798 370 1875 401 haec
1895 375 2047 406 scribens:

159 410 321 446 „Orellius
342 422 405 440 nou
425 411 572 450 postponi
593 417 638 439 set
658 410 841 449 particulam
861 410 923 438 nisi
943 421 959 438 a
979 411 1080 449 poetis
1102 411 1256 447 ostendit;
1290 418 1385 441 recte.
1425 413 1545 442 Uerum
1567 416 1757 453 castigandus
1776 418 1864 448 locus
1885 427 1929 450 est
1948 423 2046 453 altero

160 461 285 498 aliquid
301 461 440 488 sublato:
469 459 585 497 quare?
614 459 685 497 quia
705 458 883 487 huiusmodi
904 459 1063 487 uocabulis
1084 465 1150 488 tum
1170 460 1271 488 utitur
1292 460 1420 498 Cicero,
1449 462 1503 490 ubi
1524 473 1591 490 suas
1612 463 1679 501 ipse
1700 465 1804 494 laudes
1823 468 1961 497 modeste
1980 481 2047 498 me-

157 517 280 536 morare
301 508 384 544 uolt,
411 508 443 536 in
464 507 566 536 Mario
586 507 691 535 nullus
719 506 771 535 hic
799 507 885 535 locus
912 512 967 535 est.
1008 507 1162 536 Exeitabo
1188 508 1249 536 tria
1269 510 1412 548 exempla
1440 520 1478 538 ex
1506 510 1563 539 1130
1591 511 1657 549 ipsa
1685 513 1825 541 oratione
1855 515 2046 556 deprompta,

159 566 177 584 e
193 556 304 594 quibus
318 555 511 592 intellegitur
529 554 604 583 talia
625 564 693 582 cum
712 554 924 583 moderatione
945 560 976 583 et
996 555 1146 583 modestia
1167 555 1244 584 dici:
1267 556 1339 595 Cap.
1358 567 1398 586 10.
1420 559 1544 596 aliquid
1562 560 1736 589 adtulimus
1757 564 1850 589 etlam
1870 573 1931 592 nos.
1971 565 2045 605 Cap,

161 606 203 634 13.
231 606 371 642 asperius
398 605 518 631 loculus
545 608 590 630 est
618 603 744 640 aliquid
768 604 948 641 aliquando.
989 603 1063 642 Cap.
1087 604 1128 631 14.
1159 614 1213 641 ego
1243 606 1319 642 quia
1341 605 1408 633 (lieo
1429 607 1556 644 aliquid
1573 608 1751 646 aliquando.
1793 609 1873 638 Tum
1893 621 2045 642 reuocan-

159 652 231 680 dum
251 657 312 684 set,
334 651 484 679 sollemne
505 650 538 678 in
558 650 617 678 ista
637 650 853 688 oppositione;
873 651 929 679 cfr.
951 661 1016 689 cap.
1041 661 1082 680 11.
1103 650 1155 679 fin.
1177 661 1242 688 cap.
1267 660 1307 679 12.
1330 651 1430 680 init..“
1470 654 1580 693 Neque
1611 665 1714 683 caussa
1734 655 1826 685 huius
1853 660 2044 689 emendatio-

155 699 224 734 nis,
252 708 352 736 neque
373 699 548 727 emendatio
569 698 635 737 ipsa
655 698 782 737 probari
803 703 916 736 potest.
956 699 1097 727 Modeste
1118 699 1201 726 0111111
1222 697 1280 726 1100
1309 699 1378 726 1000
1401 699 1438 728 (10
1458 711 1490 729 50
1511 702 1597 741 loqui
1620 703 1822 739 Ciceronem,
1855 706 1908 733 uel
1928 709 2044 737 uerbo-

155 757 224 776 rum
245 746 418 775 conlocatio
440 746 512 775 satis
533 756 687 784 superque
708 746 854 774 ostendit.
893 746 1017 774 Deinde
1038 756 1112 775 uero
1135 757 1204 774 011111
1224 746 1257 774 111
1279 747 1431 776 eiusmodi
1454 749 1548 786 10015,
1584 750 1682 789 qualis
1712 750 1764 779 hic
1787 756 1849 788 est,
1884 764 1947 783 non
1969 757 2043 795 quid

155 794 251 823 scribi
272 794 308 821 ab
330 799 455 822 auctore
476 794 633 832 potuerit,
670 799 717 822 set
738 794 812 832 quid
832 794 982 832 scriptum
1011 795 1107 823 fuisse
1136 795 1258 823 codices
1280 801 1426 832 arguant,
1465 807 1532 826 011111
1554 809 1695 826 maxume
1716 800 1971 833 considerandum
1992 806 2043 843 sit,

154 842 247 871 facile
273 842 452 881 apparebit,
481 852 532 870 cos
559 842 676 870 nullam
704 842 798 880 magis
820 842 1000 871 confirmare
1028 843 1229 881 scripturam,
1264 853 1353 881 quam
1381 854 1456 882 quae
1477 845 1513 873 ab
1537 846 1658 875 Orellio
1679 847 1838 886 probatast
1858 855 1889 878 et
1907 859 2041 891 recepta.

154 890 235 918 Nam
256 890 391 930 primum
413 890 529 929 duplex
549 890 677 927 aliquid
696 895 726 918 et
746 890 779 918 in
799 890 824 917 Β
846 894 892 917 est
912 895 943 918 et
963 890 995 918 in
1016 892 1085 919 fam.
1114 891 1223 919 tertiae
1245 891 1404 919 codicibus
1425 893 1602 931 1101111111115;
1629 905 1719 923 nemo
1740 901 1841 925 autem
1860 908 1924 927 11011
1945 900 2041 937 uidet,

153 937 252 966 multo
274 937 501 975 inprobabilius
522 946 597 972 esse,
619 936 652 964 id
673 936 705 964 iu
726 937 769 965 eis
791 937 959 974 codicibus,
980 939 1032 977 qui
1053 938 1177 976 habent,
1197 940 1234 967 ab
1256 939 1481 978 interpretibus
1502 941 1549 969 bis
1569 942 1706 980 positum
1728 953 1809 981 esse,
1831 956 1918 984 quam
1938 948 1971 976 in
1992 949 2040 985 iis,

154 985 208 1024 qui
229 995 291 1013 11011
312 985 445 1020 habent,
482 994 588 1013 errore
609 985 703 1012 semel
725 985 870 1014 omissum
891 996 965 1015 esse.
1004 986 1130 1014 Deinde
1150 993 1195 1015 set
1221 988 1404 1026 particulam
1427 988 1486 1016 soli
1507 989 1531 1016 B
1553 994 1585 1017 et
1606 990 1632 1018 E
1655 991 1785 1028 habent,
1821 1003 1896 1031 quos
1917 996 2039 1026 codices

153 1038 186 1062 et
205 1033 339 1061 uidimus
361 1033 420 1061 iam
440 1032 738 1071 interpolationibus
760 1043 849 1072 saepe
870 1034 952 1068 solos
972 1039 1078 1062 auctos
1106 1044 1187 1070 0550,
1215 1040 1246 1063 ct
1266 1035 1361 1073 magis
1382 1035 1473 1063 ctiam
1495 1036 1577 1065 infra
1604 1038 1788 1068 uidebimus.
1827 1040 1991 1081 Denique,
2012 1046 2038 1073 si

151 1081 231 1110 Baki
251 1080 476 1110 correctionem
497 1080 672 1118 probamus,
693 1091 820 1119 prorsus
850 1082 1014 1110 obscurum
1034 1088 1145 1118 manet,
1168 1083 1248 1111 unde
1270 1084 1406 1112 omnium
1428 1084 1568 1113 codicum
1589 1086 1725 1114 familiae
1745 1087 1856 1115 tertiae
1876 1091 2037 1129 scriptura,

151 1135 181 1158 ec
200 1139 258 1168 pro
280 1134 360 1157 certe
386 1127 606 1164 scribentium,
643 1135 711 1157 orta
734 1130 783 1157 sit.
824 1130 934 1168 Neque
963 1130 1044 1158 0111111
1066 1130 1190 1158 Oxouu.
1213 1131 1284 1159 illos
1313 1131 1388 1159 (11105
1410 1141 1556 1168 numero,
1586 1132 1617 1160 in
1640 1135 1752 1172 quibus
1773 1135 1798 1163 si
1819 1141 1865 1163 est
1886 1145 1984 1173 certe,
2004 1140 2037 1168 id

149 1177 233 1216 quod
253 1177 309 1206 uix
330 1176 491 1213 credibile,
512 1186 551 1205 cx
571 1176 658 1204 felici
678 1176 878 1205 librariorum
899 1177 1093 1205 correctione
1112 1188 1171 1216 pro
1192 1185 1221 1206 et
1240 1179 1421 1207 restitutum
1442 1190 1508 1208 0550
1528 1190 1591 1208 11011
1612 1181 1730 1210 dubito.
1771 1182 1888 1212 Contra
1910 1192 2036 1224 optume

150 1225 238 1254 illius
257 1224 454 1263 corruptelae
475 1223 561 1261 origo
582 1224 788 1262 perspicitur,
821 1225 847 1252 si
868 1235 937 1253 cum
959 1226 1080 1254 Orellio
1111 1227 1248 1264 aliquid,
1284 1228 1409 1265 aliquid
1427 1234 1507 1256 certe
1528 1233 1585 1256 etc.
1607 1239 1623 1256 a
1644 1229 1752 1257 Tullio
1772 1230 1923 1269 scriptum
1942 1240 2036 1272 puta-

148 1283 218 1302 mus
245 1272 378 1311 idcoque
404 1278 450 1301 set
476 1271 661 1310 particulam
688 1272 725 1299 ab
753 1271 925 1311 interprete
945 1283 1037 1311 super
1064 1281 1144 1302 certe
1165 1274 1197 1302 in
1219 1275 1325 1303 codice
1345 1275 1490 1314 principe
1510 1276 1606 1303 fuisse
1626 1277 1759 1314 positam
1779 1279 1950 1310 statuimus.
1989 1283 2036 1312 Ea

149 1319 251 1347 denuo
272 1329 289 1347 3
316 1319 549 1358 neglegentiore
576 1319 632 1348 illo
659 1319 806 1355 librario,
840 1320 905 1348 leui
932 1331 1036 1349 errore
1063 1322 1096 1350 111
1118 1328 1146 1350 et
1165 1327 1297 1359 mutata,
1332 1334 1389 1362 pro
1411 1323 1545 1360 genuina
1565 1334 1643 1352 uoce
1663 1330 1832 1364 receptast,
1867 1337 1934 1357 cum
1956 1330 2035 1359 alter

146 1366 294 1395 librarius
314 1367 402 1405 isque
423 1367 604 1405 diligentior
625 1371 656 1394 et
676 1367 805 1404 glossam
832 1372 863 1395 et
882 1378 1007 1404 uocem,
1038 1380 1115 1407 quae
1136 1370 1290 1408 explicata
1311 1375 1393 1406 erat,
1422 1381 1508 1399 more
1528 1382 1583 1400 suo
1606 1372 1771 1401 Tullianae
1792 1374 1927 1404 orationi
1947 1377 2033 1406 intu-

145 1413 242 1443 lisset.
281 1416 334 1444 Set
353 1421 455 1444 autem
475 1414 659 1454 particulam
679 1424 770 1452 saepe
791 1424 860 1442 cum
881 1421 910 1443 et
929 1418 1086 1446 confusam
1107 1428 1188 1453 esse,
1208 1428 1299 1446 nemo
1319 1417 1427 1447 nescit.

220 1471 340 1500 Uerum
363 1481 544 1510 quamquam
565 1469 826 1505 0011155111111111151,
846 1473 879 1497 in
898 1476 1055 1510 plerisque
1075 1480 1181 1501 saltem
1203 1483 1310 1501 eorum
1331 1478 1487 1509 locorum,
1516 1484 1592 1512 quos
1613 1473 1713 1502 adhuc
1733 1476 1864 1503 tractaui
1875 1498 1883 1512 ,
1910 1478 2031 1509 nullum

144 1530 185 1549 ex
203 1520 228 1548 Β
250 1524 282 1547 et
300 1519 327 1547 E
348 1518 448 1556 recipi
470 1517 599 1545 uerbum
619 1525 726 1554 posse,
759 1521 793 1545 ut
812 1527 876 1545 non
897 1517 987 1554 aliut,
1026 1520 1108 1558 quod
1128 1521 1160 1548 111
1182 1520 1324 1549 omnibus
1344 1520 1434 1549 libris
1466 1522 1617 1560 scriptum
1645 1527 1746 1558 extet,
1783 1523 1947 1553 delendum
1974 1527 2030 1555 sit:

143 1573 246 1597 tamen
265 1566 399 1604 ingenue
419 1565 587 1600 fatendum,
606 1564 741 1602 reperiri
763 1565 854 1593 etiam
874 1565 959 1593 locos
978 1576 1041 1594 11011
1061 1577 1185 1605 paucos,
1208 1569 1241 1596 in
1261 1569 1372 1607 quibus
1396 1579 1472 1607 quae
1492 1569 1628 1598 familiae
1647 1570 1760 1598 tertiae
1781 1571 1903 1601 codices
1924 1584 2030 1603 omnes

145 1615 294 1645 omittunt
314 1614 409 1642 uerba
429 1623 467 1640 ex
488 1613 513 1641 B
534 1617 565 1640 01
584 1613 611 1640 Ε
633 1612 817 1640 auctoritate
844 1613 1016 1641 necessario
1043 1614 1143 1653 recipi
1172 1615 1305 1644 debeant
1324 1615 1382 1652 ita,
1413 1621 1449 1644 ut
1469 1617 1568 1645 ullum
1589 1617 1621 1645 in
1641 1617 1760 1646 uicinia
1777 1619 1915 1657 positum
1935 1631 2029 1651 uoca—

143 1662 252 1692 bulum
271 1661 334 1690 loci
354 1660 511 1689 sententia
530 1660 648 1699 expelli
668 1664 762 1688 uetet.
801 1659 964 1688 Eiusmodi
984 1661 1046 1689 loci
1066 1661 1100 1690 hi
1114 1668 1208 1692 sunt:

218 1724 254 1753 C.
274 1723 315 1752 V.
336 1722 364 1763 §.
387 1733 429 1752 12.
469 1734 588 1761 semper
614 1733 646 1751 se
672 1722 753 1751 dicet
781 1725 890 1760 rogari
915 1724 1066 1758 uoluisse,
1097 1735 1215 1762 semper
1239 1725 1322 1754 sibi
1347 1727 1529 1763 supplicari.
1569 1725 1653 1754 Fam.
1681 1726 1793 1755 tertiae
1821 1729 1942 1759 codices
1968 1732 2028 1761 sibi

142 1773 299 1802 omittunt.

218 1820 254 1849 C.
274 1820 315 1848 V.
335 1818 363 1858 §.
386 1820 428 1848 13.
466 1818 595 1847 Aediles
621 1820 807 1856 quicumque
834 1825 943 1854 erunt,
979 1820 1060 1849 idem
1084 1820 1164 1848 mihi
1189 1826 1286 1849 sunt
1312 1820 1475 1848 iudices
1499 1823 1670 1857 parati;
1703 1821 1871 1852 tribuni
1889 1826 2028 1861 plebis

140 1869 356 1908 permagni
387 1869 563 1896 interest
597 1868 666 1904 qui
691 1868 784 1896 sint.
830 1867 958 1903 Quare
990 1873 1061 1896 aut
1086 1869 1209 1896 redde
1236 1868 1350 1905 mihi,
1384 1868 1468 1906 quod
1490 1868 1679 1898 ostenderas.
1717 1868 1804 1898 Idem
1830 1873 1928 1901 uerba
1952 1882 2026 1903 sunt

143 1917 260 1946 iudices
278 1931 315 1936 —
337 1915 429 1943 redde
449 1913 528 1942 mila·
546 1914 705 1943 omittunt.

219 1963 253 1992 C.
273 1962 365 1991 XIV.
386 1961 414 2002 §.
433 1963 480 1991 33.
520 1972 564 1990 an
589 1963 674 2000 quod
695 1963 879 1992 reiectae
907 1964 1066 1992 auctiones
1093 1962 1217 1991 essent?
1247 1965 1340 1992 immo
1359 1974 1447 1998 uero,
1474 1965 1595 2002 inquit,
1624 1965 1708 2003 quod
1724 1966 1900 2004 legationes,
1939 1966 2025 1995 Idem

142 2012 275 2041 reiectae
294 2010 450 2039 omittunt.

218 2059 253 2088 C.
273 2057 366 2086 XVI.
386 2055 413 2096 5.
433 2057 479 2095 39.
518 2057 699 2093 Dubitafis,
733 2061 810 2096 quin
831 2069 884 2088 eas
903 2059 1018 2095 tribus,
1046 2061 1081 2088 in
1101 2059 1212 2098 quihus
1231 2069 1364 2097 magnas
1387 2059 1628 2087 necessitudines
1647 2057 1740 2086 habet
1759 2059 1929 2095 Plancius,
1955 2071 2025 2089 cum

142 2108 196 2137 ille
224 2117 286 2134 non
313 2105 459 2142 ediderit,
485 2105 638 2134 iudicarit
665 2106 774 2144 officiis
799 2106 839 2135 ab
863 2106 921 2135 lzoc
947 2107 1144 2142 obseruatus,
1177 2117 1239 2135 non
1265 2108 1435 2144 largitione
1463 2106 1711 2145 corruptas?
1749 2105 1834 2133 Idem
1863 2114 2025 2144 corruptas

143 2155 302 2185 omittunt.

219 2202 253 2231 C.
275 2201 386 2229 XXV.
408 2199 434 2240 5.
455 2200 500 2228 60.
540 2200 618 2236 Quis
638 2208 778 2230 nostrum
796 2211 827 2229 se
847 2201 940 2236 dicit,
969 2201 1029 2230 M.’
1049 2201 1159 2236 (tario,
1180 2203 1250 2239 quis
1270 2202 1300 2229 C.
1320 2200 1485 2235 Fabricio,
1519 2203 1589 2239 quis
1608 2202 1648 2230 P.
1668 2200 1780 2228 Duilio
1795 2201 1929 2237 parem?
1956 2205 2024 2241 quis

141 2252 243 2280 Atilio
263 2250 425 2283 Calatino,
445 2250 514 2287 quis
535 2249 589 2277 Cn.
610 2255 638 2277 et
657 2251 696 2277 P.
716 2249 931 2286 Scipionibus,
952 2250 1021 2287 quis
1041 2248 1214 2286 Asi-icario,
1234 2249 1404 2283 Marcello,
1424 2248 1604 2277 AWaxumo?
1631 2253 1764 2276 tamen
1783 2248 1899 2275 eosdem
1918 2258 2024 2278 sumus

141 2299 293 2328 honorum
308 2299 448 2335 gradus,
469 2306 543 2334 quos
561 2296 628 2332 illi,
647 2297 796 2325 adsecuti.
837 2297 923 2325 Idem
942 2302 1047 2325 tamen
1067 2296 1224 2324 omittunt⁴

219 2356 252 2385 C.
274 2355 435 2384 XXVIII.
457 2353 483 2393 5.
505 2354 550 2392 69.
588 2354 631 2381 Et
650 2364 703 2391 ego
722 2356 787 2391 ipse
806 2365 976 2393 numquam
1001 2355 1071 2383 illos
1091 2356 1226 2391 aspicio,
1257 2356 1351 2392 quin,
1384 2364 1469 2382 eum
1492 2364 1549 2390 per
1568 2353 1652 2381 hunc
1672 2363 1718 2381 me
1737 2351 1788 2380 his
1806 2360 2023 2381 conset-uatum

142 2413 205 2433 esse
223 2405 430 2437 meminerim,
455 2403 550 2431 huius
569 2404 713 2431 meritum
737 2403 772 2430 in
791 2412 838 2430 me
857 2403 1007 2432 recorder.
1045 2402 1131 2430 Idem
1150 2413 1236 2436 eum,
1263 2402 1393 2431 fortasse
1414 2412 1504 2440 quom
1523 2401 1557 2429 111
1572 2401 1678 2428 codice
1697 2399 1841 2439 principe
1861 2401 2022 2440 scriptum,

143 2450 301 2479 omittunt.
