2185 2720
156 200 306 233 XXVIII
711 196 736 225 P
756 196 786 225 R
807 196 835 225 Ο
856 197 883 225 L
904 197 931 226 E
954 197 983 226 G
1004 197 1032 226 O
1053 198 1098 226 M.
1176 197 1214 226 L.
1236 197 1260 226 L
1280 197 1316 227 C.
1336 197 1392 226 111.
1414 195 1442 237 §.
1465 198 1507 227 15.

157 278 239 306 hunc
260 276 362 303 locum
382 273 477 302 scribi
498 271 636 301 uolebat:
664 271 708 299 ad
729 278 899 309 praecepta
919 278 996 309 apta
1016 277 1104 299 aetas
1124 282 1186 299 non
1205 277 1249 299 est
1269 273 1348 300 nati.
1387 271 1541 299 Graeuius
1560 272 1696 311 recepit,
1722 274 1806 313 quod
1824 274 1858 303 in
1878 275 1944 304 Erf.
1963 285 2039 314 rep-

156 328 297 364 pererat,
323 331 486 359 secumque
508 318 732 349 consentientis
760 318 869 348 habuit
896 318 1076 347 Ernestium
1103 323 1133 347 et
1163 318 1351 347 Seliutzium.
1392 319 1597 355 Garatonius,
1633 329 1723 357 quem
1748 327 1871 350 secutus
1899 322 2040 351 Orellius

157 377 219 407 est,
250 374 418 409 praeeunte
438 369 534 395 Pareo
559 370 673 405 grauis
699 367 875 395 eiciendum
894 365 1035 404 putauit,
1068 365 1200 405 ideoque
1227 366 1305 395 hanc
1331 376 1437 395 ueram
1463 367 1598 395 credidit
1616 366 1801 406 scripturam
1820 378 1900 397 esse:
1929 379 2040 408 quam-

158 429 252 458 quam
272 418 316 445 acl
329 420 500 453 praecepta
520 421 608 443 aetas
628 426 689 444 non
711 421 762 444 est.

233 463 412 502 Dupliciter
431 468 618 501 peccarunt,
647 463 700 501 qui
726 460 816 490 Parei
837 460 954 488 iudicio
975 461 1237 499 subscripserunt.
1275 461 1370 490 Prior
1396 470 1485 489 error
1503 460 1556 490 hic
1576 465 1638 497 est,
1672 460 1754 500 quod
1773 463 1903 491 uerbum
1918 465 2042 501 grauis,

159 513 241 553 quod
260 512 294 539 in
314 510 380 538 Erf.
402 515 466 545 est,
493 510 529 538 ab
550 511 722 547 interprete
742 508 882 547 potuisse
902 508 1060 547 proficisci
1080 514 1238 547 putarunt.
1279 509 1343 546 Qui
1370 518 1440 537 cum
1465 507 1526 546 ipsi
1552 517 1616 536 non
1634 508 1709 536 illut
1727 508 1873 544 uerbum,
1899 513 1946 537 set
1964 515 2042 548 apta

159 561 209 590 uel
229 561 342 589 idonea
369 557 575 595 supplendum
603 567 668 585 esse
697 557 854 591 dicerent,
888 556 1032 594 profecto
1061 557 1169 584 eodem
1188 556 1279 584 modo
1301 556 1362 584 sibi
1382 556 1535 584 debebant
1553 565 1733 594 persuasum
1752 555 1866 584 habere
1885 550 2044 595 interpre-

157 615 220 638 tem
241 607 351 641 etiam,
379 605 405 633 si
426 604 501 643 quid
521 605 705 639 addidisset,
741 613 806 632 non
823 605 936 640 grauis
957 608 1004 631 set
1023 604 1161 632 ciusdem
1180 604 1265 633 modi
1285 604 1417 632 uerbum
1436 603 1532 632 fuisse
1551 603 1752 631 adiecturum.
1790 603 1883 632 Alter
1903 613 1990 633 error
2008 603 2044 633 in

159 661 227 685 eost
245 654 383 694 positus,
413 651 496 689 quod
523 651 718 690 reliquorum
746 650 890 679 codicum
916 651 1088 689 scripturas
1116 662 1173 690 pro
1201 650 1304 679 nihilo
1335 655 1534 689 putauerunt.
1573 650 1634 678 Eas
1654 650 1680 678 si
1700 650 1879 688 diligentius
1900 651 2045 680 conside-

158 707 292 737 rassent,
312 699 412 729 omnis
429 698 520 726 unice
542 698 658 727 codicis
674 698 869 726 Erfurtensis
885 698 1070 736 scripturam
1086 699 1268 727 confirmare
1284 698 1520 726 intellexissent.
1547 697 1671 726 Reuera
1685 703 1787 726 autem
1803 698 1941 727 onmium
1955 698 2045 727 codi-

161 761 229 781 cum
255 746 394 786 exceptis
414 746 441 773 E
462 751 494 773 et
514 746 538 774 C
560 745 677 784 duplex
695 750 814 774 tantum
834 746 1032 784 scriptumst,
1060 751 1128 781 aut,
1156 746 1183 774 si
1202 746 1307 774 uerius
1327 745 1413 784 loqui
1433 745 1592 780 uolumus,
1619 755 1681 773 una
1699 746 1928 783 tantummod03
1948 746 2046 775 altera

160 796 321 831 Baliarici,
356 794 408 832 qui
429 793 540 821 scribit
556 804 696 831 guaz-ue,
717 793 813 821 altera
832 793 1049 831 plurumoriun
1076 793 1210 822 familiae
1231 793 1346 821 tertiae-
1368 792 1527 828 codicum,
1562 792 1616 830 qui
1635 793 1776 821 scribunt
1791 799 1918 831 gnatus.
1956 793 2046 830 Quae

159 847 193 875 in
214 845 284 874 aliis
304 850 463 881 pessumae
482 845 574 869 notae
594 840 685 868 libris
706 845 813 868 extant
832 841 1006 879 scripturae
1023 842 1118 878 gnati
1138 845 1169 868 et
1184 846 1305 877 gnata,
1325 850 1396 876 eae,
1425 840 1452 868 si
1473 840 1636 879 quicquam
1656 845 1821 875 certumst,
1848 840 1885 868 ab
1906 840 2044 869 librariis

160 893 240 923 male
260 889 392 923 sedulis,
413 888 467 926 qui
484 894 607 926 gnatus
627 897 719 916 sensu
739 898 842 917 carere
862 887 1110 923 intellexissent,
1139 892 1222 915 ortas
1242 897 1307 915 esse
1329 887 1581 916 certissumumst.
1620 888 1731 926 Neque
1757 891 1873 926 puncto
1893 887 2044 925 temporis

161 938 298 970 dubitari
318 939 437 975 potest,
471 934 564 972 quin,
593 935 677 973 quod
697 935 758 964 duo
779 935 1015 974 corruptissumi
1036 935 1128 970 libri,
1163 935 1208 963 Pb
1230 940 1261 963 et
1280 935 1339 970 Pc,
1374 935 1487 973 quibus
1506 935 1707 963 Lmnbiniani
1727 934 1891 969 accedunt,
1917 933 2043 971 habent,

159 992 344 1027 generatus,
364 992 447 1011 mera
467 982 648 1021 deprauatio
677 982 767 1011 uerbi
792 989 912 1020 gnatus
938 982 987 1010 sit.
1027 983 1238 1011 Relinciuitur
1264 982 1360 1020 igitur
1386 982 1463 1010 duae
1488 982 1676 1021 scripturae,
1706 992 1832 1020 gnaras
1858 987 1889 1010 et
1912 988 2044 1020 gnatus,

162 1044 290 1075 quarum
310 1036 452 1060 neutram
471 1030 508 1058 ab
530 1030 703 1068 interprete
722 1031 894 1069 profectam
914 1039 997 1065 esse,
1022 1030 1092 1058 luce
1112 1030 1282 1058 meridiana
1301 1029 1415 1058 clarius
1435 1034 1490 1058 est.
1529 1029 1636 1068 Itaque
1656 1029 1761 1067 negari
1780 1039 1907 1067 prorsus
1926 1029 2046 1068 nequit,

163 1083 306 1113 debuisse
333 1080 367 1107 in
395 1077 502 1106 codice
528 1078 673 1116 principe
700 1079 820 1116 aliquid
845 1078 997 1116 scriptum
1023 1077 1134 1112 fuisse,
1168 1077 1252 1115 quod
1278 1077 1311 1105 in
1340 1076 1395 1105 has
1423 1076 1497 1104 duas
1523 1077 1692 1115 scripturas
1712 1076 1875 1115 deprauari
1894 1077 2045 1115 potuerit.

163 1131 226 1159 Iani
246 1127 320 1167 quid
340 1125 463 1154 tandem
482 1134 559 1152 uero
580 1125 713 1154 similius
734 1131 796 1162 est,
823 1136 912 1164 quam
932 1125 1083 1163 scriptum
1102 1124 1148 1152 ibi
1167 1125 1262 1153 fuisse
1279 1127 1410 1163 grauia,
1436 1123 1568 1152 fortasse
1586 1124 1631 1152 sic
1652 1129 1826 1160 exaratum,
1853 1129 1889 1152 ut
1907 1124 2044 1162 singula—

161 1188 231 1207 rum
250 1176 425 1203 litterarum
447 1172 556 1200 ductus
577 1182 640 1201 11011
661 1173 732 1201 satis
752 1177 880 1212 possent
900 1171 1068 1210 adgnosci'.>
1105 1172 1142 1200 Id
1162 1182 1251 1210 quam
1270 1172 1362 1200 facile
1382 1176 1449 1199 tum
1467 1171 1501 1198 in
1517 1182 1641 1209 gnarus
1660 1176 1725 1200 tum
1744 1171 1778 1199 in
1795 1177 1914 1209 gnatus
1932 1175 2047 1209 potue-

162 1225 205 1253 rit
225 1221 349 1255 mutari,
369 1219 543 1257 intelleget,
565 1220 618 1257 qui
637 1221 824 1257 meminerit,
844 1220 980 1259 primum
999 1229 1094 1258 super
1112 1221 1125 1247 i
1152 1219 1288 1247 litteram
1307 1222 1458 1257 punctum
1477 1219 1511 1247 in
1532 1219 1762 1257 antiquioribus
1782 1218 1950 1255 codicibus,
1971 1229 2048 1257 qua—

162 1272 202 1300 lis
223 1269 286 1299 fuit
305 1267 405 1297 codex
425 1268 480 1295 ille
500 1267 662 1306 princeps,
690 1278 753 1296 non
772 1268 865 1307 poni,
892 1277 988 1306 porro
1008 1278 1025 1296 r
1044 1266 1180 1295 litteram
1199 1266 1337 1305 procliui
1357 1276 1463 1294 errore
1483 1276 1553 1294 cum
1573 1277 1594 1294 n
1620 1265 1770 1294 confundi
1795 1266 1952 1304 potuisse,
1984 1277 2046 1305 po-

164 1325 278 1347 stremo
299 1328 315 1344 r
335 1320 366 1343 et
387 1321 399 1343 t
418 1314 539 1342 litteras
560 1314 596 1341 ab
617 1317 630 1343 i
648 1315 755 1343 littera
774 1315 942 1343 leuissume
962 1313 1095 1343 differre.
1136 1314 1223 1350 Quae
1244 1324 1313 1342 cum
1332 1313 1378 1341 ita
1396 1313 1473 1350 sint,
1494 1313 1620 1353 quaeuis
1640 1313 1819 1351 explicandi
1838 1314 1944 1352 potius
1962 1319 2045 1343 tem-

164 1365 277 1405 ptanda
295 1363 385 1398 mast,
405 1372 494 1400 quam
514 1366 549 1389 ut
568 1366 706 1390 mutetur
725 1363 880 1401 scriptura
907 1361 1024 1390 codicis
1043 1361 1255 1398 E1·f1u·tensis,
1275 1371 1365 1400 quem
1385 1361 1506 1399 saepius
1526 1361 1626 1389 solum
1646 1361 1795 1398 integram
1816 1361 1904 1389 Tulli
1922 1372 2046 1391 manum

165 1420 373 1445 conseruasse,
392 1418 485 1446 supra
507 1413 703 1437 ostensumst.
743 1409 819 1438 Esse
839 1414 941 1438 autem
959 1418 1069 1437 reuera
1088 1409 1275 1447 scripturam
1294 1409 1380 1437 illam
1400 1409 1505 1437 sensui
1524 1408 1885 1444 accommodatissumam,
1905 1408 1939 1436 in
1958 1419 2045 1438 com-

164 1460 315 1490 mentm-io
337 1456 409 1486 satis
430 1466 446 1484 a
465 1465 514 1484 me
534 1456 775 1486 demonstratum
796 1462 873 1496 puto
893 1465 978 1493 esse,
998 1455 1042 1484 ita
1060 1461 1096 1485 ut
1114 1465 1215 1496 neque
1234 1456 1381 1485 Lambini
1407 1465 1507 1495 neque
1526 1456 1605 1485 Baki
1625 1455 1819 1485 coniecturas
1838 1455 1936 1484 uerbo
1955 1456 2049 1486 refu-'

165 1515 231 1538 tare
251 1505 383 1545 amplius
403 1514 481 1542 opus
501 1503 551 1532 sit.

1722 1611 1734 1624 ί

167 1638 317 1670 intellegas,
345 1635 417 1668 quod
439 1635 502 1660 Gar.
521 1635 690 1660 conmendat:
718 1638 841 1659 neutrum
864 1632 933 1657 bene
951 1632 1073 1657 Latinum
1101 1641 1158 1657 esse
1187 1634 1334 1666 contendo,
1362 1641 1483 1667 quaeque
1502 1632 1565 1657 Gar.
1590 1632 1675 1657 adfert
1693 1631 1829 1665 exempla,
1854 1631 1942 1657 omnia
1960 1632 2046 1660 aliena

166 1691 234 1708 esse.
269 1681 323 1705 Fac
340 1684 430 1705 tamen
450 1681 487 1704 sic
507 1688 584 1713 posse
602 1678 670 1709 dici,
691 1677 753 1710 qnid
771 1677 838 1702 istuc
857 1677 963 1701 taudem
982 1676 1045 1707 erit,
1069 1676 1144 1701 soleo
1163 1677 1218 1702 filio
1238 1687 1297 1703 meo
1317 1678 1489 1711 praecipere,
1516 1684 1673 1709 quamquam
1690 1676 1806 1700 nondum
1824 1675 1964 1709 percipere
1981 1682 2046 1710 pot-

167 1732 207 1751 est
224 1724 386 1759 praecepta?
418 1723 555 1749 Audacem
573 1731 720 1756 proponam
740 1721 934 1751 coniecturam,
965 1725 1005 1744 set
1022 1729 1088 1754 quae
1113 1721 1171 1746 aliis
1188 1723 1299 1746 fortasse
1317 1721 1428 1746 meliora
1447 1719 1614 1753 excogitandi
1633 1719 1703 1743 uiam
1722 1719 1859 1744 ostendat:
1883 1728 2046 1754 quamquam

166 1771 204 1797 ad
217 1773 364 1804 praecepta
385 1769 455 1793 satis
473 1773 513 1793 est
531 1772 632 1792 actum.
667 1765 820 1790 BAKIUS.
858 1764 910 1796 Qui
929 1763 1026 1788 uellem
1044 1765 1154 1790 meliora
1174 1766 1359 1799 excogitasset.
1395 1764 1555 1790 Garatonius
1573 1763 1607 1788 ad
1624 1771 1664 1787 or·
1683 1762 1752 1787 Sest.
1772 1771 1795 1787 e.
1814 1763 1856 1790 42.
1875 1773 1902 1797 p.
1924 1764 1982 1798 176.
2001 1765 2046 1791 ed,

168 1816 254 1848 Neap.
272 1814 338 1838 haec
357 1813 472 1838 monuit:
504 1812 569 1843 .,IV.
593 1812 620 1836 iu
638 1810 715 1836 L'err.
734 1808 776 1834 56.
795 1808 910 1840 ualuas,
935 1817 1004 1842 quae
1021 1807 1087 1833 olim
1105 1810 1143 1834 ad
1157 1810 1308 1834 ornandum
1325 1808 1454 1842 templum
1471 1812 1549 1832 erant
1567 1816 1705 1833 maxume:
1727 1816 1816 1840 neque
1839 1807 1909 1833 enim
1925 1813 1990 1842 puto
2007 1810 2047 1835 ibi

168 1859 321 1885 sumendum
335 1866 373 1883 ex
391 1866 464 1890 seqq.
483 1856 600 1890 sactae,
619 1863 676 1878 cum
695 1853 850 1886 praesertim
866 1853 988 1877 similiter
1006 1853 1072 1878 ibid.
1092 1854 1132 1880 15.
1152 1855 1190 1879 ad
1207 1863 1267 1879 eam
1284 1862 1339 1878 rem
1358 1853 1424 1878 istos
1439 1852 1547 1887 fratres
1567 1850 1710 1885 Cybiratas·
1719 1852 1824 1885 fuisse,
1841 1851 1887 1876 ubi
1904 1854 2047 1885 genuinum

169 1903 278 1929 Catonis
296 1902 385 1926 locum
402 1901 436 1925 de
455 1900 489 1924 R.
507 1900 541 1926 R.
560 1909 583 1925 c.
606 1899 664 1923 125.
684 1898 788 1931 profert
804 1897 1009 1921 Hottomannus.
1043 1898 1122 1922 Adde
1140 1898 1186 1924 m.
1204 1898 1237 1922 de
1255 1898 1317 1922 Nat.
1335 1897 1370 1922 D.
1388 1898 1446 1925 5¹1st
1465 1898 1541 1931 eique
1559 1896 1668 1921 laneum
1682 1895 1801 1929 pallium
1819 1895 1921 1928 iniecit,
1939 1905 1998 1922 cum
2017 1898 2047 1923 id

169 1957 225 1972 esse
243 1946 281 1971 ad
298 1954 374 1970 omne
393 1943 461 1969 unni
479 1948 584 1977 tempus
601 1943 709 1966 diceret.
728 1942 773 1966 ubi
792 1945 887 1974 aptum
904 1941 1064 1973 interpretes
1081 1942 1306 1976 interposuerant.
1341 1941 1410 1966 Hinc
1428 1941 1556 1967 formulas
1573 1940 1635 1965 huic
1652 1940 1804 1965 simillumas
1822 1940 1957 1972 habemus,
1977 1935 2047 1976 qua'e

169 2001 218 2026 per
237 1999 265 2015 se
284 1990 428 2019 denotant,
455 1988 497 2011 cui
515 1987 631 2020 quidque
649 1986 791 2017 inseruiat,
812 1985 898 2010 ueluti
915 1985 987 2010 serui
1004 1985 1043 2009 ad
1059 1994 1173 2018 remum,
1202 1986 1241 2011 ad
1257 1985 1398 2019 cyathum,
1431 1985 1532 2010 milites
1550 1985 1587 2009 ad
1604 1983 1686 2009 nauis
1704 1989 1765 2010 ete..
1798 1983 1839 2009 Ex
1857 1984 1897 2009 his
1917 1986 2047 2019 explicari

170 2037 283 2061 sortasse
301 2038 389 2067 potest
406 2032 547 2057 Liuianum
565 2031 625 2056 illut
642 2030 667 2062 Ι,
685 2030 728 2055 34.
764 2031 881 2055 Romast
898 2030 936 2056 ad
953 2030 982 2054 id
994 2030 1174 2063 potissumum
1193 2030 1268 2060 ui5a‚·
1286 2030 1332 2055 ubi
1351 2030 1436 2055 Grou.
1456 2034 1483 2054 et
1500 2029 1583 2054 Drak.
1601 2029 1700 2054 malunt
1711 2030 1879 2063 potissuma,
1897 2029 2047 2059 Heumann.

171 2081 330 2114 aptissuma.
366 2076 396 2102 Id
416 2081 503 2100 tamen
521 2076 567 2100 fiet
586 2076 718 2108 apertius,
752 2074 774 2098 si
800 2083 849 2107 pro
872 2078 912 2099 est
933 2074 1061 2098 rescribas
1085 2075 1166 2099 αι’-κέ(
1201 2074 1287 2099 Recte
1312 2079 1399 2099 autem
1416 2073 1514 2098 Bakius
1537 2073 1610 2098 nullo
1634 2073 1728 2098 horum
1752 2073 1872 2098 locorum
1889 2074 2047 2108 scripturam

172 2125 210 2149 ad
225 2125 370 2157 praecepta
389 2125 467 2145 aetas
484 2129 537 2145 non
557 2123 596 2144 est
614 2119 719 2143 defendi
739 2119 885 2144 contendit.
922 2119 1059 2143 Docerem
1077 2118 1104 2143 id
1123 2119 1271 2152 copiosius,
1294 2118 1345 2143 nisi
1362 2118 1426 2143 satis
1443 2119 1494 2143 iam
1513 2118 1698 2148 ostendissem,
1731 2117 1810 2149 hanc,
1843 2126 1910 2151 quae
1926 2128 1941 2143 a
1959 2118 2047 2144 Gara-

173 2167 246 2192 tonio
265 2166 375 2200 probata
393 2165 440 2197 sit,
467 2164 621 2197 scripturam
639 2162 684 2186 uel
703 2162 735 2186 ob
757 2162 878 2187 codicum
897 2163 1082 2187 auctoritatem
1101 2163 1232 2194 omnium,
1261 2161 1305 2195 qui
1329 2161 1426 2196 grauis
1445 2172 1460 2188 a
1474 2162 1568 2189 Tullio
1587 2171 1643 2189 esse
1661 2162 1780 2188 additum
1798 2162 1936 2189 manifesto
1953 2167 2046 2188 osten-

175 2212 254 2243 dunt,
269 2208 421 2235 necessario
439 2217 497 2234 esse
514 2207 685 2233 reiciendam.
