2185 2720
144 146 196 174 142
783 128 1354 163 COMMENTARIUS.

142 222 332 256 pronomen
363 217 403 243 tu
431 221 499 242 non
528 209 587 241 ubi
614 220 704 240 nunc
733 214 842 246 extat,
878 213 927 239 set
955 206 1045 238 infra
1076 205 1122 237 sic
1144 205 1336 237 conlocatur
1364 204 1512 236 aedilem
1533 208 1572 236 tu
1592 203 1790 238 Plancium.
1832 202 1944 236 Etiam
1965 203 2004 235 iu

143 264 243 297 Barb.
273 270 336 303 est,
351 263 495 307 factum
523 274 594 295 esse
621 262 774 295 miraris.
816 261 910 293 Haec
932 259 1045 292 omnia
1071 259 1152 290 Bau.
1181 256 1336 300 inprimis
1363 262 1398 288 et
1420 256 1514 288 Oxx.
1543 260 1702 298 quattuor
1724 255 1856 299 egregie
1880 255 2006 289 confir-

144 323 249 350 mant.
293 318 410 350 Unum
434 322 479 348 est
504 316 539 347 iu
561 315 642 346 Bau.
665 314 848 355 singulam,
890 324 956 355 quo
987 319 1098 344 tamen
1124 309 1366 342 lubentissume
1393 309 1591 348 caruissem,
1625 308 1699 342 Ain
1721 310 1886 342 tandem?
1925 310 2006 343 Ma·-

145 370 278 402 nutium
304 375 413 400 tamen
436 369 511 401 uide
533 367 575 400 ad
598 367 660 398 IX.
684 368 792 410 Epist.
817 378 867 398 20.
931 366 1002 397 Iam
1024 365 1126 406 igitui
1146 362 1265 393 falsam
1286 360 1352 392 loci
1374 361 1551 393 lectionem
1572 360 1788 404 proiciamus,
1812 372 1928 394 ueram
1948 374 2007 395 re-

145 434 330 466 ponamus:
368 422 428 455 Aa
461 422 600 453 tandem
628 433 699 453 ana
728 421 885 452 centuria
908 423 1163 463 praerogatum
1190 420 1326 447 tantum
1353 415 1454 448 habet
1475 415 1716 453 auctoritatzs‚
1749 419 1789 446 ut
1811 427 1906 447 nemo
1929 428 2006 449 um-

148 488 249 520 quam
266 475 368 518 prior
390 486 465 505 eam
488 474 628 512 tulerit,
652 473 735 516 quin
759 473 978 505 renuntiatus
999 472 1045 503 sit
1065 474 1127 501 aut
1149 469 1193 500 iis
1214 468 1299 511 ipsis
1322 467 1471 499 comztiis
1493 466 1631 506 consul,
1652 472 1716 499 aut
1737 472 1827 499 certe
1849 468 1885 500 in
1906 468 2008 501 illum

147 540 293 560 annum:
323 527 470 559 aedilem
491 532 530 558 tu
552 526 740 558 Ρίαιιιιιιηι
752 524 895 569 factum
917 537 987 557 esse
1009 522 1168 559 miraris,
1199 526 1281 553 ete..
1290 522 1311 538 ‘⁶
1353 520 1452 551 Hanc
1473 518 1692 561 scripturam,
1723 530 1826 561 quam
1846 520 2010 553 sententia

148 580 213 612 loci
244 579 399 621 requirit,
441 578 640 610 confiiinant
666 578 764 608 etiam
794 576 851 619 qui
879 588 941 619 pei
968 588 1022 607 me
1051 572 1173 606 conlati
1202 578 1280 604 sunt
1308 572 1443 604 codices.
1487 573 1527 604 In
1556 572 1620 603 hoc
1649 583 1717 602 uno
1746 584 1816 604 non
1842 572 2009 606 adsentior

150 633 351 672 Gaiatonio,
385 631 475 673 quod
496 632 523 662 B
551 637 582 661 et
603 630 632 661 E
655 631 873 673 κύριαι-,3111
908 629 981 662 Am
1010 628 1159 665 tandem,
1192 625 1346 666 uolgatae
1367 624 1632 668 posthabendam
1657 623 1768 656 duxit.
1811 627 2011 669 Numquam

149 686 239 717 enim
268 686 325 718 An
357 685 494 716 tandem
526 694 563 715 eo
594 694 711 723 sensu,
752 690 818 725 (1110
846 682 904 716 Aa
935 693 1016 714 uelo
1044 690 1146 722 supra
1174 678 1212 709 C.
1242 677 1360 709 XVII
1391 679 1420 720 §.
1447 678 1498 710 41.
1508 702 1517 718 ,
1561 677 1604 708 3(1
1635 689 1735 720 quem
1762 678 1787 710 l.
1816 678 1896 710 uide
1924 690 2010 721 quae

146 751 181 782 p.
213 740 282 770 126.
316 736 492 773 adnotaui,
517 735 651 767 Tullius
671 735 793 778 posuit,
816 741 1015 777 usurpitum
1041 731 1125 763 111(11.
1171 731 1296 763 Contra
1319 736 1531 773 optumumst
1550 731 1625 764 Ain
1641 732 1790 770 tandem,
1821 730 2010 773 significans

148 792 220 824 fere
243 791 331 822 idem
355 789 444 832 quod
468 789 564 829 Quid
586 790 749 821 tandem?
793 787 862 820 Csr.
886 787 925 818 ad
948 786 1028 818 Diu.
1051 785 1123 823 IX,
1154 795 1204 816 21.
1243 783 1284 814 ad
1306 783 1376 816 Att.
1400 783 1468 823 VI,
1498 794 1528 815 2.
1565 782 1604 814 de
1626 783 1702 814 Fin.
1728 784 1799 824 IV,
1836 795 1872 824 1,
1905 795 1933 817 1.
1969 784 2012 817 de

146 846 252 886 Legg.
275 845 306 881 I,
340 854 397 882 20,
428 842 479 874 55.
515 842 565 881 ΙΙ,
600 853 654 880 10,
685 842 735 873 25.
770 841 837 879 ΙΙΙ,
869 841 904 879 6,
936 838 984 871 14.
1021 837 1060 868 (18
1082 838 1134 869 Re
1157 849 1190 880 p.
1214 837 1246 876 I,
1282 837 1330 868 15.
1369 842 1402 867 et
1424 835 1464 866 de
1485 836 1558 869 Ain
1581 841 1619 868 tu
1649 836 1691 867 de
1713 849 1761 868 or.
1785 837 1818 877 Ι,
1850 837 1908 878 56,
1940 839 2010 871 165.

148 898 245 928 Brut.
268 896 370 934 XLI,
397 895 465 926 152.
495 893 536 925 ad
560 894 634 926 Att.
658 894 726 933 IV,
773 893 879 932 .VI,
906 904 933 923 1.
964 892 1017 930 Χ,
1042 890 1072 922 8.
1106 891 1193 927 ΧΠ,
1218 891 1248 922 6.
1285 889 1423 921 Τ1158111.
1447 890 1502 929 V,
1532 900 1586 928 12,
1610 889 1661 920 55.
1689 889 1729 920 de
1751 889 1804 921 Re
1824 901 1859 933 p.
1881 889 1916 930 Ῑ,
1945 891 2011 924 15..

148 949 247 981 Falso
272 947 372 978 etiam
395 959 465 979 esse
488 946 691 978 Garatonius
715 957 776 988 pro
751 906 947 987 dgenuino
970 942 1098 975 habuit.
1144 941 1216 973 Cfr.
1240 942 1372 984 Proleg.
1395 943 1437 974 L.
1459 942 1502 973 II.
1528 942 1566 973 C.
1590 942 1605 973 I
1632 942 1661 983 §.
1689 943 1737 974 16.
1759 954 1794 985 p.
1818 943 1932 975 LIII..

235 1001 342 1033 Cuius
372 1000 408 1031 in
431 1000 557 1031 honore
583 1011 649 1030 non
678 999 782 1030 unius
805 997 914 1029 tribus
943 1007 1049 1041 pars,
1091 1000 1142 1026 set
1164 995 1303 1027 comitia
1325 1001 1397 1027 tota
1421 994 1569 1026 comitiis
1588 993 1731 1038 ficet-int
1744 995 2013 1040 praerogatiua)

148 1053 268 1087 Multis
293 1053 328 1084 in
355 1052 449 1084 libris
472 1058 520 1083 est
537 1057 764 1096 praerogata,
791 1049 881 1092 quod
905 1048 1058 1091 regnauit
1079 1059 1185 1089 usque
1206 1047 1248 1078 ad
1272 1047 1470 1087 Graeuium,
1497 1053 1530 1079 et
1550 1059 1570 1079 a
1591 1054 1746 1088 quattuor
1769 1049 1907 1081 Oxonn.
1929 1049 2015 1083 reti-

148 1113 266 1144 netur,
299 1117 376 1136 cum
398 1105 433 1135 in
456 1105 521 1135 alio
546 1110 687 1145 utraque
710 1103 886 1135 coniuncta
915 1102 958 1133 sit
982 1101 1101 1139 lectio,
1138 1111 1224 1131 unus
1248 1099 1347 1131 etiam
1373 1100 1490 1131 habeat
1511 1112 1612 1143 supra
1635 1114 1705 1134 una
1733 1103 1891 1135 centuria
1908 1115 2014 1148 prae-

151 1164 286 1202 rogata.
331 1158 371 1189 Iu
392 1157 507 1188 multis
532 1167 664 1198 quoque
678 1155 809 1199 fuerit,
832 1165 940 1197 neque
963 1153 999 1185 111
1023 1154 1162 1186 Oxonn.
1189 1152 1299 1183 solum
1324 1159 1480 1195 quattuor
1501 1159 1535 1184 et
1556 1153 1592 1184 111
1605 1154 1733 1186 Aldina
1754 1155 1896 1197 aliisque
1920 1162 2015 1187 uete-

149 1212 260 1250 ribus,
286 1222 409 1241 uerum
432 1210 532 1241 etiam
554 1209 589 1240 in
614 1208 694 1251 ipsis
720 1208 867 1252 optumis
890 1208 917 1238 B
941 1212 974 1238 et
995 1206 1035 1238 E.
1080 1206 1341 1248 Praerogatiucz
1363 1206 1487 1237 scilicet
1508 1206 1716 1239 substantiae
1737 1207 1845 1250 posita
1865 1207 1940 1240 uisa
1956 1215 2015 1250 est,

152 1264 243 1308 quod
269 1269 303 1295 et
328 1263 440 1306 ipsum
463 1262 584 1294 salsum
608 1267 671 1293 est:
711 1273 789 1293 nam
812 1267 849 1292 ut
872 1260 1028 1292 centuria
1044 1259 1301 1302 praerogatiua
1329 1258 1467 1299 dicitur,
1508 1259 1555 1291 ita
1577 1260 1675 1293 etiam
1698 1261 1838 1294 comitia
1867 1260 1935 1292 dici
1955 1260 2017 1292 de·-

152 1319 250 1357 bent3
285 1323 332 1355 et,
367 1316 395 1347 51
418 1326 576 1346 maxume
599 1326 717 1346 uerum
741 1320 841 1353 esset,
872 1319 985 1344 tamen
1008 1313 1146 1345 comitia
1168 1311 1375 1353 flagitabant,
1404 1318 1443 1343 ut
1454 1311 1599 1355 fuerint
1624 1319 1830 1355 sequeretur.
1873 1314 2017 1347 Nullam

153 1382 235 1403 uero
260 1370 296 1401 in
318 1369 460 1400 lectione
481 1374 556 1398 ante
577 1379 612 1398 se
634 1368 827 1410 pei-uolgata
858 1377 971 1398 sanam
996 1376 1065 1396 esse
1087 1364 1281 1396 sententiam
1316 1371 1406 1396 recte
1431 1366 1482 1396 Gi
1484 1376 1598 1397 38111115
1626 1365 1798 1397 iudicauit.
1842 1365 1883 1398 Id
1906 1378 2018 1409 quon-

152 1425 220 1456 iam
245 1429 401 1466 apertum
424 1426 489 1460 est,
524 1421 633 1463 piguit
657 1421 848 1463 explanare.
893 1419 942 1452 At
963 1418 1004 1449 ab
1028 1418 1170 1449 Ernesto
1195 1423 1309 1460 postea
1331 1417 1572 1449 inconsidmate
1587 1424 1804 1462 praerogata
1829 1419 2017 1452 relatumst.

154 1477 240 1519 Quis
264 1475 354 1507 enim
377 1474 520 1513 dubitet,
563 1474 645 1515 quin
674 1473 850 1515 superiora
874 1470 1009 1502 comitia
1031 1469 1271 1512 110518111101111115
1293 1470 1422 1518 fueiint
1442 1472 1662 1513 111-3810831112
1706 1471 1806 1503 Nihil
1834 1479 1883 1505 est
1905 1479 2019 1505 autem

155 1534 355 1574 praerogata
379 1526 499 1566 fuisse,
538 1525 604 1557 nisi
627 1525 707 1567 quid
732 1525 766 1556 in
792 1524 967 1555 Plancium
990 1522 1192 1554 contulerint
1220 1522 1452 1565 intellegatur3
1489 1523 1578 1565 quod
1599 1522 1680 1554 facit
1707 1534 1751 1555 ex
1773 1536 1837 1557 usu
1858 1526 2020 1559 conmuni

155 1583 340 1619 adiectum,
381 1580 645 1623 praerogatiua.
688 1579 777 1610 Nam
810 1578 948 1610 comitia
971 1575 1226 1619 praerogatiua
1253 1588 1342 1607 noue
1371 1575 1506 1618 quidem
1533 1575 1690 1617 fortasse,
1731 1589 1851 1610 uerum
1880 1578 1920 1610 ad
1945 1590 2019 1611 rem

157 1641 231 1678 apte
254 1634 425 1671 dicuntur,
456 1644 540 1674 quae
562 1632 650 1663 idem
671 1631 913 1674 praestiterint,
945 1629 1035 1671 quod
1059 1640 1143 1671 (11138
1164 1630 1274 1671 prima
1296 1629 1412 1661 sortito
1435 1634 1550 1670 rogata
1570 1629 1630 1669 sit,
1656 1630 1692 1661 in
1715 1631 1850 1663 tributis
1873 1631 2018 1663 comitiis

156 1688 277 1726 tribus,
312 1686 347 1717 in
370 1685 562 1717 centuriatis
586 1684 748 1723 centuria,
782 1695 881 1715 omen
903 1689 941 1714 ut
964 1682 1132 1714 adferrent
1156 1682 1344 1725 pignusque
1367 1682 1634 1724 quodammodo,
1666 1683 1722 1724 qui
1744 1684 1840 1725 prior
1862 1695 1936 1715 eam
1960 1690 2018 1716 tu-

156 1741 250 1779 lerit,
273 1739 460 1770 candidato.
506 1738 670 1770 Centuricz
686 1737 942 1780 praerogatiua
964 1741 1014 1767 est
1034 1736 1162 1778 exigua
1179 1748 1266 1779 pars
1284 1736 1428 1780 populi,
1456 1735 1509 1766 cui
1528 1735 1677 1779 populus
1699 1736 1884 1768 uniuersus
1907 1747 2017 1779 oppo—

157 1793 267 1830 nitur3
302 1798 350 1823 est
373 1792 476 1823 unius
501 1790 610 1822 trihus
628 1802 734 1833 pars,
760 1790 813 1819 cui
835 1789 940 1820 tribus
964 1800 1096 1826 omnes,
1120 1788 1183 1820 hoc
1206 1795 1267 1827 est,
1292 1794 1365 1820 tota
1387 1788 1526 1819 comitia
1548 1794 1782 1830 opponuntur,
1813 1799 1898 1830 quae
1919 1790 2019 1821 unius

159 1844 328 1876 centuriae
351 1844 423 1876 loco
448 1843 587 1874 fuerunt
608 1842 743 1873 Plancio
769 1841 1013 1884 praerogatiua.
1058 1841 1107 1872 Ita
1128 1841 1277 1872 comitiis
1299 1840 1423 1871 addere
1445 1851 1578 1871 necesse
1600 1851 1669 1871 non
1692 1846 1751 1880 est,
1776 1852 1876 1882 quam
1899 1852 2020 1874 uocem

158 1897 236 1929 libri
260 1896 390 1938 optumi
418 1897 517 1937 [unus
544 1895 674 1926 Pitlloe.
698 1895 783 1926 liber
807 1894 942 1935 omittit]
967 1893 1272 1936 praetermittentes
1299 1893 1365 1924 duo
1388 1899 1573 1935 suspectam
1598 1893 1747 1924 Graeuio
1771 1893 1936 1925 fecerunt.
1964 1895 2022 1927 Set

158 1956 249 1982 recte
268 1949 362 1980 addit
383 1949 428 1988 B,
462 1948 587 1990 aliique
611 1959 744 1986 omnes,
782 1953 815 1978 et
837 1947 956 1988 probat
978 1946 1152 1977 Ernestus.
1197 1947 1286 1978 Nam
1316 1945 1460 1977 secunda
1483 1945 1617 1977 comitia
1638 1945 1885 1988 perspicuitatis
1908 1957 2022 1979 caussa

159 2003 388 2035 nominantur.
435 2001 522 2032 Cum
544 2001 715 2043 prioribus
738 2000 884 2043 populus
907 1998 1084 2030 uniuersus
1113 1997 1379 2041 praerogatiuam
1402 1998 1538 2030 Plancio
1568 1998 1696 2029 dederit
1725 2009 1803 2029 suae
1824 1999 2020 2039 uoluntatis,

160 2062 197 2087 ut
220 2055 336 2086 Cicero
360 2054 431 2096 ipse
453 2053 604 2095 loquitur
624 2054 651 2084 Ι.
674 2053 748 2085 Act.
772 2053 805 2083 in
830 2053 930 2084 Uerr.
955 2062 1003 2093 9.,
1035 2052 1186 2083 secundis
1208 2062 1277 2082 non
1300 2062 1337 2081 ea
1360 2051 1483 2089 tribus,
1516 2063 1600 2093 quae
1622 2050 1732 2093 prima
1753 2056 1867 2093 rogata
1888 2057 1948 2091 est,
1971 2056 2023 2083 set

160 2107 274 2152 priora
303 2106 444 2138 fuerunt
472 2106 605 2137 comitia
634 2106 691 2136 illa
720 2103 963 2147 praerogatiua.
999 2105 1258 2136 GARATONIUS.
1302 2105 1407 2135 Recte
1431 2105 1632 2136 Garatonius
1655 2104 1856 2146 scripturam
1879 2115 2022 2148 praero-

159 2166 246 2204 gata
269 2171 287 2189 a
307 2159 372 2189 loci
395 2160 556 2191 sententia
578 2158 826 2189 alienissumam
850 2167 920 2186 esse
943 2155 1073 2195 docuit3
1096 2168 1216 2187 uerum
1241 2167 1341 2197 quam
1363 2156 1434 2199 ipse
1456 2157 1680 2200 recipiendam
1702 2157 1800 2188 duxit
1822 2157 2023 2198 scripturam

161 2213 413 2257 praerogatiua
435 2223 511 2243 cum
532 2212 579 2242 ita
602 2211 758 2252 explicat,
782 2216 819 2241 ut
835 2211 1091 2253 praerogatiua
1112 2221 1173 2251 pro
1197 2208 1362 2239 adiectiuo
1385 2209 1514 2248 habeat,
1538 2210 1689 2241 minume
1711 2222 1729 2240 a
1746 2209 1878 2251 uolgata
1899 2206 2022 2240 differt.

163 2266 253 2297 Nam
282 2265 444 2296 adiectiuo
467 2264 737 2308 praerogatiuos
766 2262 901 2294 nonnisi
923 2262 950 2293 is
973 2261 1152 2304 significari
1178 2267 1304 2302 potest,
1344 2261 1402 2303 qui
1424 2262 1555 2304 primus
1577 2262 1732 2305 suffragia
1756 2261 1829 2292 sert.
1872 2260 1923 2291 Ea
1949 2260 2022 2302 ipsa

163 2323 277 2348 autem
300 2316 497 2358 significatio
523 2317 630 2348 aliena
652 2316 692 2347 ab
713 2317 776 2347 hoc
794 2317 917 2353 locost‚
941 2315 976 2345 in
1000 2326 1066 2356 quo
1089 2320 1228 2356 apparet
1248 2314 1313 2345 1108
1335 2314 1455 2345 debere
1482 2315 1676 2347 Ciceronem
1701 2315 1823 2352 dicere,
1847 2311 1884 2343 iu
1907 2312 2021 2345 Planci

165 2369 295 2401 honore
328 2375 395 2399 tota
425 2369 559 2400 comitia
589 2368 762 2411 superiora
785 2368 931 2399 faustum
955 2378 1054 2398 omen
1076 2366 1318 2409 posterioribus
1343 2367 1486 2399 comitiis
1509 2367 1622 2399 fuisse.
1666 2368 1781 2408 Itaque
1802 2377 1870 2396 nou
1893 2365 2020 2405 dubito,

168 2422 249 2464 quin
273 2422 523 2465 praerogatiua
551 2432 613 2464 pro
639 2421 845 2454 substantiuo
870 2419 1061 2452 habendum
1088 2418 1146 2458 sit,
1185 2425 1303 2461 atque,
1342 2425 1381 2451 ut
1408 2419 1445 2451 in
1474 2420 1544 2452 Cic.
1567 2420 1655 2462 Epp.
1685 2417 1725 2449 ad
1757 2417 1837 2449 Diu.
1867 2419 1956 2458 XV,
1989 2419 2020 2451 5.
