<?xml version="1.0" encoding="UTF-8"?>
<!DOCTYPE html PUBLIC "-//W3C//DTD XHTML 1.0 Transitional//EN"
    "http://www.w3.org/TR/xhtml1/DTD/xhtml1-transitional.dtd">
<html xmlns="http://www.w3.org/1999/xhtml" xml:lang="en" lang="en">
 <head>
  <title>
</title>
<meta http-equiv="Content-Type" content="text/html;charset=utf-8" />
  <meta name='ocr-system' content='tesseract 3.04.00' />
  <meta name='ocr-capabilities' content='ocr_page ocr_carea ocr_par ocr_line ocrx_word'/>
</head>
<body>
  <div class='ocr_page' id='page_1' title='image "./oratioprocnplanc00ciceuoft/oratioprocnplanc00ciceuoft_0094.png"; bbox 0 0 2185 2720; ppageno 0'>
   <div class='ocr_carea' id='block_1_1' title="bbox 134 141 1335 262">
    <p class='ocr_par' dir='ltr' id='par_1_1' title="bbox 134 141 1335 262">
     <span class='ocr_line' id='line_1_1' title="bbox 134 141 1335 184; baseline -0.006 -1"><span class='ocrx_word' id='word_1_1' title='bbox 134 154 279 184; x_wconf 71' lang='lat' dir='ltr'>LXXlV</span> <span class='ocrx_word' id='word_1_2' title='bbox 803 141 1335 178; x_wconf 77' lang='lat' dir='ltr'><strong>PROLEGOMENA.</strong></span> 
     </span>
     <span class='ocr_line' id='line_1_2' title="bbox 1032 221 1105 262; baseline -0.068 -6"><span class='ocrx_word' id='word_1_3' title='bbox 1032 221 1059 262; x_wconf 82' lang='lat'>§.</span> <span class='ocrx_word' id='word_1_4' title='bbox 1079 229 1105 255; x_wconf 86' lang='lat'>2.</span> 
     </span>
    </p>
   </div>
   <div class='ocr_carea' id='block_1_2' title="bbox 752 292 1388 326">
    <p class='ocr_par' dir='ltr' id='par_1_2' title="bbox 752 292 1388 326">
     <span class='ocr_line' id='line_1_3' title="bbox 752 292 1388 326; baseline -0.003 0"><span class='ocrx_word' id='word_1_5' title='bbox 752 293 814 326; x_wconf 89' lang='lat' dir='ltr'>De</span> <span class='ocrx_word' id='word_1_6' title='bbox 842 294 1028 326; x_wconf 84' lang='lat' dir='ltr'>crimine</span> <span class='ocrx_word' id='word_1_7' title='bbox 1061 292 1388 326; x_wconf 77' lang='lat' dir='ltr'><em>sodaliciorum.</em></span> 
     </span>
    </p>
   </div>
   <div class='ocr_carea' id='block_1_3' title="bbox 129 367 2019 2394">
    <p class='ocr_par' dir='ltr' id='par_1_3' title="bbox 131 367 2013 598">
     <span class='ocr_line' id='line_1_4' title="bbox 207 367 2010 411; baseline -0.002 -10"><span class='ocrx_word' id='word_1_8' title='bbox 207 376 395 411; x_wconf 82' lang='lat' dir='ltr'>Quamquam</span> <span class='ocrx_word' id='word_1_9' title='bbox 416 374 502 398; x_wconf 81' lang='lat' dir='ltr'>recte</span> <span class='ocrx_word' id='word_1_10' title='bbox 520 368 681 398; x_wconf 78' lang='lat' dir='ltr'>Manutius</span> <span class='ocrx_word' id='word_1_11' title='bbox 701 368 734 396; x_wconf 89' lang='lat' dir='ltr'>in</span> <span class='ocrx_word' id='word_1_12' title='bbox 754 375 932 406; x_wconf 83' lang='lat' dir='ltr'>argumento</span> <span class='ocrx_word' id='word_1_13' title='bbox 953 368 1045 397; x_wconf 87' lang='lat' dir='ltr'>huius</span> <span class='ocrx_word' id='word_1_14' title='bbox 1066 367 1233 403; x_wconf 83' lang='lat' dir='ltr'>orationis,</span> <span class='ocrx_word' id='word_1_15' title='bbox 1261 367 1515 406; x_wconf 79' lang='lat' dir='ltr'><strong>quemadmodum</strong></span> <span class='ocrx_word' id='word_1_16' title='bbox 1535 367 1711 407; x_wconf 82' lang='lat' dir='ltr'>perduellio</span> <span class='ocrx_word' id='word_1_17' title='bbox 1732 379 1907 399; x_wconf 79' lang='lat' dir='ltr'>maxumum</span> <span class='ocrx_word' id='word_1_18' title='bbox 1925 369 2010 399; x_wconf 86' lang='lat' dir='ltr'>inter</span> 
     </span>
     <span class='ocr_line' id='line_1_5' title="bbox 131 414 2011 455; baseline -0.004 -3"><span class='ocrx_word' id='word_1_19' title='bbox 131 420 296 452; x_wconf 74' lang='lat' dir='ltr'>maiestatis</span> <span class='ocrx_word' id='word_1_20' title='bbox 317 417 446 446; x_wconf 85' lang='lat' dir='ltr'>crimina</span> <span class='ocrx_word' id='word_1_21' title='bbox 465 417 576 453; x_wconf 82' lang='lat' dir='ltr'>suerit,</span> <span class='ocrx_word' id='word_1_22' title='bbox 597 417 640 445; x_wconf 90' lang='lat' dir='ltr'>ita</span> <span class='ocrx_word' id='word_1_23' title='bbox 660 416 807 444; x_wconf 79' lang='lat' dir='ltr'>sodalieia</span> <span class='ocrx_word' id='word_1_24' title='bbox 827 416 1049 455; x_wconf 82' lang='lat' dir='ltr'>grauissumum</span> <span class='ocrx_word' id='word_1_25' title='bbox 1069 415 1202 444; x_wconf 85' lang='lat' dir='ltr'>ambitus</span> <span class='ocrx_word' id='word_1_26' title='bbox 1223 414 1340 442; x_wconf 82' lang='lat' dir='ltr'>crimen</span> <span class='ocrx_word' id='word_1_27' title='bbox 1360 415 1456 443; x_wconf 86' lang='lat' dir='ltr'>fuisse</span> <span class='ocrx_word' id='word_1_28' title='bbox 1475 416 1612 453; x_wconf 85' lang='lat' dir='ltr'>monuit,</span> <span class='ocrx_word' id='word_1_29' title='bbox 1637 421 1740 445; x_wconf 84' lang='lat' dir='ltr'>tamen</span> <span class='ocrx_word' id='word_1_30' title='bbox 1759 426 1798 445; x_wconf 79' lang='lat' dir='ltr'>ex</span> <span class='ocrx_word' id='word_1_31' title='bbox 1818 426 1854 445; x_wconf 89' lang='lat' dir='ltr'>eo</span> <span class='ocrx_word' id='word_1_32' title='bbox 1873 417 2011 446; x_wconf 86' lang='lat' dir='ltr'>nondum.</span> 
     </span>
     <span class='ocr_line' id='line_1_6' title="bbox 133 461 2012 508; baseline -0.001 -16"><span class='ocrx_word' id='word_1_33' title='bbox 133 472 276 508; x_wconf 66' lang='lat' dir='ltr'>apparet,</span> <span class='ocrx_word' id='word_1_34' title='bbox 306 464 460 503; x_wconf 87' lang='lat' dir='ltr'>quomodo</span> <span class='ocrx_word' id='word_1_35' title='bbox 486 464 634 493; x_wconf 85' lang='lat' dir='ltr'>sodalicia</span> <span class='ocrx_word' id='word_1_36' title='bbox 653 463 690 493; x_wconf 91' lang='lat' dir='ltr'>ab</span> <span class='ocrx_word' id='word_1_37' title='bbox 718 462 837 490; x_wconf 81' lang='lat' dir='ltr'>ambitu</span> <span class='ocrx_word' id='word_1_38' title='bbox 857 462 1074 502; x_wconf 77' lang='lat' dir='ltr'>discreparint.</span> <span class='ocrx_word' id='word_1_39' title='bbox 1115 461 1271 499; x_wconf 86' lang='lat' dir='ltr'>Quaedam</span> <span class='ocrx_word' id='word_1_40' title='bbox 1300 462 1337 490; x_wconf 86' lang='lat' dir='ltr'>dc</span> <span class='ocrx_word' id='word_1_41' title='bbox 1363 462 1424 490; x_wconf 87' lang='lat' dir='ltr'>isto</span> <span class='ocrx_word' id='word_1_42' title='bbox 1446 462 1625 491; x_wconf 87' lang='lat' dir='ltr'><strong>discrimine</strong></span> <span class='ocrx_word' id='word_1_43' title='bbox 1646 464 1680 492; x_wconf 84' lang='lat' dir='ltr'>C.</span> <span class='ocrx_word' id='word_1_44' title='bbox 1702 463 1845 501; x_wconf 79' lang='lat' dir='ltr'>Sigonius</span> <span class='ocrx_word' id='word_1_45' title='bbox 1867 463 1903 491; x_wconf 88' lang='lat' dir='ltr'>de</span> <span class='ocrx_word' id='word_1_46' title='bbox 1923 463 2012 491; x_wconf 85' lang='lat' dir='ltr'>Iudi-</span> 
     </span>
     <span class='ocr_line' id='line_1_7' title="bbox 132 509 2013 550; baseline -0.003 -5"><span class='ocrx_word' id='word_1_47' title='bbox 132 517 188 545; x_wconf 84' lang='lat' dir='ltr'>ciis</span> <span class='ocrx_word' id='word_1_48' title='bbox 209 515 280 544; x_wconf 92' lang='lat' dir='ltr'>Lib.</span> <span class='ocrx_word' id='word_1_49' title='bbox 302 512 341 540; x_wconf 95' lang='lat' dir='ltr'>II.</span> <span class='ocrx_word' id='word_1_50' title='bbox 363 521 387 539; x_wconf 90' lang='lat' dir='ltr'>c.</span> <span class='ocrx_word' id='word_1_51' title='bbox 407 512 454 540; x_wconf 80' lang='lat'>30.</span> <span class='ocrx_word' id='word_1_52' title='bbox 474 521 504 549; x_wconf 79' lang='lat' dir='ltr'>p.</span> <span class='ocrx_word' id='word_1_53' title='bbox 528 511 607 547; x_wconf 84' lang='lat'><strong>1784.</strong></span> <span class='ocrx_word' id='word_1_54' title='bbox 636 509 730 537; x_wconf 86' lang='lat' dir='ltr'>Thes.</span> <span class='ocrx_word' id='word_1_55' title='bbox 756 509 868 538; x_wconf 86' lang='lat' dir='ltr'>Graeu.</span> <span class='ocrx_word' id='word_1_56' title='bbox 889 515 975 539; x_wconf 85' lang='lat' dir='ltr'>recte</span> <span class='ocrx_word' id='word_1_57' title='bbox 994 509 1129 547; x_wconf 72' lang='lat' dir='ltr'>monuit,</span> <span class='ocrx_word' id='word_1_58' title='bbox 1157 519 1234 548; x_wconf 88' lang='lat' dir='ltr'>quae</span> <span class='ocrx_word' id='word_1_59' title='bbox 1261 519 1321 548; x_wconf 89' lang='lat' dir='ltr'>quo</span> <span class='ocrx_word' id='word_1_60' title='bbox 1348 510 1442 548; x_wconf 84' lang='lat' dir='ltr'>magis</span> <span class='ocrx_word' id='word_1_61' title='bbox 1461 510 1620 550; x_wconf 86' lang='lat' dir='ltr'>plerisque</span> <span class='ocrx_word' id='word_1_62' title='bbox 1639 510 1716 539; x_wconf 91' lang='lat' dir='ltr'>uiris</span> <span class='ocrx_word' id='word_1_63' title='bbox 1738 511 1835 540; x_wconf 88' lang='lat' dir='ltr'>doctis</span> <span class='ocrx_word' id='word_1_64' title='bbox 1855 510 2013 549; x_wconf 85' lang='lat' dir='ltr'>incognita</span> 
     </span>
     <span class='ocr_line' id='line_1_8' title="bbox 131 556 932 598; baseline -0.007 -5"><span class='ocrx_word' id='word_1_65' title='bbox 131 568 220 598; x_wconf 83' lang='lat' dir='ltr'>sunt,</span> <span class='ocrx_word' id='word_1_66' title='bbox 241 571 277 589; x_wconf 86' lang='lat' dir='ltr'>eo</span> <span class='ocrx_word' id='word_1_67' title='bbox 297 559 399 588; x_wconf 88' lang='lat' dir='ltr'>minus</span> <span class='ocrx_word' id='word_1_68' title='bbox 419 559 555 586; x_wconf 86' lang='lat' dir='ltr'>alienum</span> <span class='ocrx_word' id='word_1_69' title='bbox 576 556 687 595; x_wconf 88' lang='lat' dir='ltr'>putaui</span> <span class='ocrx_word' id='word_1_70' title='bbox 707 556 760 584; x_wconf 89' lang='lat' dir='ltr'>hic</span> <span class='ocrx_word' id='word_1_71' title='bbox 779 563 932 595; x_wconf 82' lang='lat' dir='ltr'>repetere.</span> 
     </span>
    </p>

    <p class='ocr_par' dir='ltr' id='par_1_4' title="bbox 129 603 2016 1778">
     <span class='ocr_line' id='line_1_9' title="bbox 206 603 2013 645; baseline -0.002 -9"><span class='ocrx_word' id='word_1_72' title='bbox 206 610 353 645; x_wconf 84' lang='lat' dir='ltr'>„Praeter</span> <span class='ocrx_word' id='word_1_73' title='bbox 372 606 527 644; x_wconf 84' lang='lat' dir='ltr'>profusam</span> <span class='ocrx_word' id='word_1_74' title='bbox 547 604 770 642; x_wconf 82' lang='lat' dir='ltr'><strong>benignitatem</strong></span> <span class='ocrx_word' id='word_1_75' title='bbox 791 604 958 634; x_wconf 86' lang='lat' dir='ltr'>adhibitast</span> <span class='ocrx_word' id='word_1_76' title='bbox 976 604 1010 633; x_wconf 87' lang='lat' dir='ltr'>in</span> <span class='ocrx_word' id='word_1_77' title='bbox 1030 603 1182 640; x_wconf 86' lang='lat' dir='ltr'>comitiis,</span> <span class='ocrx_word' id='word_1_78' title='bbox 1202 603 1330 633; x_wconf 87' lang='lat' dir='ltr'>ultumis</span> <span class='ocrx_word' id='word_1_79' title='bbox 1350 615 1492 633; x_wconf 76' lang='lat' dir='ltr'>maxume</span> <span class='ocrx_word' id='word_1_80' title='bbox 1511 605 1559 634; x_wconf 82' lang='lat' dir='ltr'>rei</span> <span class='ocrx_word' id='word_1_81' title='bbox 1578 616 1608 644; x_wconf 86' lang='lat' dir='ltr'>p.</span> <span class='ocrx_word' id='word_1_82' title='bbox 1627 604 1838 644; x_wconf 83' lang='lat' dir='ltr'>temporibus,</span> <span class='ocrx_word' id='word_1_83' title='bbox 1858 604 1944 644; x_wconf 88' lang='lat' dir='ltr'>quasi</span> <span class='ocrx_word' id='word_1_84' title='bbox 1964 603 2013 633; x_wconf 83' lang='lat' dir='ltr'>uis</span> 
     </span>
     <span class='ocr_line' id='line_1_10' title="bbox 131 650 2012 697; baseline -0.004 -11"><span class='ocrx_word' id='word_1_85' title='bbox 131 656 288 697; x_wconf 80' lang='lat' dir='ltr'>quaedam,</span> <span class='ocrx_word' id='word_1_86' title='bbox 309 663 385 691; x_wconf 79' lang='lat' dir='ltr'>quac</span> <span class='ocrx_word' id='word_1_87' title='bbox 406 652 476 690; x_wconf 89' lang='lat' dir='ltr'>quia</span> <span class='ocrx_word' id='word_1_88' title='bbox 496 651 651 679; x_wconf 78' lang='lat' dir='ltr'>sodalibus</span> <span class='ocrx_word' id='word_1_89' title='bbox 671 650 837 680; x_wconf 80' lang='lat' dir='ltr'>contractis</span> <span class='ocrx_word' id='word_1_90' title='bbox 860 652 1074 688; x_wconf 77' lang='lat' dir='ltr'>adhibebatur,</span> <span class='ocrx_word' id='word_1_91' title='bbox 1094 651 1224 690; x_wconf 84' lang='lat' dir='ltr'>proprio</span> <span class='ocrx_word' id='word_1_92' title='bbox 1244 652 1371 681; x_wconf 85' lang='lat' dir='ltr'>nomine</span> <span class='ocrx_word' id='word_1_93' title='bbox 1390 653 1609 682; x_wconf 77' lang='lat' dir='ltr'>sodaliciorum</span> <span class='ocrx_word' id='word_1_94' title='bbox 1628 657 1674 681; x_wconf 87' lang='lat' dir='ltr'>est</span> <span class='ocrx_word' id='word_1_95' title='bbox 1693 653 1854 691; x_wconf 88' lang='lat' dir='ltr'>appellata.</span> <span class='ocrx_word' id='word_1_96' title='bbox 1885 651 2012 680; x_wconf 85' lang='lat' dir='ltr'>Sodales</span> 
     </span>
     <span class='ocr_line' id='line_1_11' title="bbox 132 697 2013 737; baseline -0.003 -4"><span class='ocrx_word' id='word_1_97' title='bbox 132 710 234 733; x_wconf 88' lang='lat' dir='ltr'>autem</span> <span class='ocrx_word' id='word_1_98' title='bbox 254 702 313 729; x_wconf 87' lang='lat' dir='ltr'>hoc</span> <span class='ocrx_word' id='word_1_99' title='bbox 333 701 366 728; x_wconf 88' lang='lat' dir='ltr'>iu</span> <span class='ocrx_word' id='word_1_100' title='bbox 386 700 455 727; x_wconf 91' lang='lat' dir='ltr'>loco</span> <span class='ocrx_word' id='word_1_101' title='bbox 476 704 563 727; x_wconf 84' lang='lat' dir='ltr'>erant</span> <span class='ocrx_word' id='word_1_102' title='bbox 582 698 669 737; x_wconf 85' lang='lat' dir='ltr'>quasi</span> <span class='ocrx_word' id='word_1_103' title='bbox 690 698 827 726; x_wconf 88' lang='lat' dir='ltr'>eiusdem</span> <span class='ocrx_word' id='word_1_104' title='bbox 852 697 996 728; x_wconf 84' lang='lat' dir='ltr'>factionis</span> <span class='ocrx_word' id='word_1_105' title='bbox 1019 704 1050 727; x_wconf 90' lang='lat' dir='ltr'>et</span> <span class='ocrx_word' id='word_1_106' title='bbox 1069 698 1226 728; x_wconf 83' lang='lat' dir='ltr'>coitionis.</span> <span class='ocrx_word' id='word_1_107' title='bbox 1266 699 1299 726; x_wconf 90' lang='lat' dir='ltr'>Si</span> <span class='ocrx_word' id='word_1_108' title='bbox 1320 700 1388 737; x_wconf 88' lang='lat' dir='ltr'>quis</span> <span class='ocrx_word' id='word_1_109' title='bbox 1408 706 1510 730; x_wconf 85' lang='lat' dir='ltr'>autem</span> <span class='ocrx_word' id='word_1_110' title='bbox 1530 700 1654 729; x_wconf 82' lang='lat' dir='ltr'>tribulis</span> <span class='ocrx_word' id='word_1_111' title='bbox 1676 700 1865 728; x_wconf 90' lang='lat' dir='ltr'>decuriasset</span> <span class='ocrx_word' id='word_1_112' title='bbox 1884 704 1915 728; x_wconf 87' lang='lat' dir='ltr'>et</span> <span class='ocrx_word' id='word_1_113' title='bbox 1935 708 2013 727; x_wconf 88' lang='lat' dir='ltr'>con-</span> 
     </span>
     <span class='ocr_line' id='line_1_12' title="bbox 132 745 2012 789; baseline -0.003 -9"><span class='ocrx_word' id='word_1_114' title='bbox 132 749 314 789; x_wconf 82' lang='lat' dir='ltr'>scripsisset,</span> <span class='ocrx_word' id='word_1_115' title='bbox 330 752 364 775; x_wconf 88' lang='lat' dir='ltr'>ut</span> <span class='ocrx_word' id='word_1_116' title='bbox 377 750 591 784; x_wconf 85' lang='lat' dir='ltr'>corrumperet</span> <span class='ocrx_word' id='word_1_117' title='bbox 605 745 765 784; x_wconf 85' lang='lat' dir='ltr'>populum,</span> <span class='ocrx_word' id='word_1_118' title='bbox 778 745 922 784; x_wconf 89' lang='lat' dir='ltr'>quoniam</span> <span class='ocrx_word' id='word_1_119' title='bbox 939 746 1140 775; x_wconf 79' lang='lat' dir='ltr'>multitudine</span> <span class='ocrx_word' id='word_1_120' title='bbox 1155 756 1264 783; x_wconf 81' lang='lat' dir='ltr'>cogere</span> <span class='ocrx_word' id='word_1_121' title='bbox 1279 747 1452 784; x_wconf 86' lang='lat' dir='ltr'>uidebatur,</span> <span class='ocrx_word' id='word_1_122' title='bbox 1460 748 1508 776; x_wconf 89' lang='lat' dir='ltr'>uis</span> <span class='ocrx_word' id='word_1_123' title='bbox 1523 747 1706 784; x_wconf 71' lang='lat' dir='ltr'>uidebatur,</span> <span class='ocrx_word' id='word_1_124' title='bbox 1723 747 1866 786; x_wconf 87' lang='lat' dir='ltr'>quoniam</span> <span class='ocrx_word' id='word_1_125' title='bbox 1880 745 2012 785; x_wconf 89' lang='lat' dir='ltr'>pecunia</span> 
     </span>
     <span class='ocr_line' id='line_1_13' title="bbox 133 792 2012 832; baseline -0.004 -5"><span class='ocrx_word' id='word_1_126' title='bbox 133 795 355 831; x_wconf 77' lang='lat' dir='ltr'>contendebat,</span> <span class='ocrx_word' id='word_1_127' title='bbox 383 794 419 822; x_wconf 86' lang='lat' dir='ltr'>ad</span> <span class='ocrx_word' id='word_1_128' title='bbox 445 793 592 822; x_wconf 85' lang='lat' dir='ltr'>ambitum</span> <span class='ocrx_word' id='word_1_129' title='bbox 619 792 807 831; x_wconf 83' lang='lat' dir='ltr'>pertinebat.</span> <span class='ocrx_word' id='word_1_130' title='bbox 845 793 944 822; x_wconf 85' lang='lat' dir='ltr'>Erant</span> <span class='ocrx_word' id='word_1_131' title='bbox 962 799 1064 823; x_wconf 86' lang='lat' dir='ltr'>tamen</span> <span class='ocrx_word' id='word_1_132' title='bbox 1084 793 1232 822; x_wconf 84' lang='lat' dir='ltr'>sodalicia</span> <span class='ocrx_word' id='word_1_133' title='bbox 1251 793 1288 821; x_wconf 91' lang='lat' dir='ltr'>ab</span> <span class='ocrx_word' id='word_1_134' title='bbox 1308 794 1426 824; x_wconf 86' lang='lat' dir='ltr'>ambitu</span> <span class='ocrx_word' id='word_1_135' title='bbox 1446 795 1578 824; x_wconf 88' lang='lat' dir='ltr'>diuersa.</span> <span class='ocrx_word' id='word_1_136' title='bbox 1617 794 1697 822; x_wconf 88' lang='lat' dir='ltr'>Nam</span> <span class='ocrx_word' id='word_1_137' title='bbox 1724 795 1758 822; x_wconf 91' lang='lat' dir='ltr'>in</span> <span class='ocrx_word' id='word_1_138' title='bbox 1779 793 1935 823; x_wconf 85' lang='lat' dir='ltr'>sodaliciis</span> <span class='ocrx_word' id='word_1_139' title='bbox 1954 802 2012 832; x_wconf 90' lang='lat' dir='ltr'>per</span> 
     </span>
     <span class='ocr_line' id='line_1_14' title="bbox 133 839 2013 880; baseline -0.003 -7"><span class='ocrx_word' id='word_1_140' title='bbox 133 845 245 874; x_wconf 85' lang='lat' dir='ltr'>sodalis</span> <span class='ocrx_word' id='word_1_141' title='bbox 267 842 440 870; x_wconf 84' lang='lat' dir='ltr'>decuriatos</span> <span class='ocrx_word' id='word_1_142' title='bbox 461 846 492 869; x_wconf 90' lang='lat' dir='ltr'>et</span> <span class='ocrx_word' id='word_1_143' title='bbox 512 839 705 878; x_wconf 88' lang='lat' dir='ltr'>conscriptos</span> <span class='ocrx_word' id='word_1_144' title='bbox 725 849 775 868; x_wconf 86' lang='lat' dir='ltr'>res</span> <span class='ocrx_word' id='word_1_145' title='bbox 795 841 950 878; x_wconf 81' lang='lat' dir='ltr'>agebatur,</span> <span class='ocrx_word' id='word_1_146' title='bbox 973 842 1006 870; x_wconf 89' lang='lat' dir='ltr'>in</span> <span class='ocrx_word' id='word_1_147' title='bbox 1027 841 1145 870; x_wconf 83' lang='lat' dir='ltr'>ambitu</span> <span class='ocrx_word' id='word_1_148' title='bbox 1164 851 1220 880; x_wconf 85' lang='lat' dir='ltr'>per</span> <span class='ocrx_word' id='word_1_149' title='bbox 1229 842 1396 879; x_wconf 86' lang='lat' dir='ltr'>sequestris</span> <span class='ocrx_word' id='word_1_150' title='bbox 1418 847 1449 871; x_wconf 88' lang='lat' dir='ltr'>et</span> <span class='ocrx_word' id='word_1_151' title='bbox 1469 842 1630 871; x_wconf 87' lang='lat' dir='ltr'>diuisores.</span> <span class='ocrx_word' id='word_1_152' title='bbox 1669 841 1777 879; x_wconf 87' lang='lat' dir='ltr'>Itaque</span> <span class='ocrx_word' id='word_1_153' title='bbox 1796 841 1945 880; x_wconf 83' lang='lat' dir='ltr'>scriptum</span> <span class='ocrx_word' id='word_1_154' title='bbox 1966 845 2013 868; x_wconf 91' lang='lat' dir='ltr'>est</span> 
     </span>
     <span class='ocr_line' id='line_1_15' title="bbox 133 887 2010 931; baseline -0.003 -11"><span class='ocrx_word' id='word_1_155' title='bbox 133 896 207 931; x_wconf 88' lang='lat' dir='ltr'>aput</span> <span class='ocrx_word' id='word_1_156' title='bbox 223 889 401 925; x_wconf 84' lang='lat' dir='ltr'>Asconium,</span> <span class='ocrx_word' id='word_1_157' title='bbox 420 888 572 918; x_wconf 81' lang='lat' dir='ltr'>Milonem</span> <span class='ocrx_word' id='word_1_158' title='bbox 591 887 699 915; x_wconf 85' lang='lat' dir='ltr'>eodem</span> <span class='ocrx_word' id='word_1_159' title='bbox 718 891 859 926; x_wconf 81' lang='lat' dir='ltr'>tempore</span> <span class='ocrx_word' id='word_1_160' title='bbox 880 887 918 916; x_wconf 91' lang='lat' dir='ltr'>de</span> <span class='ocrx_word' id='word_1_161' title='bbox 937 888 1055 917; x_wconf 90' lang='lat' dir='ltr'>ambitu</span> <span class='ocrx_word' id='word_1_162' title='bbox 1075 893 1105 917; x_wconf 86' lang='lat' dir='ltr'>et</span> <span class='ocrx_word' id='word_1_163' title='bbox 1119 888 1157 917; x_wconf 89' lang='lat' dir='ltr'>de</span> <span class='ocrx_word' id='word_1_164' title='bbox 1171 888 1327 917; x_wconf 86' lang='lat' dir='ltr'>sodaliciis</span> <span class='ocrx_word' id='word_1_165' title='bbox 1344 894 1419 928; x_wconf 85' lang='lat' dir='ltr'>aput</span> <span class='ocrx_word' id='word_1_166' title='bbox 1433 889 1573 918; x_wconf 89' lang='lat' dir='ltr'>diuersos</span> <span class='ocrx_word' id='word_1_167' title='bbox 1593 887 1783 927; x_wconf 80' lang='lat' dir='ltr'>quaesitores</span> <span class='ocrx_word' id='word_1_168' title='bbox 1799 893 1829 916; x_wconf 89' lang='lat' dir='ltr'>et</span> <span class='ocrx_word' id='word_1_169' title='bbox 1842 898 1859 916; x_wconf 89' lang='lat' dir='ltr'>a</span> <span class='ocrx_word' id='word_1_170' title='bbox 1879 887 2010 916; x_wconf 85' lang='lat' dir='ltr'>diuersis</span> 
     </span>
     <span class='ocr_line' id='line_1_16' title="bbox 133 934 2012 975; baseline -0.004 -6"><span class='ocrx_word' id='word_1_171' title='bbox 133 937 376 969; x_wconf 84' lang='lat' dir='ltr'>accussatoribus</span> <span class='ocrx_word' id='word_1_172' title='bbox 397 945 462 964; x_wconf 89' lang='lat' dir='ltr'>esse</span> <span class='ocrx_word' id='word_1_173' title='bbox 481 934 679 973; x_wconf 81' lang='lat' dir='ltr'>postulatum.</span> <span class='ocrx_word' id='word_1_174' title='bbox 718 934 760 963; x_wconf 92' lang='lat' dir='ltr'>Et</span> <span class='ocrx_word' id='word_1_175' title='bbox 777 936 981 964; x_wconf 82' lang='lat' dir='ltr'>Mamertinus</span> <span class='ocrx_word' id='word_1_176' title='bbox 1002 935 1085 964; x_wconf 83' lang='lat' dir='ltr'>dixit</span> <span class='ocrx_word' id='word_1_177' title='bbox 1103 935 1141 964; x_wconf 87' lang='lat' dir='ltr'>ad</span> <span class='ocrx_word' id='word_1_178' title='bbox 1159 936 1312 965; x_wconf 77' lang='lat' dir='ltr'>Iulianiun</span> <span class='ocrx_word' id='word_1_179' title='bbox 1332 937 1557 975; x_wconf 86' lang='lat' dir='ltr'>inperatorem:</span> <span class='ocrx_word' id='word_1_180' title='bbox 1590 936 1644 963; x_wconf 85' lang='lat' dir='ltr'>An</span> <span class='ocrx_word' id='word_1_181' title='bbox 1663 945 1753 970; x_wconf 85' lang='lat' dir='ltr'>uero,</span> <span class='ocrx_word' id='word_1_182' title='bbox 1778 937 1806 963; x_wconf 86' lang='lat' dir='ltr'>si</span> <span class='ocrx_word' id='word_1_183' title='bbox 1828 936 2012 963; x_wconf 81' lang='lat' dir='ltr'>centuriatis</span> 
     </span>
     <span class='ocr_line' id='line_1_17' title="bbox 134 982 2015 1023; baseline -0.003 -7"><span class='ocrx_word' id='word_1_184' title='bbox 134 987 267 1016; x_wconf 80' lang='lat' dir='ltr'>comitiis</span> <span class='ocrx_word' id='word_1_185' title='bbox 287 984 395 1013; x_wconf 82' lang='lat' dir='ltr'>consul</span> <span class='ocrx_word' id='word_1_186' title='bbox 413 989 536 1011; x_wconf 83' lang='lat' dir='ltr'>creatus</span> <span class='ocrx_word' id='word_1_187' title='bbox 556 993 663 1018; x_wconf 83' lang='lat' dir='ltr'>essem,</span> <span class='ocrx_word' id='word_1_188' title='bbox 686 982 856 1020; x_wconf 74' lang='lat' dir='ltr'>gloriosius</span> <span class='ocrx_word' id='word_1_189' title='bbox 882 983 961 1013; x_wconf 73' lang='lat' dir='ltr'>mihi</span> <span class='ocrx_word' id='word_1_190' title='bbox 987 985 1130 1012; x_wconf 76' lang='lat' dir='ltr'>uniuersi</span> <span class='ocrx_word' id='word_1_191' title='bbox 1149 985 1262 1021; x_wconf 82' lang='lat' dir='ltr'>populi</span> <span class='ocrx_word' id='word_1_192' title='bbox 1281 985 1443 1023; x_wconf 80' lang='lat' dir='ltr'>suffragiis</span> <span class='ocrx_word' id='word_1_193' title='bbox 1471 984 1649 1012; x_wconf 81' lang='lat' dir='ltr'>declaratus</span> <span class='ocrx_word' id='word_1_194' title='bbox 1675 983 1823 1012; x_wconf 74' lang='lat' dir='ltr'>uiderer?</span> <span class='ocrx_word' id='word_1_195' title='bbox 1848 984 2015 1016; x_wconf 45' lang='lat' dir='ltr'>lilinum&amp;</span> 
     </span>
     <span class='ocr_line' id='line_1_18' title="bbox 133 1029 2014 1072; baseline -0.002 -11"><span class='ocrx_word' id='word_1_196' title='bbox 133 1033 284 1072; x_wconf 77' lang='lat' dir='ltr'>siquidem</span> <span class='ocrx_word' id='word_1_197' title='bbox 305 1032 399 1059; x_wconf 79' lang='lat' dir='ltr'>etiarn</span> <span class='ocrx_word' id='word_1_198' title='bbox 418 1030 483 1058; x_wconf 85' lang='lat' dir='ltr'>illis</span> <span class='ocrx_word' id='word_1_199' title='bbox 498 1029 613 1066; x_wconf 82' lang='lat' dir='ltr'>priscis</span> <span class='ocrx_word' id='word_1_200' title='bbox 633 1030 820 1067; x_wconf 79' lang='lat' dir='ltr'>temporibus</span> <span class='ocrx_word' id='word_1_201' title='bbox 840 1030 1009 1058; x_wconf 83' lang='lat' dir='ltr'>multorum</span> <span class='ocrx_word' id='word_1_202' title='bbox 1029 1030 1149 1059; x_wconf 80' lang='lat' dir='ltr'>ambitu</span> <span class='ocrx_word' id='word_1_203' title='bbox 1166 1031 1242 1069; x_wconf 77' lang='lat' dir='ltr'>fuit</span> <span class='ocrx_word' id='word_1_204' title='bbox 1261 1042 1389 1070; x_wconf 80' lang='lat' dir='ltr'>campus</span> <span class='ocrx_word' id='word_1_205' title='bbox 1409 1032 1547 1069; x_wconf 88' lang='lat' dir='ltr'>infamis.</span> <span class='ocrx_word' id='word_1_206' title='bbox 1576 1031 1663 1058; x_wconf 86' lang='lat' dir='ltr'>Nota</span> <span class='ocrx_word' id='word_1_207' title='bbox 1683 1030 1856 1059; x_wconf 84' lang='lat' dir='ltr'>diuisorum</span> <span class='ocrx_word' id='word_1_208' title='bbox 1867 1031 2014 1069; x_wconf 79' lang='lat' dir='ltr'>flagitia,</span> 
     </span>
     <span class='ocr_line' id='line_1_19' title="bbox 134 1077 2013 1116; baseline -0.001 -8"><span class='ocrx_word' id='word_1_209' title='bbox 134 1087 225 1109; x_wconf 85' lang='lat' dir='ltr'>notae</span> <span class='ocrx_word' id='word_1_210' title='bbox 245 1078 417 1107; x_wconf 84' lang='lat' dir='ltr'>libellorum·</span> <span class='ocrx_word' id='word_1_211' title='bbox 431 1078 644 1115; x_wconf 78' lang='lat' dir='ltr'>praestigiae,</span> <span class='ocrx_word' id='word_1_212' title='bbox 672 1084 738 1105; x_wconf 90' lang='lat' dir='ltr'>tum</span> <span class='ocrx_word' id='word_1_213' title='bbox 757 1088 922 1115; x_wconf 85' lang='lat' dir='ltr'>operarum</span> <span class='ocrx_word' id='word_1_214' title='bbox 940 1079 986 1107; x_wconf 81' lang='lat' dir='ltr'>acl</span> <span class='ocrx_word' id='word_1_215' title='bbox 1003 1080 1068 1106; x_wconf 88' lang='lat' dir='ltr'>uim</span> <span class='ocrx_word' id='word_1_216' title='bbox 1088 1084 1117 1107; x_wconf 87' lang='lat' dir='ltr'>et</span> <span class='ocrx_word' id='word_1_217' title='bbox 1135 1079 1315 1108; x_wconf 77' lang='lat' dir='ltr'>seditionem</span> <span class='ocrx_word' id='word_1_218' title='bbox 1341 1089 1453 1108; x_wconf 85' lang='lat' dir='ltr'>manus</span> <span class='ocrx_word' id='word_1_219' title='bbox 1479 1084 1608 1116; x_wconf 76' lang='lat' dir='ltr'>emptae.</span> <span class='ocrx_word' id='word_1_220' title='bbox 1646 1077 1829 1107; x_wconf 81' lang='lat' dir='ltr'>sodalitates</span> <span class='ocrx_word' id='word_1_221' title='bbox 1858 1078 1949 1107; x_wconf 87' lang='lat' dir='ltr'>etiam</span> <span class='ocrx_word' id='word_1_222' title='bbox 1975 1078 2013 1106; x_wconf 85' lang='lat' dir='ltr'>ad</span> 
     </span>
     <span class='ocr_line' id='line_1_20' title="bbox 135 1124 2014 1166; baseline -0.002 -9"><span class='ocrx_word' id='word_1_223' title='bbox 135 1127 282 1157; x_wconf 87' lang='lat' dir='ltr'>ambitum</span> <span class='ocrx_word' id='word_1_224' title='bbox 302 1124 470 1164; x_wconf 80' lang='lat' dir='ltr'>pertinere,</span> <span class='ocrx_word' id='word_1_225' title='bbox 492 1124 629 1152; x_wconf 85' lang='lat' dir='ltr'>ostendit</span> <span class='ocrx_word' id='word_1_226' title='bbox 645 1124 756 1153; x_wconf 81' lang='lat' dir='ltr'>Cicero</span> <span class='ocrx_word' id='word_1_227' title='bbox 776 1135 834 1163; x_wconf 90' lang='lat' dir='ltr'>pro</span> <span class='ocrx_word' id='word_1_228' title='bbox 853 1124 980 1153; x_wconf 78' lang='lat' dir='ltr'>Plancio</span> <span class='ocrx_word' id='word_1_229' title='bbox 1003 1124 1051 1164; x_wconf 91' lang='lat' dir='ltr'>(C.</span> <span class='ocrx_word' id='word_1_230' title='bbox 1067 1125 1144 1154; x_wconf 91' lang='lat' dir='ltr'>XV.</span> <span class='ocrx_word' id='word_1_231' title='bbox 1164 1125 1192 1166; x_wconf 53' lang='grc' dir='ltr'>ᾗ.</span> <span class='ocrx_word' id='word_1_232' title='bbox 1212 1126 1283 1166; x_wconf 82' lang='lat'><em>37.)‚</em></span> <span class='ocrx_word' id='word_1_233' title='bbox 1305 1138 1375 1156; x_wconf 89' lang='lat' dir='ltr'>cum</span> <span class='ocrx_word' id='word_1_234' title='bbox 1395 1126 1488 1155; x_wconf 87' lang='lat' dir='ltr'>dicit:</span> <span class='ocrx_word' id='word_1_235' title='bbox 1507 1127 1578 1154; x_wconf 79' lang='lat' dir='ltr'>Hoc</span> <span class='ocrx_word' id='word_1_236' title='bbox 1597 1127 1699 1163; x_wconf 84' lang='lat' dir='ltr'>igitur</span> <span class='ocrx_word' id='word_1_237' title='bbox 1718 1128 1887 1155; x_wconf 79' lang='lat' dir='ltr'>sensimus:</span> <span class='ocrx_word' id='word_1_238' title='bbox 1907 1127 2014 1154; x_wconf 79' lang='lat' dir='ltr'>cuius-</span> 
     </span>
     <span class='ocr_line' id='line_1_21' title="bbox 136 1171 2016 1213; baseline -0.002 -9"><span class='ocrx_word' id='word_1_239' title='bbox 136 1185 264 1213; x_wconf 78' lang='lat' dir='ltr'>cumque</span> <span class='ocrx_word' id='word_1_240' title='bbox 285 1172 385 1201; x_wconf 76' lang='lat' dir='ltr'>tribus</span> <span class='ocrx_word' id='word_1_241' title='bbox 404 1172 540 1209; x_wconf 80' lang='lat' dir='ltr'>largitor</span> <span class='ocrx_word' id='word_1_242' title='bbox 559 1178 651 1207; x_wconf 82' lang='lat' dir='ltr'>esset,</span> <span class='ocrx_word' id='word_1_243' title='bbox 678 1178 707 1200; x_wconf 83' lang='lat' dir='ltr'>et</span> <span class='ocrx_word' id='word_1_244' title='bbox 721 1182 781 1213; x_wconf 80' lang='lat' dir='ltr'>per</span> <span class='ocrx_word' id='word_1_245' title='bbox 807 1171 890 1199; x_wconf 75' lang='lat' dir='ltr'>lianc</span> <span class='ocrx_word' id='word_1_246' title='bbox 909 1174 1151 1209; x_wconf 80' lang='lat' dir='ltr'>consensionem,</span> <span class='ocrx_word' id='word_1_247' title='bbox 1179 1184 1257 1212; x_wconf 84' lang='lat' dir='ltr'>quae</span> <span class='ocrx_word' id='word_1_248' title='bbox 1277 1177 1381 1213; x_wconf 80' lang='lat' dir='ltr'>magis</span> <span class='ocrx_word' id='word_1_249' title='bbox 1399 1174 1523 1203; x_wconf 77' lang='lat' dir='ltr'>honeste</span> <span class='ocrx_word' id='word_1_250' title='bbox 1542 1183 1636 1212; x_wconf 76' lang='lat' dir='ltr'>quam</span> <span class='ocrx_word' id='word_1_251' title='bbox 1654 1183 1727 1201; x_wconf 86' lang='lat' dir='ltr'>uere</span> <span class='ocrx_word' id='word_1_252' title='bbox 1744 1174 1895 1202; x_wconf 83' lang='lat' dir='ltr'>sodalitas</span> <span class='ocrx_word' id='word_1_253' title='bbox 1915 1174 2016 1201; x_wconf 84' lang='lat' dir='ltr'>nomi·-</span> 
     </span>
     <span class='ocr_line' id='line_1_22' title="bbox 135 1218 2014 1258; baseline -0.002 -7"><span class='ocrx_word' id='word_1_254' title='bbox 135 1227 281 1256; x_wconf 81' lang='lat' dir='ltr'>naretur,</span> <span class='ocrx_word' id='word_1_255' title='bbox 301 1229 395 1258; x_wconf 85' lang='lat' dir='ltr'>quam</span> <span class='ocrx_word' id='word_1_256' title='bbox 415 1220 544 1257; x_wconf 85' lang='lat' dir='ltr'>quisque</span> <span class='ocrx_word' id='word_1_257' title='bbox 564 1218 680 1246; x_wconf 83' lang='lat' dir='ltr'>tribum</span> <span class='ocrx_word' id='word_1_258' title='bbox 700 1220 788 1256; x_wconf 85' lang='lat' dir='ltr'>turpi</span> <span class='ocrx_word' id='word_1_259' title='bbox 806 1219 974 1257; x_wconf 76' lang='lat' dir='ltr'>largitione</span> <span class='ocrx_word' id='word_1_260' title='bbox 994 1227 1221 1257; x_wconf 82' lang='lat' dir='ltr'>corrumperet,</span> <span class='ocrx_word' id='word_1_261' title='bbox 1242 1233 1310 1250; x_wconf 80' lang='lat' dir='ltr'>eum</span> <span class='ocrx_word' id='word_1_262' title='bbox 1330 1231 1472 1250; x_wconf 86' lang='lat' dir='ltr'>maxume</span> <span class='ocrx_word' id='word_1_263' title='bbox 1491 1222 1531 1248; x_wconf 87' lang='lat' dir='ltr'>iis</span> <span class='ocrx_word' id='word_1_264' title='bbox 1550 1219 1735 1253; x_wconf 77' lang='lat' dir='ltr'>hominibus,</span> <span class='ocrx_word' id='word_1_265' title='bbox 1755 1223 1809 1258; x_wconf 88' lang='lat' dir='ltr'>qui</span> <span class='ocrx_word' id='word_1_266' title='bbox 1829 1222 1894 1249; x_wconf 83' lang='lat' dir='ltr'>eius</span> <span class='ocrx_word' id='word_1_267' title='bbox 1913 1220 2014 1249; x_wconf 75' lang='lat' dir='ltr'>tribus</span> 
     </span>
     <span class='ocr_line' id='line_1_23' title="bbox 133 1264 2012 1308; baseline 0.001 -12"><span class='ocrx_word' id='word_1_268' title='bbox 133 1274 248 1302; x_wconf 76' lang='lat' dir='ltr'>essent,</span> <span class='ocrx_word' id='word_1_269' title='bbox 269 1277 330 1295; x_wconf 86' lang='lat' dir='ltr'>esse</span> <span class='ocrx_word' id='word_1_270' title='bbox 350 1271 465 1294; x_wconf 87' lang='lat' dir='ltr'>notum.</span> <span class='ocrx_word' id='word_1_271' title='bbox 503 1264 555 1292; x_wconf 84' lang='lat' dir='ltr'>Ad</span> <span class='ocrx_word' id='word_1_272' title='bbox 575 1265 637 1293; x_wconf 87' lang='lat' dir='ltr'>uim</span> <span class='ocrx_word' id='word_1_273' title='bbox 658 1270 759 1293; x_wconf 89' lang='lat' dir='ltr'>autem</span> <span class='ocrx_word' id='word_1_274' title='bbox 779 1271 948 1305; x_wconf 84' lang='lat' dir='ltr'>spectasse,</span> <span class='ocrx_word' id='word_1_275' title='bbox 976 1277 1046 1295; x_wconf 90' lang='lat' dir='ltr'>cum</span> <span class='ocrx_word' id='word_1_276' title='bbox 1065 1267 1151 1296; x_wconf 87' lang='lat' dir='ltr'>addit</span> <span class='ocrx_word' id='word_1_277' title='bbox 1171 1268 1219 1308; x_wconf 88' lang='lat' dir='ltr'>(C.</span> <span class='ocrx_word' id='word_1_278' title='bbox 1239 1269 1364 1297; x_wconf 89' lang='lat' dir='ltr'>XVIII.</span> <span class='ocrx_word' id='word_1_279' title='bbox 1384 1266 1412 1307; x_wconf 83' lang='lat'>§.</span> <span class='ocrx_word' id='word_1_280' title='bbox 1432 1266 1509 1306; x_wconf 82' lang='lat'>45.):</span> <span class='ocrx_word' id='word_1_281' title='bbox 1542 1268 1728 1296; x_wconf 89' lang='lat' dir='ltr'>Decuriatio</span> <span class='ocrx_word' id='word_1_282' title='bbox 1747 1268 1930 1302; x_wconf 84' lang='lat' dir='ltr'>tribulium,</span> <span class='ocrx_word' id='word_1_283' title='bbox 1956 1268 2012 1297; x_wconf 85' lang='lat' dir='ltr'>de-</span> 
     </span>
     <span class='ocr_line' id='line_1_24' title="bbox 135 1311 2015 1353; baseline 0.001 -9"><span class='ocrx_word' id='word_1_284' title='bbox 135 1317 260 1353; x_wconf 77' lang='lat' dir='ltr'>scriptio</span> <span class='ocrx_word' id='word_1_285' title='bbox 275 1315 402 1352; x_wconf 78' lang='lat' dir='ltr'>populi,</span> <span class='ocrx_word' id='word_1_286' title='bbox 437 1311 595 1351; x_wconf 80' lang='lat' dir='ltr'>suffragia</span> <span class='ocrx_word' id='word_1_287' title='bbox 614 1313 782 1351; x_wconf 77' lang='lat' dir='ltr'>largitione</span> <span class='ocrx_word' id='word_1_288' title='bbox 802 1314 949 1342; x_wconf 79' lang='lat' dir='ltr'>deuincta</span> <span class='ocrx_word' id='word_1_289' title='bbox 968 1317 1164 1343; x_wconf 82' lang='lat' dir='ltr'>seueritatem</span> <span class='ocrx_word' id='word_1_290' title='bbox 1183 1322 1325 1350; x_wconf 75' lang='lat' dir='ltr'>senatus,</span> <span class='ocrx_word' id='word_1_291' title='bbox 1359 1323 1387 1344; x_wconf 81' lang='lat' dir='ltr'>ct</span> <span class='ocrx_word' id='word_1_292' title='bbox 1416 1316 1564 1344; x_wconf 79' lang='lat' dir='ltr'>honorum</span> <span class='ocrx_word' id='word_1_293' title='bbox 1583 1317 1720 1343; x_wconf 86' lang='lat' dir='ltr'>omnium</span> <span class='ocrx_word' id='word_1_294' title='bbox 1739 1317 1804 1344; x_wconf 91' lang='lat' dir='ltr'>uim</span> <span class='ocrx_word' id='word_1_295' title='bbox 1823 1327 1861 1345; x_wconf 90' lang='lat' dir='ltr'>ac</span> <span class='ocrx_word' id='word_1_296' title='bbox 1881 1317 2015 1346; x_wconf 80' lang='lat' dir='ltr'>dolorem.</span> 
     </span>
     <span class='ocr_line' id='line_1_25' title="bbox 135 1361 2013 1401; baseline 0.001 -9"><span class='ocrx_word' id='word_1_297' title='bbox 135 1365 320 1392; x_wconf 72' lang='lat' dir='ltr'>excitarunt.</span> <span class='ocrx_word' id='word_1_298' title='bbox 359 1362 448 1389; x_wconf 81' lang='lat' dir='ltr'>Ilaec</span> <span class='ocrx_word' id='word_1_299' title='bbox 468 1361 541 1388; x_wconf 87' lang='lat' dir='ltr'>doce</span> <span class='ocrx_word' id='word_1_300' title='bbox 559 1375 613 1396; x_wconf 91' lang='lat'>—,</span> <span class='ocrx_word' id='word_1_301' title='bbox 634 1361 809 1389; x_wconf 80' lang='lat' dir='ltr'>decuriasse</span> <span class='ocrx_word' id='word_1_302' title='bbox 829 1362 1019 1395; x_wconf 83' lang='lat' dir='ltr'>Plancium,</span> <span class='ocrx_word' id='word_1_303' title='bbox 1052 1364 1283 1400; x_wconf 83' lang='lat' dir='ltr'>conscripsisse,</span> <span class='ocrx_word' id='word_1_304' title='bbox 1308 1370 1493 1401; x_wconf 81' lang='lat' dir='ltr'>sequestrem</span> <span class='ocrx_word' id='word_1_305' title='bbox 1513 1362 1637 1400; x_wconf 69' lang='lat' dir='ltr'>fiiis-se,</span> <span class='ocrx_word' id='word_1_306' title='bbox 1657 1365 1899 1400; x_wconf 84' lang='lat' dir='ltr'>pronuntiasse,</span> <span class='ocrx_word' id='word_1_307' title='bbox 1926 1364 2013 1393; x_wconf 83' lang='lat' dir='ltr'>diui-</span> 
     </span>
     <span class='ocr_line' id='line_1_26' title="bbox 134 1407 2015 1450; baseline 0.003 -14"><span class='ocrx_word' id='word_1_308' title='bbox 134 1413 218 1439; x_wconf 67' lang='lat' dir='ltr'>sisse.</span> <span class='ocrx_word' id='word_1_309' title='bbox 255 1407 441 1437; x_wconf 86' lang='lat' dir='ltr'>Decuriatio</span> <span class='ocrx_word' id='word_1_310' title='bbox 461 1407 553 1442; x_wconf 86' lang='lat' dir='ltr'>enim,</span> <span class='ocrx_word' id='word_1_311' title='bbox 575 1412 606 1436; x_wconf 88' lang='lat' dir='ltr'>et</span> <span class='ocrx_word' id='word_1_312' title='bbox 626 1407 795 1445; x_wconf 86' lang='lat' dir='ltr'>descriptio</span> <span class='ocrx_word' id='word_1_313' title='bbox 815 1408 926 1446; x_wconf 85' lang='lat' dir='ltr'>populi</span> <span class='ocrx_word' id='word_1_314' title='bbox 947 1409 984 1437; x_wconf 88' lang='lat' dir='ltr'>ad</span> <span class='ocrx_word' id='word_1_315' title='bbox 1002 1409 1067 1438; x_wconf 89' lang='lat' dir='ltr'>uim</span> <span class='ocrx_word' id='word_1_316' title='bbox 1087 1409 1229 1438; x_wconf 82' lang='lat' dir='ltr'>adhiberi</span> <span class='ocrx_word' id='word_1_317' title='bbox 1250 1410 1383 1447; x_wconf 74' lang='lat' dir='ltr'>solebat,</span> <span class='ocrx_word' id='word_1_318' title='bbox 1403 1415 1438 1439; x_wconf 87' lang='lat' dir='ltr'>ut</span> <span class='ocrx_word' id='word_1_319' title='bbox 1457 1420 1515 1449; x_wconf 87' lang='lat' dir='ltr'>pro</span> <span class='ocrx_word' id='word_1_320' title='bbox 1535 1409 1635 1437; x_wconf 86' lang='lat' dir='ltr'>Sestio</span> <span class='ocrx_word' id='word_1_321' title='bbox 1656 1409 1704 1449; x_wconf 86' lang='lat' dir='ltr'>(C.</span> <span class='ocrx_word' id='word_1_322' title='bbox 1719 1410 1796 1439; x_wconf 91' lang='lat' dir='ltr'>XV.</span> <span class='ocrx_word' id='word_1_323' title='bbox 1815 1409 1842 1450; x_wconf 81' lang='lat'>§.</span> <span class='ocrx_word' id='word_1_324' title='bbox 1863 1410 1922 1450; x_wconf 82' lang='lat'><strong>34.)</strong></span> <span class='ocrx_word' id='word_1_325' title='bbox 1941 1422 2015 1441; x_wconf 81' lang='lat' dir='ltr'>cum</span> 
     </span>
     <span class='ocr_line' id='line_1_27' title="bbox 134 1454 2011 1495; baseline 0 -8"><span class='ocrx_word' id='word_1_326' title='bbox 134 1459 265 1487; x_wconf 84' lang='lat' dir='ltr'>uicatim</span> <span class='ocrx_word' id='word_1_327' title='bbox 284 1457 420 1485; x_wconf 75' lang='lat' dir='ltr'>homines</span> <span class='ocrx_word' id='word_1_328' title='bbox 441 1454 716 1490; x_wconf 81' lang='lat' dir='ltr'>conscriberentur,</span> <span class='ocrx_word' id='word_1_329' title='bbox 736 1455 990 1491; x_wconf 84' lang='lat' dir='ltr'>decuriarentur,</span> <span class='ocrx_word' id='word_1_330' title='bbox 1010 1457 1055 1485; x_wconf 83' lang='lat' dir='ltr'>ad</span> <span class='ocrx_word' id='word_1_331' title='bbox 1073 1458 1155 1490; x_wconf 86' lang='lat' dir='ltr'>uim,</span> <span class='ocrx_word' id='word_1_332' title='bbox 1173 1458 1217 1485; x_wconf 85' lang='lat' dir='ltr'>ad</span> <span class='ocrx_word' id='word_1_333' title='bbox 1233 1468 1361 1491; x_wconf 86' lang='lat' dir='ltr'>manus,</span> <span class='ocrx_word' id='word_1_334' title='bbox 1382 1459 1426 1486; x_wconf 84' lang='lat' dir='ltr'>acl</span> <span class='ocrx_word' id='word_1_335' title='bbox 1442 1457 1582 1491; x_wconf 85' lang='lat' dir='ltr'>caedem,</span> <span class='ocrx_word' id='word_1_336' title='bbox 1610 1458 1654 1485; x_wconf 87' lang='lat' dir='ltr'>ad</span> <span class='ocrx_word' id='word_1_337' title='bbox 1671 1458 1875 1495; x_wconf 82' lang='lat' dir='ltr'>direptionem</span> <span class='ocrx_word' id='word_1_338' title='bbox 1893 1460 2011 1487; x_wconf 84' lang='lat' dir='ltr'>incita-</span> 
     </span>
     <span class='ocr_line' id='line_1_28' title="bbox 134 1500 2014 1542; baseline 0.001 -9"><span class='ocrx_word' id='word_1_339' title='bbox 134 1511 252 1534; x_wconf 84' lang='lat' dir='ltr'>rentur.</span> <span class='ocrx_word' id='word_1_340' title='bbox 279 1514 337 1542; x_wconf 88' lang='lat' dir='ltr'>pro</span> <span class='ocrx_word' id='word_1_341' title='bbox 364 1501 454 1530; x_wconf 84' lang='lat' dir='ltr'>domo</span> <span class='ocrx_word' id='word_1_342' title='bbox 476 1500 524 1541; x_wconf 92' lang='lat' dir='ltr'>(C.</span> <span class='ocrx_word' id='word_1_343' title='bbox 546 1502 586 1530; x_wconf 90' lang='lat' dir='ltr'>V.</span> <span class='ocrx_word' id='word_1_344' title='bbox 607 1501 731 1541; x_wconf 82' lang='lat'><strong>§.13.):</strong></span> <span class='ocrx_word' id='word_1_345' title='bbox 759 1512 845 1538; x_wconf 85' lang='lat' dir='ltr'>cum,</span> <span class='ocrx_word' id='word_1_346' title='bbox 880 1502 1051 1539; x_wconf 79' lang='lat' dir='ltr'>desperatis</span> <span class='ocrx_word' id='word_1_347' title='bbox 1078 1504 1222 1539; x_wconf 79' lang='lat' dir='ltr'>ducibus,</span> <span class='ocrx_word' id='word_1_348' title='bbox 1251 1506 1426 1534; x_wconf 82' lang='lat' dir='ltr'>decuriatos</span> <span class='ocrx_word' id='word_1_349' title='bbox 1451 1516 1489 1533; x_wconf 89' lang='lat' dir='ltr'>ac</span> <span class='ocrx_word' id='word_1_350' title='bbox 1515 1505 1682 1541; x_wconf 82' lang='lat' dir='ltr'>descriptos</span> <span class='ocrx_word' id='word_1_351' title='bbox 1707 1504 1836 1534; x_wconf 80' lang='lat' dir='ltr'>haberes</span> <span class='ocrx_word' id='word_1_352' title='bbox 1862 1507 2014 1541; x_wconf 68' lang='lat' dir='ltr'>exercitus</span> 
     </span>
     <span class='ocr_line' id='line_1_29' title="bbox 130 1548 2013 1590; baseline 0 -9"><span class='ocrx_word' id='word_1_353' title='bbox 130 1554 332 1590; x_wconf 81' lang='lat' dir='ltr'>perditorum.</span> <span class='ocrx_word' id='word_1_354' title='bbox 353 1555 384 1578; x_wconf 85' lang='lat' dir='ltr'>et</span> <span class='ocrx_word' id='word_1_355' title='bbox 403 1549 436 1577; x_wconf 90' lang='lat' dir='ltr'>in</span> <span class='ocrx_word' id='word_1_356' title='bbox 456 1549 496 1577; x_wconf 91' lang='lat' dir='ltr'>II.</span> <span class='ocrx_word' id='word_1_357' title='bbox 516 1548 614 1577; x_wconf 87' lang='lat' dir='ltr'>Phil.:</span> <span class='ocrx_word' id='word_1_358' title='bbox 635 1550 725 1576; x_wconf 85' lang='lat' dir='ltr'>cuius</span> <span class='ocrx_word' id='word_1_359' title='bbox 745 1550 839 1577; x_wconf 85' lang='lat' dir='ltr'>etiam</span> <span class='ocrx_word' id='word_1_360' title='bbox 850 1549 1036 1588; x_wconf 86' lang='lat' dir='ltr'>familiares</span> <span class='ocrx_word' id='word_1_361' title='bbox 1056 1551 1092 1579; x_wconf 86' lang='lat' dir='ltr'>de</span> <span class='ocrx_word' id='word_1_362' title='bbox 1112 1553 1147 1579; x_wconf 86' lang='lat' dir='ltr'>ui</span> <span class='ocrx_word' id='word_1_363' title='bbox 1165 1552 1363 1580; x_wconf 81' lang='lat' dir='ltr'>condemnati</span> <span class='ocrx_word' id='word_1_364' title='bbox 1381 1557 1472 1585; x_wconf 85' lang='lat' dir='ltr'>sunt,</span> <span class='ocrx_word' id='word_1_365' title='bbox 1491 1552 1575 1590; x_wconf 86' lang='lat' dir='ltr'>quod</span> <span class='ocrx_word' id='word_1_366' title='bbox 1592 1553 1640 1579; x_wconf 85' lang='lat' dir='ltr'>tui</span> <span class='ocrx_word' id='word_1_367' title='bbox 1659 1553 1752 1581; x_wconf 83' lang='lat' dir='ltr'>nimis</span> <span class='ocrx_word' id='word_1_368' title='bbox 1771 1553 1903 1581; x_wconf 81' lang='lat' dir='ltr'>studiosi</span> <span class='ocrx_word' id='word_1_369' title='bbox 1919 1551 2013 1590; x_wconf 81' lang='lat' dir='ltr'>suis-</span> 
     </span>
     <span class='ocr_line' id='line_1_30' title="bbox 136 1594 2012 1637; baseline -0.001 -9"><span class='ocrx_word' id='word_1_370' title='bbox 136 1605 213 1628; x_wconf 78' lang='lat' dir='ltr'>sent.</span> <span class='ocrx_word' id='word_1_371' title='bbox 233 1603 264 1627; x_wconf 87' lang='lat' dir='ltr'>et</span> <span class='ocrx_word' id='word_1_372' title='bbox 283 1608 340 1636; x_wconf 86' lang='lat' dir='ltr'>pro</span> <span class='ocrx_word' id='word_1_373' title='bbox 366 1596 492 1625; x_wconf 84' lang='lat' dir='ltr'>Plancio</span> <span class='ocrx_word' id='word_1_374' title='bbox 514 1595 562 1635; x_wconf 87' lang='lat' dir='ltr'>(C.</span> <span class='ocrx_word' id='word_1_375' title='bbox 583 1595 677 1623; x_wconf 86' lang='lat' dir='ltr'>XIX.</span> <span class='ocrx_word' id='word_1_376' title='bbox 698 1594 726 1635; x_wconf 53' lang='grc' dir='ltr'>ᾗ.</span> <span class='ocrx_word' id='word_1_377' title='bbox 745 1595 822 1633; x_wconf 76' lang='lat'>46.):</span> <span class='ocrx_word' id='word_1_378' title='bbox 855 1599 921 1635; x_wconf 79' lang='lat' dir='ltr'>Ego</span> <span class='ocrx_word' id='word_1_379' title='bbox 941 1599 1113 1627; x_wconf 81' lang='lat' dir='ltr'>Plancium</span> <span class='ocrx_word' id='word_1_380' title='bbox 1134 1604 1162 1626; x_wconf 86' lang='lat' dir='ltr'>et</span> <span class='ocrx_word' id='word_1_381' title='bbox 1182 1601 1285 1636; x_wconf 79' lang='lat' dir='ltr'>ipsum</span> <span class='ocrx_word' id='word_1_382' title='bbox 1300 1601 1477 1637; x_wconf 75' lang='lat' dir='ltr'>gratiosum</span> <span class='ocrx_word' id='word_1_383' title='bbox 1497 1609 1559 1627; x_wconf 79' lang='lat' dir='ltr'>esse</span> <span class='ocrx_word' id='word_1_384' title='bbox 1579 1599 1647 1627; x_wconf 88' lang='lat' dir='ltr'>dico</span> <span class='ocrx_word' id='word_1_385' title='bbox 1667 1605 1697 1628; x_wconf 85' lang='lat' dir='ltr'>et</span> <span class='ocrx_word' id='word_1_386' title='bbox 1715 1599 1859 1628; x_wconf 72' lang='lat' dir='ltr'>habuisse</span> <span class='ocrx_word' id='word_1_387' title='bbox 1877 1601 1912 1628; x_wconf 88' lang='lat' dir='ltr'>in</span> <span class='ocrx_word' id='word_1_388' title='bbox 1926 1601 2012 1637; x_wconf 85' lang='lat' dir='ltr'>peti-</span> 
     </span>
     <span class='ocr_line' id='line_1_31' title="bbox 136 1644 2013 1684; baseline -0.001 -8"><span class='ocrx_word' id='word_1_389' title='bbox 136 1650 217 1676; x_wconf 80' lang='lat' dir='ltr'>tione</span> <span class='ocrx_word' id='word_1_390' title='bbox 237 1647 348 1674; x_wconf 86' lang='lat' dir='ltr'>multos</span> <span class='ocrx_word' id='word_1_391' title='bbox 368 1644 495 1682; x_wconf 82' lang='lat' dir='ltr'>cupidos</span> <span class='ocrx_word' id='word_1_392' title='bbox 515 1645 566 1672; x_wconf 81' lang='lat' dir='ltr'>sui</span> <span class='ocrx_word' id='word_1_393' title='bbox 580 1645 739 1681; x_wconf 77' lang='lat' dir='ltr'>gratiosos</span> <span class='ocrx_word' id='word_1_394' title='bbox 749 1654 760 1678; x_wconf 87' lang='lat'><em>;</em></span> <span class='ocrx_word' id='word_1_395' title='bbox 788 1655 861 1682; x_wconf 87' lang='lat' dir='ltr'>quos</span> <span class='ocrx_word' id='word_1_396' title='bbox 881 1651 917 1673; x_wconf 85' lang='lat' dir='ltr'>tu</span> <span class='ocrx_word' id='word_1_397' title='bbox 936 1648 965 1674; x_wconf 88' lang='lat' dir='ltr'>si</span> <span class='ocrx_word' id='word_1_398' title='bbox 983 1645 1098 1674; x_wconf 85' lang='lat' dir='ltr'>sodalis</span> <span class='ocrx_word' id='word_1_399' title='bbox 1117 1655 1227 1680; x_wconf 79' lang='lat' dir='ltr'>uocas,</span> <span class='ocrx_word' id='word_1_400' title='bbox 1262 1647 1430 1684; x_wconf 77' lang='lat' dir='ltr'>officiosam</span> <span class='ocrx_word' id='word_1_401' title='bbox 1449 1647 1619 1675; x_wconf 83' lang='lat' dir='ltr'>amicitiam</span> <span class='ocrx_word' id='word_1_402' title='bbox 1639 1649 1762 1674; x_wconf 85' lang='lat' dir='ltr'>nomine</span> <span class='ocrx_word' id='word_1_403' title='bbox 1781 1648 1929 1684; x_wconf 82' lang='lat' dir='ltr'>inquinas</span> <span class='ocrx_word' id='word_1_404' title='bbox 1947 1648 2013 1674; x_wconf 81' lang='lat' dir='ltr'>cri-</span> 
     </span>
     <span class='ocr_line' id='line_1_32' title="bbox 137 1690 2013 1732; baseline 0.001 -11"><span class='ocrx_word' id='word_1_405' title='bbox 137 1695 261 1721; x_wconf 82' lang='lat' dir='ltr'>minoso.</span> <span class='ocrx_word' id='word_1_406' title='bbox 289 1697 319 1720; x_wconf 88' lang='lat' dir='ltr'>et</span> <span class='ocrx_word' id='word_1_407' title='bbox 344 1690 371 1731; x_wconf 84' lang='lat'>§</span> <span class='ocrx_word' id='word_1_408' title='bbox 392 1693 453 1727; x_wconf 77' lang='lat'><strong>47.:</strong></span> <span class='ocrx_word' id='word_1_409' title='bbox 480 1691 550 1719; x_wconf 88' lang='lat' dir='ltr'>Iam</span> <span class='ocrx_word' id='word_1_410' title='bbox 575 1697 610 1719; x_wconf 86' lang='lat' dir='ltr'>ut</span> <span class='ocrx_word' id='word_1_411' title='bbox 636 1701 691 1728; x_wconf 79' lang='lat' dir='ltr'>ego</span> <span class='ocrx_word' id='word_1_412' title='bbox 718 1691 821 1727; x_wconf 81' lang='lat' dir='ltr'>doceo,</span> <span class='ocrx_word' id='word_1_413' title='bbox 844 1694 1021 1730; x_wconf 80' lang='lat' dir='ltr'>gratiosum</span> <span class='ocrx_word' id='word_1_414' title='bbox 1050 1695 1084 1721; x_wconf 84' lang='lat' dir='ltr'>in</span> <span class='ocrx_word' id='word_1_415' title='bbox 1110 1703 1169 1721; x_wconf 84' lang='lat' dir='ltr'>sua</span> <span class='ocrx_word' id='word_1_416' title='bbox 1197 1693 1282 1722; x_wconf 81' lang='lat' dir='ltr'>tribu</span> <span class='ocrx_word' id='word_1_417' title='bbox 1302 1694 1473 1723; x_wconf 83' lang='lat' dir='ltr'>Plancium</span> <span class='ocrx_word' id='word_1_418' title='bbox 1494 1704 1550 1721; x_wconf 90' lang='lat'>-—:</span> <span class='ocrx_word' id='word_1_419' title='bbox 1577 1694 1623 1721; x_wconf 79' lang='lat' dir='ltr'>sic</span> <span class='ocrx_word' id='word_1_420' title='bbox 1649 1698 1684 1721; x_wconf 89' lang='lat' dir='ltr'>tu</span> <span class='ocrx_word' id='word_1_421' title='bbox 1709 1694 1798 1730; x_wconf 84' lang='lat' dir='ltr'>doce,</span> <span class='ocrx_word' id='word_1_422' title='bbox 1828 1699 2013 1732; x_wconf 83' lang='lat' dir='ltr'>sequestrem</span> 
     </span>
     <span class='ocr_line' id='line_1_33' title="bbox 129 1739 1145 1778; baseline 0 -10"><span class='ocrx_word' id='word_1_423' title='bbox 129 1741 250 1778; x_wconf 82' lang='lat' dir='ltr'>fuisse,</span> <span class='ocrx_word' id='word_1_424' title='bbox 271 1740 423 1776; x_wconf 78' lang='lat' dir='ltr'>largitum</span> <span class='ocrx_word' id='word_1_425' title='bbox 442 1748 520 1772; x_wconf 79' lang='lat' dir='ltr'>esse,</span> <span class='ocrx_word' id='word_1_426' title='bbox 540 1740 774 1775; x_wconf 80' lang='lat' dir='ltr'>conscripsisse,</span> <span class='ocrx_word' id='word_1_427' title='bbox 794 1739 918 1767; x_wconf 81' lang='lat' dir='ltr'>tribulis</span> <span class='ocrx_word' id='word_1_428' title='bbox 939 1740 1145 1769; x_wconf 40' lang='lat' dir='ltr'>decuriasse&amp;</span> 
     </span>
    </p>

    <p class='ocr_par' dir='ltr' id='par_1_5' title="bbox 136 1784 2012 1918">
     <span class='ocr_line' id='line_1_34' title="bbox 211 1784 2011 1826; baseline 0.001 -11"><span class='ocrx_word' id='word_1_429' title='bbox 211 1787 296 1815; x_wconf 89' lang='lat' dir='ltr'>Haec</span> <span class='ocrx_word' id='word_1_430' title='bbox 318 1785 481 1823; x_wconf 86' lang='lat' dir='ltr'>Sigonius,</span> <span class='ocrx_word' id='word_1_431' title='bbox 502 1784 629 1823; x_wconf 84' lang='lat' dir='ltr'>quibus,</span> <span class='ocrx_word' id='word_1_432' title='bbox 650 1795 710 1823; x_wconf 89' lang='lat' dir='ltr'>quo</span> <span class='ocrx_word' id='word_1_433' title='bbox 730 1784 854 1823; x_wconf 87' lang='lat' dir='ltr'>planior</span> <span class='ocrx_word' id='word_1_434' title='bbox 873 1796 923 1814; x_wconf 88' lang='lat' dir='ltr'>res</span> <span class='ocrx_word' id='word_1_435' title='bbox 942 1785 1010 1822; x_wconf 86' lang='lat' dir='ltr'>fiat,</span> <span class='ocrx_word' id='word_1_436' title='bbox 1031 1786 1106 1815; x_wconf 87' lang='lat' dir='ltr'>haec</span> <span class='ocrx_word' id='word_1_437' title='bbox 1127 1786 1265 1815; x_wconf 88' lang='lat' dir='ltr'>addenda</span> <span class='ocrx_word' id='word_1_438' title='bbox 1283 1792 1370 1826; x_wconf 81' lang='lat' dir='ltr'>puto·</span> <span class='ocrx_word' id='word_1_439' title='bbox 1408 1787 1569 1824; x_wconf 84' lang='lat' dir='ltr'>Ambitus,</span> <span class='ocrx_word' id='word_1_440' title='bbox 1596 1793 1742 1817; x_wconf 87' lang='lat' dir='ltr'>monente</span> <span class='ocrx_word' id='word_1_441' title='bbox 1762 1788 1872 1824; x_wconf 84' lang='lat' dir='ltr'>Festo,</span> <span class='ocrx_word' id='word_1_442' title='bbox 1894 1787 2011 1817; x_wconf 86' lang='lat' dir='ltr'>crimen</span> 
     </span>
     <span class='ocr_line' id='line_1_35' title="bbox 137 1831 2012 1874; baseline 0.001 -12"><span class='ocrx_word' id='word_1_443' title='bbox 137 1833 281 1862; x_wconf 81' lang='lat' dir='ltr'>adfectati</span> <span class='ocrx_word' id='word_1_444' title='bbox 302 1832 430 1861; x_wconf 86' lang='lat' dir='ltr'>honoris</span> <span class='ocrx_word' id='word_1_445' title='bbox 449 1832 519 1860; x_wconf 89' lang='lat' dir='ltr'>fuit.</span> <span class='ocrx_word' id='word_1_446' title='bbox 557 1832 665 1869; x_wconf 77' lang='lat' dir='ltr'>Itaque</span> <span class='ocrx_word' id='word_1_447' title='bbox 692 1831 725 1860; x_wconf 87' lang='lat' dir='ltr'>in</span> <span class='ocrx_word' id='word_1_448' title='bbox 752 1833 884 1862; x_wconf 86' lang='lat' dir='ltr'>ambitus</span> <span class='ocrx_word' id='word_1_449' title='bbox 912 1833 1030 1863; x_wconf 87' lang='lat' dir='ltr'>crimen</span> <span class='ocrx_word' id='word_1_450' title='bbox 1054 1835 1241 1871; x_wconf 87' lang='lat' dir='ltr'>uocabatur,</span> <span class='ocrx_word' id='word_1_451' title='bbox 1274 1835 1460 1874; x_wconf 86' lang='lat' dir='ltr'>quicumque</span> <span class='ocrx_word' id='word_1_452' title='bbox 1489 1835 1611 1865; x_wconf 86' lang='lat' dir='ltr'>inlicito</span> <span class='ocrx_word' id='word_1_453' title='bbox 1631 1836 1721 1864; x_wconf 89' lang='lat' dir='ltr'>modo</span> <span class='ocrx_word' id='word_1_454' title='bbox 1742 1836 1952 1872; x_wconf 59' lang='lat' dir='ltr'>laboraumat,</span> <span class='ocrx_word' id='word_1_455' title='bbox 1976 1839 2012 1865; x_wconf 87' lang='lat' dir='ltr'>ut</span> 
     </span>
     <span class='ocr_line' id='line_1_36' title="bbox 136 1877 831 1918; baseline 0 -9"><span class='ocrx_word' id='word_1_456' title='bbox 136 1881 252 1915; x_wconf 86' lang='lat' dir='ltr'>honos,</span> <span class='ocrx_word' id='word_1_457' title='bbox 273 1877 363 1918; x_wconf 82' lang='lat' dir='ltr'>quem</span> <span class='ocrx_word' id='word_1_458' title='bbox 384 1880 525 1918; x_wconf 84' lang='lat' dir='ltr'>petebat,</span> <span class='ocrx_word' id='word_1_459' title='bbox 545 1878 605 1906; x_wconf 85' lang='lat' dir='ltr'>sibi</span> <span class='ocrx_word' id='word_1_460' title='bbox 627 1878 831 1909; x_wconf 79' lang='lat' dir='ltr'>mandaretur.</span> 
     </span>
    </p>

    <p class='ocr_par' dir='ltr' id='par_1_6' title="bbox 136 1925 2013 2060">
     <span class='ocr_line' id='line_1_37' title="bbox 212 1925 2012 1968; baseline 0.001 -12"><span class='ocrx_word' id='word_1_461' title='bbox 212 1929 241 1956; x_wconf 89' lang='lat' dir='ltr'>Is</span> <span class='ocrx_word' id='word_1_462' title='bbox 261 1927 368 1955; x_wconf 88' lang='lat' dir='ltr'>modus</span> <span class='ocrx_word' id='word_1_463' title='bbox 390 1926 507 1964; x_wconf 80' lang='lat' dir='ltr'>duplex</span> <span class='ocrx_word' id='word_1_464' title='bbox 526 1925 729 1963; x_wconf 87' lang='lat' dir='ltr'>potissumum</span> <span class='ocrx_word' id='word_1_465' title='bbox 748 1926 824 1955; x_wconf 87' lang='lat' dir='ltr'>fuit:</span> <span class='ocrx_word' id='word_1_466' title='bbox 851 1932 903 1957; x_wconf 89' lang='lat' dir='ltr'>aut</span> <span class='ocrx_word' id='word_1_467' title='bbox 923 1929 1005 1957; x_wconf 91' lang='lat' dir='ltr'>enim</span> <span class='ocrx_word' id='word_1_468' title='bbox 1026 1929 1091 1959; x_wconf 89' lang='lat' dir='ltr'>sola</span> <span class='ocrx_word' id='word_1_469' title='bbox 1109 1928 1290 1967; x_wconf 82' lang='lat' dir='ltr'>largitione,</span> <span class='ocrx_word' id='word_1_470' title='bbox 1316 1929 1351 1958; x_wconf 86' lang='lat' dir='ltr'>id</span> <span class='ocrx_word' id='word_1_471' title='bbox 1369 1933 1416 1958; x_wconf 90' lang='lat' dir='ltr'>est</span> <span class='ocrx_word' id='word_1_472' title='bbox 1434 1928 1567 1957; x_wconf 86' lang='lat' dir='ltr'>nummis</span> <span class='ocrx_word' id='word_1_473' title='bbox 1587 1929 1696 1957; x_wconf 88' lang='lat' dir='ltr'>aliisue</span> <span class='ocrx_word' id='word_1_474' title='bbox 1717 1929 1914 1966; x_wconf 87' lang='lat' dir='ltr'>muneribus,</span> <span class='ocrx_word' id='word_1_475' title='bbox 1935 1939 2012 1968; x_wconf 87' lang='lat' dir='ltr'>quae</span> 
     </span>
     <span class='ocr_line' id='line_1_38' title="bbox 136 1972 2013 2016; baseline 0.001 -13"><span class='ocrx_word' id='word_1_476' title='bbox 136 1975 253 2014; x_wconf 84' lang='lat' dir='ltr'>populo</span> <span class='ocrx_word' id='word_1_477' title='bbox 276 1974 457 2002; x_wconf 86' lang='lat' dir='ltr'>diuidebant</span> <span class='ocrx_word' id='word_1_478' title='bbox 477 1972 683 2000; x_wconf 87' lang='lat' dir='ltr'>diuidendaue</span> <span class='ocrx_word' id='word_1_479' title='bbox 704 1974 868 2010; x_wconf 74' lang='lat' dir='ltr'>curabant,</span> <span class='ocrx_word' id='word_1_480' title='bbox 900 1976 1042 2015; x_wconf 79' lang='lat' dir='ltr'>suffragia</span> <span class='ocrx_word' id='word_1_481' title='bbox 1063 1977 1128 2006; x_wconf 88' lang='lat' dir='ltr'>eius</span> <span class='ocrx_word' id='word_1_482' title='bbox 1149 1977 1385 2013; x_wconf 84' lang='lat' dir='ltr'>deuinciebant‚</span> <span class='ocrx_word' id='word_1_483' title='bbox 1419 1981 1471 2005; x_wconf 85' lang='lat' dir='ltr'>aut</span> <span class='ocrx_word' id='word_1_484' title='bbox 1496 1976 1577 2013; x_wconf 88' lang='lat' dir='ltr'>uim,</span> <span class='ocrx_word' id='word_1_485' title='bbox 1611 1986 1699 2015; x_wconf 87' lang='lat' dir='ltr'>quam</span> <span class='ocrx_word' id='word_1_486' title='bbox 1721 1977 1818 2016; x_wconf 81' lang='lat' dir='ltr'>ipsam</span> <span class='ocrx_word' id='word_1_487' title='bbox 1838 1977 1899 2008; x_wconf 84' lang='lat' dir='ltr'>sibi</span> <span class='ocrx_word' id='word_1_488' title='bbox 1917 1977 2013 2015; x_wconf 78' lang='lat' dir='ltr'>largi-</span> 
     </span>
     <span class='ocr_line' id='line_1_39' title="bbox 137 2019 1428 2060; baseline 0.002 -10"><span class='ocrx_word' id='word_1_489' title='bbox 137 2023 222 2051; x_wconf 82' lang='lat' dir='ltr'>tione</span> <span class='ocrx_word' id='word_1_490' title='bbox 243 2022 405 2060; x_wconf 84' lang='lat' dir='ltr'>parabant,</span> <span class='ocrx_word' id='word_1_491' title='bbox 425 2020 463 2048; x_wconf 89' lang='lat' dir='ltr'>ad</span> <span class='ocrx_word' id='word_1_492' title='bbox 482 2019 747 2057; x_wconf 88' lang='lat' dir='ltr'>consequendum,</span> <span class='ocrx_word' id='word_1_493' title='bbox 768 2031 858 2059; x_wconf 89' lang='lat' dir='ltr'>quem</span> <span class='ocrx_word' id='word_1_494' title='bbox 877 2022 1040 2059; x_wconf 84' lang='lat' dir='ltr'>uolebant,</span> <span class='ocrx_word' id='word_1_495' title='bbox 1061 2023 1213 2054; x_wconf 85' lang='lat' dir='ltr'>honorem</span> <span class='ocrx_word' id='word_1_496' title='bbox 1232 2025 1428 2054; x_wconf 88' lang='lat' dir='ltr'>adhibebant.</span> 
     </span>
    </p>

    <p class='ocr_par' dir='ltr' id='par_1_7' title="bbox 138 2066 2019 2332">
     <span class='ocr_line' id='line_1_40' title="bbox 215 2066 2019 2111; baseline 0.002 -14"><span class='ocrx_word' id='word_1_497' title='bbox 215 2069 270 2097; x_wconf 82' lang='lat' dir='ltr'>Uis</span> <span class='ocrx_word' id='word_1_498' title='bbox 291 2073 392 2097; x_wconf 83' lang='lat' dir='ltr'>antem</span> <span class='ocrx_word' id='word_1_499' title='bbox 413 2067 597 2095; x_wconf 84' lang='lat' dir='ltr'>cernebatur</span> <span class='ocrx_word' id='word_1_500' title='bbox 617 2066 652 2094; x_wconf 87' lang='lat' dir='ltr'>in</span> <span class='ocrx_word' id='word_1_501' title='bbox 672 2076 725 2103; x_wconf 89' lang='lat' dir='ltr'>eo,</span> <span class='ocrx_word' id='word_1_502' title='bbox 756 2068 839 2106; x_wconf 88' lang='lat' dir='ltr'>quod</span> <span class='ocrx_word' id='word_1_503' title='bbox 865 2070 944 2098; x_wconf 83' lang='lat' dir='ltr'>certi</span> <span class='ocrx_word' id='word_1_504' title='bbox 971 2071 1093 2109; x_wconf 83' lang='lat' dir='ltr'>quidam</span> <span class='ocrx_word' id='word_1_505' title='bbox 1113 2071 1274 2109; x_wconf 89' lang='lat' dir='ltr'>homines,</span> <span class='ocrx_word' id='word_1_506' title='bbox 1302 2072 1420 2101; x_wconf 84' lang='lat' dir='ltr'>sodales</span> <span class='ocrx_word' id='word_1_507' title='bbox 1441 2070 1535 2106; x_wconf 85' lang='lat' dir='ltr'>dicti,</span> <span class='ocrx_word' id='word_1_508' title='bbox 1564 2081 1639 2109; x_wconf 91' lang='lat' dir='ltr'>quos</span> <span class='ocrx_word' id='word_1_509' title='bbox 1666 2071 1821 2101; x_wconf 86' lang='lat' dir='ltr'>candidati</span> <span class='ocrx_word' id='word_1_510' title='bbox 1846 2069 2019 2111; x_wconf 79' lang='lat' dir='ltr'>largitione¹</span> 
     </span>
     <span class='ocr_line' id='line_1_41' title="bbox 138 2114 2010 2158; baseline 0.001 -13"><span class='ocrx_word' id='word_1_511' title='bbox 138 2120 350 2154; x_wconf 81' lang='lat' dir='ltr'>corruperant,</span> <span class='ocrx_word' id='word_1_512' title='bbox 369 2114 600 2143; x_wconf 82' lang='lat' dir='ltr'>multitudinem</span> <span class='ocrx_word' id='word_1_513' title='bbox 619 2115 779 2152; x_wconf 82' lang='lat' dir='ltr'>cogebant,</span> <span class='ocrx_word' id='word_1_514' title='bbox 798 2121 833 2145; x_wconf 89' lang='lat' dir='ltr'>ut</span> <span class='ocrx_word' id='word_1_515' title='bbox 853 2117 892 2153; x_wconf 88' lang='lat' dir='ltr'>ei,</span> <span class='ocrx_word' id='word_1_516' title='bbox 911 2127 929 2146; x_wconf 89' lang='lat' dir='ltr'>a</span> <span class='ocrx_word' id='word_1_517' title='bbox 949 2127 1009 2156; x_wconf 87' lang='lat' dir='ltr'>quo</span> <span class='ocrx_word' id='word_1_518' title='bbox 1031 2124 1117 2148; x_wconf 87' lang='lat' dir='ltr'>erant</span> <span class='ocrx_word' id='word_1_519' title='bbox 1137 2119 1288 2158; x_wconf 87' lang='lat' dir='ltr'>corrupti,</span> <span class='ocrx_word' id='word_1_520' title='bbox 1306 2119 1458 2148; x_wconf 88' lang='lat' dir='ltr'>honorem</span> <span class='ocrx_word' id='word_1_521' title='bbox 1479 2118 1623 2147; x_wconf 83' lang='lat' dir='ltr'>deferret.</span> <span class='ocrx_word' id='word_1_522' title='bbox 1662 2119 1698 2148; x_wconf 84' lang='lat' dir='ltr'>Id</span> <span class='ocrx_word' id='word_1_523' title='bbox 1719 2130 1780 2158; x_wconf 86' lang='lat' dir='ltr'>quo</span> <span class='ocrx_word' id='word_1_524' title='bbox 1799 2120 1922 2149; x_wconf 86' lang='lat' dir='ltr'>facilius</span> <span class='ocrx_word' id='word_1_525' title='bbox 1941 2117 2010 2148; x_wconf 82' lang='lat' dir='ltr'>fieri</span> 
     </span>
     <span class='ocr_line' id='line_1_42' title="bbox 138 2161 2011 2205; baseline 0.002 -14"><span class='ocrx_word' id='word_1_526' title='bbox 138 2168 256 2202; x_wconf 82' lang='lat' dir='ltr'>posset,</span> <span class='ocrx_word' id='word_1_527' title='bbox 283 2162 414 2191; x_wconf 85' lang='lat' dir='ltr'>tribules</span> <span class='ocrx_word' id='word_1_528' title='bbox 441 2172 459 2190; x_wconf 91' lang='lat' dir='ltr'>a</span> <span class='ocrx_word' id='word_1_529' title='bbox 484 2161 645 2191; x_wconf 84' lang='lat' dir='ltr'>candidato</span> <span class='ocrx_word' id='word_1_530' title='bbox 673 2162 911 2193; x_wconf 76' lang='lat' dir='ltr'>decuriabantur</span> <span class='ocrx_word' id='word_1_531' title='bbox 936 2165 1133 2204; x_wconf 86' lang='lat' dir='ltr'>populusque</span> <span class='ocrx_word' id='word_1_532' title='bbox 1158 2166 1407 2202; x_wconf 88' lang='lat' dir='ltr'>describebatur,</span> <span class='ocrx_word' id='word_1_533' title='bbox 1440 2166 1485 2195; x_wconf 85' lang='lat' dir='ltr'>ita</span> <span class='ocrx_word' id='word_1_534' title='bbox 1510 2170 1547 2194; x_wconf 87' lang='lat' dir='ltr'>ut</span> <span class='ocrx_word' id='word_1_535' title='bbox 1572 2166 1741 2205; x_wconf 87' lang='lat' dir='ltr'>unicuique</span> <span class='ocrx_word' id='word_1_536' title='bbox 1760 2167 1910 2196; x_wconf 82' lang='lat' dir='ltr'>sodalium</span> <span class='ocrx_word' id='word_1_537' title='bbox 1927 2170 2011 2194; x_wconf 82' lang='lat' dir='ltr'>certa</span> 
     </span>
     <span class='ocr_line' id='line_1_43' title="bbox 139 2209 2011 2252; baseline 0.001 -14"><span class='ocrx_word' id='word_1_538' title='bbox 139 2220 208 2247; x_wconf 84' lang='lat' dir='ltr'>pars</span> <span class='ocrx_word' id='word_1_539' title='bbox 228 2209 328 2238; x_wconf 82' lang='lat' dir='ltr'>tribus</span> <span class='ocrx_word' id='word_1_540' title='bbox 349 2214 380 2237; x_wconf 90' lang='lat' dir='ltr'>et</span> <span class='ocrx_word' id='word_1_541' title='bbox 399 2209 510 2248; x_wconf 84' lang='lat' dir='ltr'>populi</span> <span class='ocrx_word' id='word_1_542' title='bbox 529 2209 755 2247; x_wconf 83' lang='lat' dir='ltr'>adsignaretur,</span> <span class='ocrx_word' id='word_1_543' title='bbox 789 2211 876 2240; x_wconf 87' lang='lat' dir='ltr'>cuius</span> <span class='ocrx_word' id='word_1_544' title='bbox 896 2217 932 2241; x_wconf 93' lang='lat' dir='ltr'>ut</span> <span class='ocrx_word' id='word_1_545' title='bbox 951 2212 1091 2250; x_wconf 84' lang='lat' dir='ltr'>suffragia</span> <span class='ocrx_word' id='word_1_546' title='bbox 1111 2214 1290 2242; x_wconf 79' lang='lat' dir='ltr'>candidatus</span> <span class='ocrx_word' id='word_1_547' title='bbox 1309 2214 1421 2249; x_wconf 82' lang='lat' dir='ltr'>ferret,</span> <span class='ocrx_word' id='word_1_548' title='bbox 1453 2222 1646 2252; x_wconf 85' lang='lat' dir='ltr'>quocumque</span> <span class='ocrx_word' id='word_1_549' title='bbox 1665 2213 1757 2243; x_wconf 90' lang='lat' dir='ltr'>modo</span> <span class='ocrx_word' id='word_1_550' title='bbox 1778 2215 1896 2243; x_wconf 86' lang='lat' dir='ltr'>efficere</span> <span class='ocrx_word' id='word_1_551' title='bbox 1916 2212 2011 2241; x_wconf 86' lang='lat' dir='ltr'>debe-</span> 
     </span>
     <span class='ocr_line' id='line_1_44' title="bbox 139 2255 2012 2301; baseline 0.003 -18"><span class='ocrx_word' id='word_1_552' title='bbox 139 2256 220 2284; x_wconf 86' lang='lat' dir='ltr'>bant.</span> <span class='ocrx_word' id='word_1_553' title='bbox 258 2255 341 2284; x_wconf 64' lang='lat' dir='ltr'>Fide</span> <span class='ocrx_word' id='word_1_554' title='bbox 368 2266 445 2294; x_wconf 85' lang='lat' dir='ltr'>quae</span> <span class='ocrx_word' id='word_1_555' title='bbox 469 2255 504 2284; x_wconf 80' lang='lat' dir='ltr'>in</span> <span class='ocrx_word' id='word_1_556' title='bbox 530 2256 702 2288; x_wconf 84' lang='lat' dir='ltr'>comment.</span> <span class='ocrx_word' id='word_1_557' title='bbox 730 2258 768 2287; x_wconf 86' lang='lat' dir='ltr'>ad</span> <span class='ocrx_word' id='word_1_558' title='bbox 798 2259 896 2288; x_wconf 78' lang='lat' dir='ltr'>uerba</span> <span class='ocrx_word' id='word_1_559' title='bbox 928 2260 963 2289; x_wconf 89' lang='lat' dir='ltr'>C.</span> <span class='ocrx_word' id='word_1_560' title='bbox 989 2259 1116 2289; x_wconf 89' lang='lat' dir='ltr'>XVIII.</span> <span class='ocrx_word' id='word_1_561' title='bbox 1152 2259 1181 2301; x_wconf 59' lang='grc' dir='ltr'>ς.</span> <span class='ocrx_word' id='word_1_562' title='bbox 1207 2261 1254 2290; x_wconf 80' lang='lat'>45.</span> <span class='ocrx_word' id='word_1_563' title='bbox 1293 2261 1465 2290; x_wconf 85' lang='lat' dir='ltr'>decuriatio</span> <span class='ocrx_word' id='word_1_564' title='bbox 1499 2261 1678 2298; x_wconf 82' lang='lat' dir='ltr'>tribulium,</span> <span class='ocrx_word' id='word_1_565' title='bbox 1711 2262 1874 2298; x_wconf 83' lang='lat' dir='ltr'>descriptio</span> <span class='ocrx_word' id='word_1_566' title='bbox 1899 2261 2012 2298; x_wconf 83' lang='lat' dir='ltr'>populi</span> 
     </span>
     <span class='ocr_line' id='line_1_45' title="bbox 138 2303 292 2332; baseline -0.019 0"><span class='ocrx_word' id='word_1_567' title='bbox 138 2303 292 2332; x_wconf 77' lang='lat' dir='ltr'>adnotaui.</span> 
     </span>
    </p>

    <p class='ocr_par' dir='ltr' id='par_1_8' title="bbox 213 2349 2010 2394">
     <span class='ocr_line' id='line_1_46' title="bbox 213 2349 2010 2394; baseline 0.003 -17"><span class='ocrx_word' id='word_1_568' title='bbox 213 2349 320 2387; x_wconf 87' lang='lat' dir='ltr'>Itaque</span> <span class='ocrx_word' id='word_1_569' title='bbox 339 2349 372 2378; x_wconf 88' lang='lat' dir='ltr'>in</span> <span class='ocrx_word' id='word_1_570' title='bbox 393 2349 568 2379; x_wconf 86' lang='lat' dir='ltr'>istiusmodi</span> <span class='ocrx_word' id='word_1_571' title='bbox 588 2350 739 2387; x_wconf 85' lang='lat' dir='ltr'>comitiis,</span> <span class='ocrx_word' id='word_1_572' title='bbox 771 2351 805 2381; x_wconf 88' lang='lat' dir='ltr'>in</span> <span class='ocrx_word' id='word_1_573' title='bbox 825 2353 937 2391; x_wconf 88' lang='lat' dir='ltr'>quibus</span> <span class='ocrx_word' id='word_1_574' title='bbox 957 2353 1112 2382; x_wconf 86' lang='lat' dir='ltr'>candidati</span> <span class='ocrx_word' id='word_1_575' title='bbox 1132 2353 1284 2382; x_wconf 84' lang='lat' dir='ltr'>sodalium</span> <span class='ocrx_word' id='word_1_576' title='bbox 1305 2364 1398 2394; x_wconf 85' lang='lat' dir='ltr'>opera</span> <span class='ocrx_word' id='word_1_577' title='bbox 1418 2354 1456 2383; x_wconf 89' lang='lat' dir='ltr'>ad</span> <span class='ocrx_word' id='word_1_578' title='bbox 1476 2353 1707 2393; x_wconf 86' lang='lat' dir='ltr'>consequendos</span> <span class='ocrx_word' id='word_1_579' title='bbox 1725 2352 1859 2382; x_wconf 82' lang='lat' dir='ltr'>honores</span> <span class='ocrx_word' id='word_1_580' title='bbox 1878 2353 2010 2382; x_wconf 82' lang='lat' dir='ltr'>uteban-</span> 
     </span>
    </p>
   </div>
   <div class='ocr_carea' id='block_1_4' title="bbox 139 2396 2009 2483">
    <p class='ocr_par' dir='ltr' id='par_1_9' title="bbox 139 2396 2009 2483">
     <span class='ocr_line' id='line_1_47' title="bbox 139 2396 2009 2440; baseline 0.002 -13"><span class='ocrx_word' id='word_1_581' title='bbox 139 2403 208 2432; x_wconf 85' lang='lat' dir='ltr'>tur,</span> <span class='ocrx_word' id='word_1_582' title='bbox 232 2396 399 2425; x_wconf 80' lang='lat' dir='ltr'>multitudo</span> <span class='ocrx_word' id='word_1_583' title='bbox 428 2407 491 2425; x_wconf 89' lang='lat' dir='ltr'>non</span> <span class='ocrx_word' id='word_1_584' title='bbox 517 2402 578 2426; x_wconf 91' lang='lat' dir='ltr'>tam</span> <span class='ocrx_word' id='word_1_585' title='bbox 605 2399 739 2436; x_wconf 87' lang='lat' dir='ltr'>acceptis</span> <span class='ocrx_word' id='word_1_586' title='bbox 767 2399 899 2427; x_wconf 86' lang='lat' dir='ltr'>nummis</span> <span class='ocrx_word' id='word_1_587' title='bbox 927 2400 1055 2437; x_wconf 88' lang='lat' dir='ltr'>adduci,</span> <span class='ocrx_word' id='word_1_588' title='bbox 1085 2411 1174 2440; x_wconf 85' lang='lat' dir='ltr'>quam</span> <span class='ocrx_word' id='word_1_589' title='bbox 1201 2401 1235 2430; x_wconf 86' lang='lat' dir='ltr'>ui</span> <span class='ocrx_word' id='word_1_590' title='bbox 1255 2402 1322 2439; x_wconf 85' lang='lat' dir='ltr'>cogi</span> <span class='ocrx_word' id='word_1_591' title='bbox 1344 2401 1478 2437; x_wconf 84' lang='lat' dir='ltr'>solebat,</span> <span class='ocrx_word' id='word_1_592' title='bbox 1507 2407 1542 2432; x_wconf 90' lang='lat' dir='ltr'>ut</span> <span class='ocrx_word' id='word_1_593' title='bbox 1569 2400 1753 2436; x_wconf 81' lang='lat' dir='ltr'>candidatis,</span> <span class='ocrx_word' id='word_1_594' title='bbox 1781 2401 1834 2439; x_wconf 89' lang='lat' dir='ltr'>qui</span> <span class='ocrx_word' id='word_1_595' title='bbox 1854 2401 2009 2431; x_wconf 86' lang='lat' dir='ltr'>sodalibus</span> 
     </span>
     <span class='ocr_line' id='line_1_48' title="bbox 140 2443 996 2483; baseline 0.007 -14"><span class='ocrx_word' id='word_1_596' title='bbox 140 2445 323 2478; x_wconf 71' lang='lat' dir='ltr'>utebantur,</span> <span class='ocrx_word' id='word_1_597' title='bbox 343 2443 509 2480; x_wconf 88' lang='lat' dir='ltr'>honorem,</span> <span class='ocrx_word' id='word_1_598' title='bbox 535 2455 625 2483; x_wconf 87' lang='lat' dir='ltr'>quem</span> <span class='ocrx_word' id='word_1_599' title='bbox 644 2445 806 2483; x_wconf 83' lang='lat' dir='ltr'>petebant,</span> <span class='ocrx_word' id='word_1_600' title='bbox 831 2446 996 2477; x_wconf 80' lang='lat' dir='ltr'>mandaret.</span> 
     </span>
    </p>
   </div>
  </div>
 </body>
</html>
