2185 2720
176 195 211 221 ρο
698 184 743 213 Μ.
782 183 951 214 TULLI
995 183 1283 215 CICERONIS
1314 184 1519 213 ORATIO

177 263 284 301 cium,
321 271 406 303 quae
434 260 474 292 ab
501 270 540 290 eo
562 268 750 301 numquam
773 258 862 291 dicta
883 265 980 300 sunt,
1022 258 1256 291 conferuntur.
1300 258 1374 300 Ego
1398 258 1477 300 quia
1499 258 1573 290 dico
1595 259 1725 301 aliquid
1746 261 1945 303 aliquando,
1984 275 2055 295 non

176 314 289 346 studio
312 313 496 351 adductus,
519 317 570 343 set
591 317 651 343 aut
672 311 889 343 contentione
912 311 1047 342 dicendi
1070 318 1128 343 aut
1148 311 1338 349 lacessitus3
1372 317 1406 342 et
1428 310 1523 353 quia,
1546 317 1585 342 ut
1607 311 1662 350 fit,
1687 311 1725 342 in
1746 314 1862 345 multis
1894 315 1966 346 exit
1991 316 2056 346 ali-

179 366 315 409 quando
338 364 466 406 aliquid
488 364 517 396 si
538 375 609 396 non
629 362 858 406 perfacetum,
881 369 1030 395 attamen
1052 362 1194 395 fortasse
1216 375 1287 395 non
1312 362 1495 396 rusticum:
1527 363 1619 406 quod
1646 363 1787 405 quisque
1810 364 1916 406 dixit,
1943 379 1999 398 me
2020 367 2057 398 id

183 419 311 451 dixisse
337 417 464 448 dicunt.
499 416 573 458 Ego
595 423 708 448 autem
731 417 759 447 si
783 415 865 458 quid
888 421 955 455 est,
980 416 1070 457 quod
1096 416 1182 447 mihi
1205 415 1327 447 scitum
1350 426 1421 446 esse
1441 415 1598 447 uideatur
1623 422 1656 447 et
1677 416 1815 447 homine
1829 417 1981 459 ,ingenuo
2005 418 2059 450 ‹li-

182 482 286 513 gnum
309 476 410 511 atque
432 467 549 507 docto,
582 480 652 500 non
676 478 858 510 aspernorg,
896 468 1090 499 stomachor
1112 478 1214 505 uero,
1245 478 1322 499 cum
1348 467 1494 498 aliorum
1517 478 1586 499 non
1607 479 1662 499 me
1686 468 1786 510 digna
1807 468 1845 499 in
1867 479 1921 499 me
1943 469 2059 501 confe-

180 528 316 554 runtur.
360 521 450 553 Nam
478 520 568 562 quod
601 520 733 562 primus
761 518 861 551 sciuit
886 518 997 561 legem
1021 519 1062 550 de
1081 518 1270 562 publicanis
1298 525 1392 558 tum,
1427 530 1505 550 cum
1532 519 1588 550 uir
1617 520 1855 563 amplissumus
1886 521 2002 552 consul
2023 521 2060 552 id

182 574 236 605 illi
259 572 372 605 ordini
393 583 457 615 per
477 572 645 614 populum
667 570 771 610 dedit,
798 569 889 612 quod
909 581 971 612 per
993 577 1147 603 senatum
1170 571 1199 602 si
1222 571 1372 602 licuisset
1394 570 1550 611 dedisset,
1573 572 1601 602 si
1623 572 1660 603 in
1684 584 1723 603 eo
1747 573 1876 604 crimen
1899 579 1958 611 est,
1983 573 2062 615 quia

183 625 383 667 suffragium
405 624 500 655 tulit:
531 623 605 664 quis
628 634 698 654 non
720 622 801 653 tulit
821 622 1045 664 publicanus?
1097 623 1141 663 si,
1180 622 1260 665 quia
1280 623 1412 665 primus
1434 623 1550 655 sciuit:
1587 630 1703 655 utrum
1725 625 1760 656 id
1782 625 1882 657 sortis
1905 636 1975 656 esse
1995 625 2060 665 uis,

184 690 227 709 an
250 678 337 716 eius,
362 676 420 717 qui
440 676 535 706 illam
556 676 668 718 legem
688 674 840 706 ferebat?
887 674 923 706 Si
946 675 1064 708 sortis:
1086 675 1223 706 nullum
1247 675 1375 706 crimen
1399 679 1449 706 est
1473 674 1509 705 in
1532 686 1626 714 casu3
1655 675 1683 707 si
1706 677 1868 709 consulis:
1899 676 2062 719 splendor

185 729 288 761 etiam
313 728 444 767 Planci,
478 728 568 758 hunc
588 739 608 759 a
629 739 762 759 summo
785 726 862 758 uiro
885 726 1077 770 principem
1100 728 1176 758 esse'
1196 726 1325 758 ordinis
1348 726 1545 758 iudicatum.

138 790 174 817 36
270 780 353 812 XV.
378 780 436 810 Set
456 779 638 821 aliquando
661 780 837 811 ueniamus
859 778 903 809 ad
924 790 1084 810 caussam.
1127 779 1168 810 In
1193 789 1259 820 qua
1281 785 1318 811 tu
1340 778 1479 810 nomine
1500 778 1583 820 legis
1606 779 1775 821 Liciniae,
1805 788 1921 823 quaest
1943 781 1983 812 de
2006 792 2062 813 so-

187 832 333 870 daliciis,
365 830 474 862 omnis
497 831 642 863 ambitus
665 833 755 874 leges
778 831 965 874 conplexus
988 843 1041 863 es:
1081 842 1192 872 neque
1214 831 1305 862 enim
1330 832 1509 873 quicquam
1531 831 1615 863 aliut
1637 832 1672 863 in
1695 833 1756 864 hac
1778 833 1851 875 lege
1872 833 1939 865 nisi
1961 833 2063 865 editi-

187 885 255 916 cios
278 883 405 914 iudices
429 894 462 914 es
484 889 629 915 secutus.
697 883 800 925 Quod
828 894 931 925 genus
960 882 1166 915 iudiciorum
1188 883 1217 915 si
1239 890 1289 915 est
1311 895 1428 915 aecum
1455 883 1527 914 ulla
1554 883 1591 915 in
1620 895 1658 915 re
1686 884 1752 915 nisi
1773 885 1810 916 in
1842 885 1905 916 hac
1932 885 2064 917 tribua-

186 937 257 975 ria,
297 946 367 966 non
395 934 573 977 intellego,
613 936 835 977 quamobrem
864 941 998 967 senatus
1022 935 1088 966 hoc
1109 946 1177 966 uno
1200 935 1236 967 in
1254 947 1378 978 genere
1403 936 1511 967 tribus
1534 936 1589 967 edi
1610 936 1761 968 uoluerit
1782 937 1823 967 ab
1846 943 2063 977 accussatore,

187 999 298 1030 neque
320 986 462 1018 eandem
488 986 674 1020 editionem
695 987 908 1020 transtulerit
936 987 973 1018 in
1000 993 1126 1035 ceteras
1156 998 1302 1026 caussas3
1339 986 1380 1018 de
1407 987 1481 1031 ipso
1514 988 1660 1030 denique
1687 989 1817 1020 ambitu
1845 989 2064 1021 reiectionem

187 1040 263 1072 fieri
287 1038 439 1070 uoluerit
459 1037 612 1071 iudicum
634 1040 861 1081 alternorum,
885 1050 1030 1082 cumque
1050 1039 1184 1072 nullum
1207 1050 1311 1084 genus
1334 1038 1522 1072 acerbitatis
1544 1041 1842 1083 praetermitteret,
1864 1041 1929 1073 hoc
1950 1048 2065 1075 tamen

266 1161 335 1198 Ego
357 1158 429 1198 quia
448 1172 486 1181 —·
506 1157 623 1189 dixisse
645 1159 763 1200 dicunt)
791 1161 821 1190 A
848 1160 951 1191 habet.
970 1173 1010 1183 -·
1066 1159 1227 1199 adductus)
1249 1160 1287 1200 733
1309 1170 1367 1189 om.
1389 1173 1426 1182 —-
1482 1159 1536 1188 sed
1557 1164 1609 1189 aut
1630 1158 1842 1199 contentione)
1867 1160 1918 1189 Sic
1945 1161 1993 1197 A,
2029 1161 2065 1197 B,

189 1213 219 1237 ct
246 1208 273 1236 E
288 1218 296 1244 ;
337 1206 433 1235 ceteri
461 1208 517 1235 secl
542 1209 741 1237 contentione.
760 1223 798 1231 —-
836 1207 1009 1244 lacessitus)
1038 1207 1087 1235 La
1116 1217 1186 1235 cum
1208 1207 1247 1246 gl„
1270 1208 1440 1236 lacessendi
1454 1216 1467 1240 ;
1503 1207 1556 1236 Ma
1568 1228 1576 1242 ‚
1614 1207 1675 1242 Lc,
1717 1211 1748 1234 ct
1768 1206 1802 1234 H
1827 1206 2006 1236 lacessendi.
2028 1223 2067 1231 -—

191 1255 269 1294 exit)
286 1255 310 1284 C
327 1260 358 1284 et
373 1255 411 1293 χὸ
429 1256 495 1282 erit.
513 1269 550 1276 —-
588 1255 751 1294 aliquando
770 1255 900 1294 aliquid)
914 1255 950 1284 In
964 1255 995 1283 D
1011 1253 1094 1283 inter
1108 1253 1184 1282 haec
1198 1263 1249 1283 uu.
1264 1264 1380 1293 superS.
1396 1260 1432 1283 et.
1447 1267 1485 1275 ·-·
1522 1253 1549 1281 si
1565 1252 1640 1292 non)
1658 1254 1682 1283 C
1699 1254 1754 1282 sed
1766 1255 1794 1282 si
1805 1250 1875 1282 non.
1887 1268 1926 1275 —
1962 1255 2067 1293 perfa—

190 1303 304 1340 cetum)
326 1302 373 1330 La
393 1311 461 1329 cum
483 1301 522 1339 gl.
537 1302 733 1339 perfectum,
759 1302 806 1331 Lc
823 1303 1009 1341 pezfectum.
1023 1316 1061 1323 ——
1098 1301 1245 1338 attamen)
1269 1301 1299 1330 D
1318 1311 1387 1329 cum
1403 1300 1441 1338 gl.
1458 1300 1527 1333 sed,
1547 1300 1594 1328 La
1609 1306 1714 1329 aetum
1733 1311 1802 1329 cum
1816 1300 1855 1338 gl.
1869 1307 2017 1330 attamen.
2031 1317 2069 1323 —

190 1360 240 1379 me
253 1350 298 1388 id)
313 1350 340 1377 E
357 1354 388 1376 et
402 1348 457 1377 Mb
475 1349 511 1376 id
523 1359 588 1382 me,
608 1349 650 1377 Pa
666 1355 695 1377 et
710 1360 757 1378 me
771 1350 813 1378 id.
826 1364 863 1372 —-
901 1349 929 1378 si
943 1347 1029 1388 quid)
1042 1348 1080 1384 E,
1096 1348 1159 1384 Ma,
1178 1349 1244 1384 Mb,
1264 1348 1320 1384 Lc,
1341 1348 1383 1383 D,
1403 1347 1437 1383 C,
1457 1347 1500 1382 H,
1521 1347 1559 1383 T,
1584 1356 1620 1385 χι
1643 1352 1674 1375 et
1686 1348 1705 1376 3
1727 1349 1756 1376 si
1772 1347 1860 1386 quod.
1881 1363 1918 1370 -
1957 1348 2068 1378 scitum

193 1395 271 1434 esse)
289 1397 335 1423 La
349 1405 410 1424 esse
425 1397 546 1425 scitam.
560 1409 599 1416 —-
637 1395 764 1424 homine
786 1395 933 1435 ingenuo)
952 1396 991 1432 E,
1011 1396 1063 1431 Pe,
1084 1399 1115 1423 et
1133 1394 1157 1422 C
1173 1394 1325 1424 hominem
1347 1396 1491 1432 ingenio;
1511 1393 1552 1429 D,
1577 1403 1624 1431 χι,
1647 1399 1678 1422 et
1694 1401 1720 1432 ψ
1741 1394 1863 1423 homine
1883 1397 2016 1433 ingenie.
2030 1410 2068 1418 ·—

191 1441 380 1480 stomachor)
396 1441 443 1469 La
457 1442 631 1471 stomachor
648 1454 719 1481 ege,
739 1444 777 1482 733
793 1441 1036 1471 stomachorum.
1055 1456 1094 1464 —
1130 1442 1220 1480 uero)
1244 1441 1271 1471 E
1293 1452 1350 1470 om.
1373 1455 1411 1462 -—
1448 1439 1592 1479 aliorum)
1610 1442 1648 1479 κδ
1669 1442 1754 1470 alios.
1770 1455 1808 1462 ·—-
1844 1440 1921 1480 non)
1948 1441 1992 1470 Pa
2011 1452 2069 1480 om,

193 1491 218 1519 C
238 1501 299 1519 non
314 1490 417 1524 modo,
439 1489 478 1526 23
492 1499 548 1516 nec·
569 1499 638 1518 non.
652 1505 690 1512 ·--
727 1489 773 1529 in)
789 1490 814 1519 C
828 1499 887 1518 om.
904 1503 943 1510 —-
981 1486 1194 1526 conferuntur)
1207 1488 1249 1516 Pa
1258 1487 1526 1525 perferuntur.—

267 1536 347 1564 Nam
362 1535 446 1574 quod
458 1551 496 1556 —
510 1535 656 1575 dedisset)
671 1537 699 1565 A
715 1537 818 1565 habet.
833 1551 870 1557 —
908 1534 1015 1572 sciuit)
1028 1534 1057 1562 A
1073 1536 1161 1563 sciui.
1173 1549 1211 1556 —
1248 1533 1326 1572 tum)
1347 1534 1412 1569 Mb,
1440 1536 1502 1570 Mc,
1530 1534 1588 1571 Le,
1609 1535 1660 1571 Pc,
1679 1534 1721 1570 D,
1741 1534 1783 1571 H,
1803 1539 1834 1564 et
1852 1544 1888 1572 χι
1906 1540 2017 1566 tamen.
2032 1552 2070 1560 —

194 1584 274 1620 cum)
288 1585 341 1612 Mc
357 1589 430 1610 tum.
444 1597 482 1604 —
520 1583 640 1622 consul)
655 1585 708 1613 Mc
722 1584 851 1612 consuli.
866 1597 903 1605 -
940 1580 984 1620 id)
998 1581 1027 1610 A
1045 1592 1103 1610 om.
1119 1595 1157 1603 -·
1195 1580 1278 1620 quia)
1293 1582 1355 1616 Ma,
1374 1581 1430 1617 La,
1449 1581 1506 1617 Lc,
1526 1586 1557 1610 et
1570 1582 1602 1610 H
1619 1582 1716 1620 qaod,
1735 1592 1753 1614 ς
1769 1583 1830 1621 qui.
1847 1597 1886 1604 —
1923 1584 1991 1621 quis
2006 1594 2069 1613 non

194 1630 279 1667 tulit)
292 1631 330 1668 23
346 1639 404 1658 om.
420 1643 459 1650 —-
496 1630 571 1658 tulit
587 1630 787 1670 publicanus)
800 1630 848 1658 La
857 1629 1047 1667 public-amis
1063 1629 1154 1664 tulit,
1166 1627 1409 1666 '23publicqnis
1422 1642 1461 1649 ·-
1499 1627 1538 1664 si)
1559 1628 1606 1656 La
1626 1633 1657 1657 et
1671 1636 1697 1666 ψ
1717 1630 1777 1657 secl.
1793 1643 1830 1652 ·—-
1866 1630 1998 1669 primus)
2018 1631 2070 1660 Sic

194 1678 228 1712 Β,
248 1678 286 1713 Ε,
306 1678 368 1712 Ma,
386 1677 438 1712 Pa,
458 1676 514 1711 Pb,
535 1676 574 1712 Ο,
593 1678 655 1712 Br.,
676 1682 708 1705 et
728 1677 788 1706 Ox,
803 1681 927 1715 praeter
943 1675 968 1704 C
983 1679 1014 1703 et
1030 1682 1075 1713 ψ,
1095 1675 1148 1714 qui
1165 1685 1234 1703 cum
1250 1675 1360 1703 ceteris
1370 1677 1530 1712 primum,·
1548 1675 1595 1702 La
1608 1676 1750 1712 primam
1762 1676 1849 1703 id.—-
1884 1676 2002 1715 utrum)
2018 1678 2070 1707 Mla

194 1734 310 1752 uerum.
324 1738 363 1744 —
401 1722 506 1762 sortis)
521 1724 563 1751 Pa
571 1723 678 1761 sortis.
693 1738 732 1744 —
770 1723 846 1762 esse)
869 1723 894 1752 C
911 1728 994 1751 esset.
1006 1736 1045 1744 ·—-
1082 1721 1162 1760 eius)
1185 1722 1232 1750 La
1244 1723 1330 1750 illicis
1346 1731 1414 1749 cum
1431 1721 1470 1758 gl.
1489 1723 1561 1749 eius.
1576 1736 1615 1742 —
1651 1720 1748 1760 illam)
1761 1722 1808 1750 La
1823 1732 1889 1758 om,
1907 1722 1955 1758 D,
1976 1723 2018 1759 C,
2039 1730 2071 1753 et

194 1781 229 1809 χι
247 1780 323 1799 eam.
338 1784 376 1791 --
415 1768 521 1805 sortis)
536 1769 592 1805 La,
611 1770 663 1805 Pa,
685 1775 715 1798 et
729 1779 764 1808 χΙ
775 1770 892 1807 sortis,
912 1774 960 1797 set
975 1769 1008 1797 in
1022 1769 1070 1798 La
1083 1778 1200 1807 supers.
1214 1771 1314 1797 sortis,
1328 1783 1366 1790 —-·
1405 1767 1431 1796 si
1446 1766 1593 1806 consulis)
1606 1767 1662 1796 Mb
1684 1770 1734 1797 sm
1748 1769 1888 1798 consulis.
1904 1783 1941 1791 —
1967 1770 2071 1810 etiam)

197 1819 247 1845 Mc
265 1823 299 1845 et.
313 1831 350 1838 -
387 1816 562 1855 principem
581 1825 647 1844 esse
661 1816 792 1854 ordinis)
818 1815 869 1844 Sic
882 1816 919 1853 B,
940 1816 978 1853 E,
998 1816 1049 1853 Pa,
1069 1821 1100 1846 et
1113 1816 1175 1852 Pc;
1195 1815 1291 1844 ceteri
1300 1816 1478 1854 principem
1493 1815 1612 1843 ordinis
1621 1825 1633 1850 ;
1653 1814 1687 1843 in
1701 1815 1732 1843 D
1750 1820 1853 1844 tamen
1868 1826 1929 1844 esse
1942 1817 2072 1856 margini

196 1864 273 1892 adse.
291 1869 325 1891 ut
341 1863 546 1891 inserendum.
559 1878 597 1884 —-

271 1910 306 1938 C.
322 1910 398 1937 XV.
418 1907 445 1948 §.
461 1910 507 1938 36.
535 1908 672 1948 nomine)
687 1910 712 1939 C
729 1920 853 1946 nomen,
872 1914 920 1939 set
933 1911 1055 1939 nomine
1070 1919 1137 1949 sup.
1152 1909 1208 1938 lin.
1222 1920 1239 1938 a
1251 1919 1330 1939 man.
1343 1919 1424 1946 rem,
1442 1918 1478 1948 χι
1495 1919 1589 1938 omne.
1604 1924 1642 1933 —-
1668 1908 1744 1946 legis
1761 1921 1798 1930 ·—·
1811 1907 1906 1947 leges)
1924 1910 1952 1938 T
1969 1921 2073 1941 om.—

196 1955 361 1995 sodalitiis)
374 1967 393 1988 ς
407 1957 575 1985 solidariis.
589 1966 628 1977 —·-
650 1956 761 1995 omnis)
776 1957 826 1984 Sic
841 1957 877 1993 Β,
905 1956 966 1993 Lb,
984 1957 1026 1992 D,
1048 1962 1081 1986 et
1094 1957 1135 1993 C;
1155 1957 1252 1986 ceteri
1268 1967 1376 1985 omnes:
1392 1971 1430 1978 -—-
1464 1955 1608 1995 ambitus)
1621 1956 1651 1983 D
1668 1965 1737 1983 cum
1752 1956 1790 1993 gl.
1805 1959 2020 1993 corruptionis.
2034 1973 2072 1980 —

196 2003 291 2042 leges)
307 2003 357 2031 Sic
374 2004 409 2039 B,
428 2003 494 2038 Mb,
513 2003 569 2038 Lc,
588 2003 629 2038 D,
650 2007 681 2032 et
696 2002 756 2031 Ox.
765 2013 774 2040 3
796 2004 893 2032 ceteri
904 2005 991 2041 legis.
1005 2018 1044 2025 —
1083 2003 1274 2042 complexus)
1289 2005 1334 2033 Lc
1348 2004 1518 2041 amplexus,
1539 2007 1585 2031 set
1605 2002 1639 2030 in
1656 2012 1748 2040 marg.
1764 2002 1870 2032 eadem
1884 2013 1923 2031 m.
1939 2006 2071 2042 comple-

196 2063 262 2083 xus,
275 2067 314 2072 --
352 2048 397 2087 cs)
411 2051 462 2077 Mc
480 2055 532 2077 est.
545 2064 584 2070 —-

272 2099 383 2136 Neque
399 2097 482 2125 enim
497 2111 534 2118 —
551 2107 582 2124 es
597 2097 732 2136 secutus)
747 2097 776 2126 A
793 2097 901 2134 habet,
921 2107 977 2126 nec
990 2107 1048 2136 pro
1063 2108 1161 2136 neque
1175 2098 1322 2127 scribens.
1340 2111 1379 2119 —
1417 2096 1590 2136 quicquam)
1605 2098 1657 2126 Mc
1673 2097 1829 2135 quiddam.
1844 2111 1882 2119 --
1919 2097 2008 2137 aliut)
2021 2098 2072 2127 Sic

199 2149 243 2184 A3
262 2147 292 2174 D
309 2155 374 2181 om3
397 2143 494 2172 ceteri
509 2144 651 2172 aliacL—
689 2143 844 2183 editicios)
857 2145 902 2173 Lc
918 2145 1047 2180 editius,
1067 2145 1107 2173 Pa
1122 2146 1285 2178 editionis,
1305 2154 1340 2182 χι
1360 2144 1484 2178 editio-9,
1505 2145 1543 2182 χδ
1557 2146 1695 2173 ecliatios.
1709 2159 1747 2166 -—
1786 2153 1818 2171 es
1833 2145 1967 2183 secutus)
1979 2144 2008 2173 A
2022 2154 2070 2173 80-

199 2200 288 2222 cutus
304 2202 355 2225 es;
376 2192 410 2226 B,
432 2191 469 2225 E,
490 2195 521 2218 et
536 2190 566 2217 D
583 2200 644 2217 esse
657 2197 799 2224 seculus;
819 2190 946 2219 Seruius
960 2191 998 2219 ad
1011 2191 1104 2229 Uerg.
1120 2191 1188 2220 Ecl.
1204 2191 1267 2228 III,
1288 2193 1333 2220 50.
1348 2196 1480 2219 secutus.
1494 2206 1532 2212 —
1570 2191 1644 2231 ulla)
1667 2192 1718 2220 Sic
1739 2191 1775 2226 B,
1794 2191 1832 2226 E,
1850 2192 1906 2226 La,
1933 2191 1990 2226 Lb,
2015 2191 2071 2226 Le,

200 2243 250 2275 Pa,
270 2241 322 2275 Pb,
342 2241 392 2273 Pc,
412 2237 453 2272 D,
475 2237 513 2272 G,
533 2237 595 2272 Br.,
616 2235 653 2271 T,
673 2246 700 2271 ς,
722 2245 769 2273 χι,
788 2237 816 2271 3,
836 2237 890 2272 F1,
909 2246 937 2273 2,
958 2243 989 2266 et
1006 2238 1217 2275 Lallemandi3
1238 2237 1334 2266 ceteri
1349 2238 1447 2266 milla.
1460 2253 1498 2260 -—
1535 2239 1598 2267 nisi
1612 2239 1646 2267 in
1660 2237 1729 2275 hac)
1753 2238 1842 2266 SieB
1859 2242 1889 2265 et
1903 2237 1947 2273 Ε,
1974 2238 2070 2266 ceteri

201 2290 262 2315 nisi
278 2288 346 2315 liae.
362 2300 399 2306 —
438 2283 600 2321 tribuaria)
615 2284 676 2319 Ma,
696 2284 762 2318 Mb,
780 2284 835 2319 La,
857 2284 915 2319 Lb,
935 2284 990 2319 Lc,
1009 2285 1060 2320 Pa,
1079 2285 1134 2321 Pb,
1153 2287 1203 2321 Pe,
1221 2285 1264 2320 D,
1285 2284 1323 2319 G,
1345 2284 1379 2319 C,
1400 2284 1430 2319 S,
1451 2284 1490 2320 T,
1509 2295 1557 2323 χι,
1577 2286 1604 2321 3,
1624 2294 1659 2323 ψ,
1679 2290 1711 2313 et
1731 2284 1858 2314 Lambb.
1879 2283 2072 2319 trihutaria5

201 2335 252 2362 Mc
268 2333 429 2360 tributorio
439 2341 450 2365 ;
470 2331 521 2358 ΒΓ.
537 2330 715 2358 tribunaria
723 2340 735 2363 ;
754 2340 772 2361 ς
789 2330 959 2359 tributarii.
973 2346 1012 2351 —
1049 2331 1084 2360 in
1099 2330 1223 2369 genere)
1237 2332 1289 2359 Mc
1299 2341 1418 2368 genere.
1433 2345 1471 2352 —-
1507 2332 1644 2361 uoluerit
1661 2332 1699 2360 ab
1716 2328 1901 2367 accusatore)
1916 2330 1968 2358 Ma
1985 2336 2015 2359 et
2026 2332 2072 2361 Lc

202 2381 240 2410 ab
257 2379 440 2407 adcumtore
454 2377 596 2404 uoluerit.
609 2391 647 2397 —-
667 2375 704 2403 dc
720 2375 787 2413 ipso
805 2375 950 2415 denique)
964 2376 995 2404 D
1013 2377 1143 2416 denique
1158 2379 1194 2407 cle
1210 2380 1329 2415 ipso.—
1348 2378 1563 2416 reiectionem)
1579 2379 1629 2406 Sic
1645 2379 1679 2414 B,
1696 2378 1734 2413 E,
1753 2381 1783 2404 et
1796 2376 1913 2413 aliquot
1926 2378 2071 2415 Lambb.;

205 2428 285 2455 [iet.
304 2435 319 2452 a
342 2429 373 2451 et
394 2425 445 2452 Mc
463 2424 708 2461 (Ισνοὲταιίοηεηι,ι
728 2424 769 2451 Pa
784 2423 820 2450 cle
835 2425 963 2451 iectione
973 2433 985 2457 ;
1006 2423 1103 2451 ceteri
1116 2424 1153 2452 cle
1169 2426 1337 2453 reiectione.
1353 2440 1391 2447 —
1428 2424 1578 2460 iudicum)
1593 2425 1644 2453 Sic
1657 2424 1692 2459 B,
1705 2423 1741 2457 E,
1755 2422 1838 2451 Uict.
1852 2433 1877 2458 a,
1892 2429 1923 2454 ct
1935 2424 2000 2462 Lb;
2020 2435 2073 2454 ce-

204 2474 262 2503 teri
278 2471 438 2500 iudicium.
453 2484 490 2490 —
529 2468 802 2507 praetermitteret)
815 2469 854 2507 23
865 2471 1119 2506 praetermittere.
1141 2485 1177 2493 —
