2185 2720
133 154 169 182 94
792 139 1361 170 COMMENTARIUS.

133 221 209 252 niro
232 217 436 250 doctissumo
459 214 610 258 potuerit
630 214 666 245 111
682 220 832 246 mentem
854 215 984 247 uenire.
1030 216 1110 247 Non
1133 214 1379 256 intelleguntur
1400 214 1456 246 hic
1480 214 1562 246 socii
1584 215 1656 247 siue
1678 217 1867 259 uectigales,
1892 218 1948 260 qui
1980 219 2016 251 in

133 272 320 316 prouinciis
343 271 483 312 degunt,
517 267 636 309 quibus
660 267 774 298 nullus
798 267 890 298 locus
915 268 1045 298 Romae
1067 267 1103 298 111
1128 267 1289 306 comitiis,
1319 267 1377 299 sed
1403 266 1486 297 socii
1507 267 1785 309 publicanorum,
1816 271 1875 312 qui
1896 277 1928 302 et
1950 271 2016 314 ipsi

136 331 231 356 erant
254 325 381 366 equites
406 319 563 353 Romani.
609 319 694 360 Quis
718 319 850 361 ignorat
871 319 1134 363 publicanorum
1157 319 1348 361 societates,
1383 318 1425 350 de
1448 319 1569 361 quibus
1592 319 1665 363 ipse
1682 321 1855 354 Blanutius
1878 323 1921 354 ad
1944 324 2019 366 epi-

134 377 237 409 stulas
262 378 303 408 ad
325 374 540 408 Fainiliaris?
587 373 794 405 GRAEUNJS.

969 459 1100 494 CAP.
1139 459 1186 494 X.

220 544 370 587 Aliquid
389 548 572 587 praeterea
593 558 635 564 —
657 539 850 572 adtulimus
872 540 979 572 etiam
1001 540 1074 583 nos)
1119 538 1377 571 Necessario
1401 545 1512 581 temp
1522 538 1676 580 e1·auit‚
1701 540 1884 582 gratiam
1907 553 2021 575 suam

135 607 219 627 non
241 595 527 626 mediocriter
548 591 787 636 profuisse,
822 592 991 633 quando
1015 593 1085 623 uir
1108 591 1354 623 consularis
1380 591 1680 623 testiinonium
1704 593 2022 626 beneficiorum

137 648 179 678 111
211 660 254 678 se
284 648 559 678 conlatoruni
589 643 864 687 perliibe11s¹)
895 645 1126 676 candidato
1158 644 1339 675 multum
1374 649 1581 686 potuerat
1609 655 1883 686 promouere.
1928 647 2023 678 Hoc

135 711 241 731 uero
270 711 318 730 ne
349 705 460 729 esset
490 698 685 729 insolens
716 703 748 729 et
771 696 1024 738 superbum,
1060 695 1290 740 praemisit
1318 695 1636 738 adlegationem
1666 699 1933 730 uerecundae
1963 699 2023 731 ti-

135 752 217 784 mid
231 751 364 782 itatis.
411 751 572 781 SenomA
597 751 860 782 AMBROSIANA.

225 805 362 836 Timide
389 802 517 844 (licam)
562 802 617 833 Sic
646 813 706 844 ego
737 812 780 831 ex
803 799 838 832 A
863 811 927 842 pro
959 807 1151 831 ceterorum
1180 800 1349 831 librorum
1378 800 1548 843 scriptura
1580 801 1702 833 timide
1731 802 1807 833 dico
1838 801 1916 833 dedi
1944 813 2022 835 cum

137 861 278 898 propter
302 866 392 893 eam,
430 865 531 896 (1113111
554 854 687 896 Proleg.
712 854 752 884 L.
777 853 803 883 Ι.
829 852 866 883 C.
891 853 951 883 III.
983 854 1012 894 ς.
1037 854 1066 884 6.
1090 865 1124 895 p.
1148 854 1231 885 XX.
1257 853 1526 893 comnemoraui,
1565 865 1731 893 caussam,
1768 860 1841 885 111111
1864 865 2025 886 maxume

137 913 335 949 propterea,
369 907 457 948 qnod
484 906 683 937 Ciceronem
708 905 742 936 in
766 905 830 935 hoc
853 904 1017 946 loquendi
1047 916 1170 946 genere
1198 917 1332 947 semper
1361 905 1477 936 futuro
1509 912 1664 948 tempore
1694 918 1793 938 usum
1818 917 1887 938 esse
1909 906 2022 938 uideo.

139 959 193 990 Sic
218 958 306 989 infra
330 960 367 990 C.
391 959 528 990 XXVI.
555 959 583 999 ς.
609 958 660 989 64.
692 957 779 989 Uere
804 958 996 989 mehercule
1019 957 1081 989 lzoc
1103 958 1234 989 dicam:
1258 958 1307 990 sic
1331 964 1405 989 tum
1427 958 1687 991 existimabam.
1713 960 1755 989 II.
1780 959 1821 989 de
1845 959 1942 992 Orat.
1960 959 2024 996 IV,

142 1012 189 1042 15.
214 1017 264 1042 set
286 1016 418 1051 tamen,
456 1023 535 1042 uere
559 1011 688 1049 dicam,
726 1011 870 1053 quaeuis
894 1010 1033 1041 mallem
1046 1008 1181 1051 ficisset
1205 1022 1307 1053 quam
1331 1010 1418 1048 ista,
1451 1023 1554 1053 quam
1577 1012 1675 1042 dicis.
1708 1012 1751 1042 II.
1776 1011 1811 1041 in
1834 1012 1935 1043 Uerr.
1959 1011 2024 1051 IV,

142 1063 195 1101 14,
221 1063 271 1094 52.
318 1063 405 1094 Uere
427 1063 618 1094 mehercule
643 1063 714 1101 hoc,
743 1063 874 1094 iudices
883 1087 893 1101 ,
922 1063 1054 1094 dicam.-
1091 1062 1233 1093 memini
1263 1062 1490 1104 Pamphilum
1513 1081 1553 1087 —
1583 1063 1670 1095 mihi
1700 1075 1855 1095 narrare.
1883 1074 1948 1105 pro
1976 1062 2024 1095 A·

139 1115 274 1146 Cluent.
297 1116 403 1155 XIX,
439 1117 490 1147 51.
513 1117 563 1147 sic
578 1116 744 1158 pugnaui
766 1133 808 1138 —
831 1120 870 1147 ut
890 1116 970 1153 hoc,
1004 1113 1096 1156 qlcocl
1124 1113 1245 1145 timide
1274 1114 1406 1153 dicam,
1444 1121 1642 1147 consecutus
1672 1116 1755 1154 sim,
1788 1127 1830 1147 ne
1859 1116 1936 1158 quis
1967 1115 2024 1147 illi

139 1180 280 1198 caussae
299 1174 488 1210 patronum
511 1166 663 1209 defuisse
686 1167 931 1199 arbitraretur.
956 1167 1000 1197 II.
1024 1165 1060 1195 111
1084 1166 1177 1196 Rull.
1203 1166 1257 1206 V,
1290 1177 1337 1197 10.
1373 1166 1470 1198 Nam
1493 1180 1573 1199 uere
1595 1168 1725 1206 (licam,
1756 1167 1932 1207 Quirites,
1961 1179 2026 1210 ge-

139 1231 204 1250 nus
230 1219 343 1261 ipsum
366 1221 454 1262 legis
484 1221 651 1262 agrariae
680 1221 882 1262 uituperare
906 1231 973 1250 non
999 1231 1150 1261 Possum.
1173 1230 1238 1261 pro
1268 1218 1377 1250 Sestio
1400 1220 1470 1258 IX,
1502 1231 1553 1251 22.
1589 1221 1669 1263 Ego
1692 1226 1826 1258 autem,
1861 1231 1942 1251 uere
1964 1220 2026 1251 lzoc

140 1272 263 1307 dicam,
288 1272 430 1311 iudices,
455 1278 590 1303 tautum
612 1284 683 1304 esse
706 1273 742 1303 in
765 1272 901 1304 homine
926 1272 1064 1302 sceleris
1086 1289 1128 1295 -—
1151 1284 1339 1315 numquam
1356 1272 1498 1315 putaui.
1521 1273 1601 1304 XII.
1629 1273 1716 1303 Phil.
1739 1274 1786 1311 X,
1811 1272 1861 1304 24.
1890 1272 2027 1304 Timide

139 1323 200 1353 hoc
224 1324 357 1354 dicam.-
389 1325 458 1355 scio
481 1325 571 1355 enim
595 1325 735 1366 quiduis
759 1325 891 1355 homini
912 1324 1068 1355 accidere
1084 1336 1198 1367 posse.
1226 1324 1267 1355 de
1288 1326 1393 1367 Legg.
1417 1325 1469 1364 II,
1496 1335 1533 1364 2,
1564 1324 1595 1356 4.
1627 1325 1720 1365 Quiri
1745 1326 1836 1369 ipse,
1866 1336 1947 1356 uere
1970 1324 2026 1357 di-

139 1386 234 1412 cam,
264 1387 340 1405 sum
363 1377 419 1407 illi
442 1377 549 1408 uillae
572 1377 717 1407 amicior
740 1377 838 1407 modo
852 1375 989 1419 factios-

223 1427 415 1469 Appellaui
431 1429 604 1470 populum
627 1429 802 1466 tributim,
839 1428 983 1460 submisi
1004 1440 1057 1460 me
1080 1433 1112 1460 et
1141 1428 1351 1472 supplicaui)
1397 1429 1452 1460 Sic
1481 1440 1542 1471 ego
1571 1429 1703 1472 primus
1733 1429 1869 1472 scripsi,
1905 1440 2026 1471 quam-

141 1489 242 1519 quam
270 1478 420 1510 Orellins
452 1481 519 1510 iam
554 1481 740 1511 Garatonii)
773 1486 910 1511 auctore
944 1480 1103 1511 tributim
1131 1491 1194 1522 pro
1224 1481 1358 1523 uolgata
1391 1481 1558 1523 scriptura
1592 1482 1748 1513 tribubus
1784 1481 1922 1524 recepit.
1967 1483 2027 1514 Set

139 1530 226 1560 male
249 1530 300 1560 illi
324 1531 482 1563 tributim
505 1543 581 1562 cum
603 1533 820 1573 sequentibus
844 1533 1113 1571 coniunxerunt,
1140 1533 1231 1574 quod
1251 1545 1311 1576 ego
1336 1545 1379 1565 ex
1401 1533 1522 1564 codicis
1546 1533 1619 1564 Erf.
1642 1534 1840 1565 auctoritate
1863 1545 1940 1565 cum
1962 1545 2026 1566 an-

140 1582 369 1615 tecedentibus
406 1584 579 1614 coniunxi.
626 1584 786 1615 Ceterum
815 1591 906 1616 recte
938 1584 1073 1615 monuit
1097 1585 1321 1617 Garatonius:
1359 1586 1461 1627 „Ego
1487 1586 1646 1617 tributim
1668 1598 1784 1618 ueram
1809 1598 1878 1618 esse
1904 1587 2025 1619 lectio-

141 1645 219 1664 nem
242 1640 344 1675 puto,
375 1636 468 1666 cuius
489 1635 669 1677 uestigium
692 1643 846 1678 superest
867 1637 901 1667 in
926 1648 1002 1668 meo
1027 1636 1140 1667 codiee
1164 1637 1308 1669 habente
1332 1638 1494 1669 tribuum.
1538 1638 1733 1670 Forniulast
1757 1645 1897 1681 optuma
1920 1651 2025 1681 eaque

141 1686 261 1725 rarior,
286 1693 319 1717 et
338 1688 478 1718 molesta
501 1688 657 1727 librariis,
682 1695 720 1720 ut
744 1688 891 1720 uidimus
914 1688 956 1719 ad
979 1699 1006 1719 c.
1024 1689 1075 1720 52.
1098 1700 1162 1730 pro
1178 1690 1286 1720 lNIur..
1333 1691 1420 1721 Cum
1442 1690 1651 1731 diligentiam
1675 1690 1922 1732 suffragationis
1945 1702 2025 1722 suae

142 1738 261 1770 Cicero
285 1746 449 1781 exponat,
481 1741 675 1784 appellaui,
698 1741 767 1780 'ait,
798 1741 989 1785 populum,
1025 1742 1183 1773 tributim
1211 1742 1365 1784 (populo)
1391 1742 1535 1774 submisi
1557 1754 1609 1773 me
1631 1748 1664 1774 et
1686 1743 1905 1786 supplicam}
1942 1743 2026 1776 haut

141 1790 294 1833 profecto
324 1792 425 1834 pleno
455 1793 562 1824 tribus
592 1792 856 1836 uniuscuiusque
888 1793 1089 1833 conuentui,
1128 1805 1190 1825 nec
1217 1795 1357 1837 singulis
1389 1794 1653 1836 uniuscuiusque
1682 1796 1789 1826 tribus
1819 1795 2023 1838 hominibus,

142 1854 263 1873 uerum
286 1844 386 1881 notis,
415 1844 561 1882 delectis,
588 1845 746 1886 grauibus
770 1859 813 1878 ex
836 1857 1038 1888 unaquaque
1061 1845 1169 1884 tribu3
1194 1853 1232 1878 ut
1255 1859 1354 1888 quam
1378 1848 1493 1890 plures
1516 1853 1628 1889 posset
1651 1847 1758 1878 tribus
1783 1847 1918 1879 Plancio
1942 1860 2025 1880 con-

143 1894 267 1926 ficeret.
314 1896 479 1926 Similiter
503 1897 544 1926 de
567 1898 683 1928 Scauri
709 1898 876 1940 legatione
899 1899 961 1931 IV.
986 1897 1027 1928 ad
1050 1897 1125 1930 Att,
1153 1900 1200 1931 16.
1217 1900 1349 1943 populo
1373 1899 1531 1931 tributim
1553 1899 1646 1930 domi
1667 1912 1750 1931 suae
1772 1899 2024 1942 satisfecerat,

142 1947 290 1978 nummis
311 1959 373 1989 per
397 1947 560 1980 diuisores
585 1950 735 1981 tribuum
760 1951 966 1982 distributis:
1000 1962 1110 1992 neque
1137 1951 1226 1982 euim
1251 1952 1358 1982 tribus
1382 1951 1472 1993 ipsae
1495 1951 1644 1992 integrae
1665 1951 1705 1981 ad
1730 1952 1893 1983 Scaurum
1918 1965 2025 1985 uene-

143 2005 229 2031 rant.
274 2001 358 2031 Item
382 2000 551 2039 Lucilius,
577 2001 618 2031 de
642 2013 708 2043 quo
734 2003 781 2033 ait
802 2003 966 2034 Horatius
989 2003 1032 2033 Π.
1058 2003 1166 2034 Serm.
1191 2004 1221 2042 I,
1247 2004 1297 2045 69.
1321 2004 1499 2036 Primores
1518 2004 1643 2046 populi
1664 2004 1818 2046 arripuit
1835 2007 2025 2049 populum-

144 2064 208 2095 que
229 2053 406 2091 tributim,
438 2053 577 2094 singulis
602 2065 644 2084 ex
667 2054 839 2094 tribubus,
870 2067 951 2097 quos
978 2061 1129 2094 notaret,
1162 2055 1301 2098 delegit:
1336 2056 1419 2087 haut
1441 2062 1530 2086 certe
1552 2055 1764 2097 singulorum
1788 2068 1830 2087 ex
1857 2058 2024 2099 omnibus,

143 2110 201 2135 aut
228 2104 466 2135 uniuersorum
497 2105 618 2144 simul,
660 2107 717 2147 qui
746 2119 812 2138 una
842 2108 935 2138 tribu
960 2114 1193 2147 censerentur,
1235 2108 1350 2139 uitiast
1379 2107 1601 2138 insectatus.“
1645 2108 1737 2138 Idem
1763 2109 1797 2138 in
1826 2109 1906 2141 Cur.
1933 2111 2022 2142 Sem:

144 2156 362 2196 „Asconium
393 2156 479 2187 addo
510 2156 545 2187 in
567 2165 767 2199 argumento
791 2159 1018 2192 Milonianae:
1053 2166 1170 2204 aperte
1200 2172 1331 2204 quoque
1354 2160 1512 2191 tributim
1535 2161 1571 2191 ia
1594 2161 1752 2203 singulos
1774 2161 1870 2193 mille
1891 2162 2023 2193 assium

145 2210 296 2242 dederat.
348 2209 403 2240 Sic
433 2209 523 2240 enim
556 2210 753 2252 legendum,
795 2218 835 2244 ut
862 2213 958 2245 mille
984 2225 1128 2245 numum
1155 2213 1294 2251 dicitur,
1335 2224 1405 2243 non
1434 2213 1545 2245 milia.
1594 2213 1818 2245 Mamertinus
1850 2212 1950 2243 etiam
1985 2212 2023 2243 in

221 2363 249 2401 1)
285 2365 480 2399 Perhibens;
514 2366 558 2393 sie
578 2376 633 2403 ego
654 2368 775 2396 correxi
796 2379 854 2407 pro
875 2369 991 2397 codicis
1012 2369 1164 2407 scriptura
1179 2369 1347 2406 petficlens.
1386 2367 1468 2396 Uide
1489 2369 1620 2407 interpr.
1640 2369 1747 2397 Ambr.
1773 2367 1810 2395 ad
1831 2377 1855 2395 0.
1881 2368 1939 2403 15.,
1966 2368 2022 2397 ubi

146 2410 249 2439 eadem
269 2411 426 2439 locutione
446 2414 653 2441 testimonium
668 2415 830 2451 perhibere
849 2426 921 2444 usus
939 2421 993 2445 est.
1035 2417 1128 2445 Nunc
1148 2415 1239 2444 uideo
1261 2416 1342 2444 idem
1364 2415 1531 2444 coniecisse
1547 2415 1754 2444 Niebuhrium
1775 2419 1805 2442 et
1820 2414 2022 2453 Maduigium.
