2185 2720
107 161 160 190 198
754 148 1330 180 COMMENTARIUS.

107 242 208 275 quam
230 227 403 262 Manutius
426 225 612 269 explicauit
632 225 697 267 ita,
725 239 826 270 quom
847 226 1036 259 Plancium
1056 225 1203 270 aspicis,
1234 225 1292 258 cui
1311 225 1470 269 gratiam
1492 236 1584 257 nunc
1608 223 1741 268 resera,
1769 224 1855 258 ferri
1875 225 1978 270 plane

105 296 176 317 nou
197 294 312 326 posse,
338 292 407 312 non
430 291 514 322 opus
538 285 607 318 est,
630 284 669 310 ut
691 280 797 310 uerbo
818 279 964 311 doceam.

191 336 307 377 Quam
335 345 398 377 ego
419 345 488 365 non
509 350 552 357 —
576 331 792 376 defingerem)
837 331 929 364 Male
952 329 1157 363 Garatonius
1185 330 1212 361 B
1236 335 1270 361 et
1291 330 1320 361 E
1349 329 1552 373 scripturam
1583 328 1782 374 defugerim
1807 331 1979 374 probauit,

108 401 193 433 quae
215 390 262 420 sic
284 394 416 419 tantum
439 387 552 418 locum
573 385 698 417 habere
720 390 851 428 posset,
877 384 907 416 si
930 384 972 416 de
994 396 1050 423 eo,
1081 382 1172 426 quod
1195 382 1345 423 fecisset,
1373 383 1493 415 Cicero
1517 388 1717 426 exponeret.
1757 383 1809 416 At
1828 384 1902 416 uolt
1922 384 1982 416 ille

107 443 173 475 hoc
196 441 320 479 dicere,
343 440 478 471 nullum
502 450 572 471 esse
594 438 802 482 periculum,
828 437 934 480 quod,
956 437 985 469 si
1003 449 1066 480 pro
1090 437 1197 468 salute
1219 436 1413 468 Laterensis
1439 436 1651 468 subeundum
1673 442 1770 476 esset,
1797 436 1982 480 defugeret.

107 494 273 529 Nondum
295 493 385 524 enim
409 491 601 524 Laterensis
624 491 713 523 salus
735 491 771 522 in
794 490 976 523 discrimen
999 495 1069 521 erat
1090 489 1249 529 adducta,
1276 495 1313 521 ut
1335 488 1470 520 defendi
1492 501 1512 520 a
1535 489 1698 521 Cicerone
1720 489 1895 533 potuisset.

192 547 269 587 Quo
296 545 435 588 quidem
467 545 572 577 etiam
601 545 716 588 magis
745 556 823 576 sum
851 562 894 568 —-
925 541 1109 584 exercitus)
1154 542 1272 573 Hanc
1307 541 1569 573 sententiam
1606 543 1846 574 secundum
1880 542 1982 574 illos

108 598 404 645 philosophos
425 597 597 637 intulit,
632 597 703 640 qui
726 597 1099 629 existimauerunt
1120 605 1287 637 semper
1312 594 1461 626 beatos
1484 607 1576 627 esse
1598 596 1830 639 sapientes,
1860 607 1983 628 num-

108 665 230 696 quam
263 652 445 683 miseros
484 649 816 688 existimandos3
858 661 901 681 ac
929 648 1071 691 siquid
1105 646 1281 679 aduersi
1319 646 1613 690 prudentibus
1643 649 1857 690 eueniret⁷
1900 661 1983 682 non

108 717 295 750 poenam
324 703 454 746 magis
484 709 523 735 et
554 704 860 741 calamitatem,
900 714 1022 744 quam
1055 700 1423 732 exercitationem
1455 712 1547 732 esse
1576 701 1791 734 fortunae.
1820 703 1983 734 SCHOLIA

106 761 367 792 AMBROSIANA.
411 758 524 788 Locus
547 762 597 788 est
618 757 727 799 grauis
751 762 784 787 et
805 767 825 787 a
844 755 964 788 Stoicis
991 765 1090 797 saepe
1121 760 1291 785 tractatus.
1336 754 1416 785 Huc
1437 766 1616 796 maxume,
1655 767 1699 787 ne
1728 756 1836 788 multa
1863 755 1984 799 putide

107 822 306 854 congeram,
336 809 442 841 uerba
462 808 522 840 illa
544 808 672 840 faciunt
694 821 738 841 ex
760 809 936 841 Paradoxo
959 808 1003 838 IL
1041 813 1080 839 ut
1106 807 1247 850 inprobo
1277 812 1309 839 et
1331 809 1440 840 stulto
1470 815 1504 841 et
1525 809 1633 841 inerti
1661 810 1790 841 nemini
1811 809 1892 842 bene
1913 821 1985 842 esse

104 869 236 909 potest,
269 864 319 895 sic
343 863 449 895 bonus
472 863 530 894 uir
552 867 585 894 et
596 861 710 905 fortis
733 868 767 895 et
788 862 925 906 sapiens
947 860 1052 892 miser
1074 872 1145 892 esse
1167 872 1234 892 non
1253 866 1380 903 potest.
1427 862 1688 894 GARATONIUS.

195 918 293 950 Leue
315 916 407 947 enim
430 928 515 947 onus
537 914 680 958 benefici
699 915 835 958 gratia)
878 916 992 956 Lege,
1014 914 1090 945 leue
1111 914 1203 945 enim
1225 919 1276 945 est
1295 926 1399 953 onus,
1428 920 1467 945 ut
1487 914 1524 946 in
1546 916 1629 947 Bau.
1655 916 1701 957 [et
1722 915 1758 947 in
1781 913 1869 956 ΕΓΒ]
1894 919 1928 945 et
1948 913 1984 945 in

110 982 186 1003 meo
211 969 336 1001 codice.
364 969 625 1000 GARATONII'S·
668 967 760 999 Male
784 967 970 999 Garatonio
993 966 1124 998 adsensi
1147 972 1224 998 sunt
1248 966 1399 998 Orellius
1422 973 1454 999 et
1475 968 1616 1007 Bakius‚
1651 980 1796 1011 quorum
1815 967 1986 1010 posterior

111 1023 224 1055 adfert
247 1022 289 1053 de
311 1020 381 1053 Off.
405 1022 455 1061 II,
480 1033 517 1064 7,
541 1022 571 1053 5.
606 1021 720 1054 malus
744 1026 794 1053 est
816 1021 906 1052 enim
932 1026 1044 1052 custos
1069 1020 1318 1052 diuturnitatis
1343 1026 1465 1053 metus.
1510 1021 1588 1063 Quo
1612 1021 1685 1063 ipso
1708 1021 1744 1052 iu
1767 1021 1842 1052 loco
1864 1020 1985 1051 rectis-

109 1087 206 1109 sume
234 1074 372 1107 Beierus
403 1075 646 1118 plurumorum
674 1072 771 1105 codd.
801 1072 996 1105 auctoritate
1030 1073 1171 1104 uerbum
1202 1078 1254 1104 est
1284 1072 1392 1104 eiecit.
1442 1072 1570 1105 Confer
1603 1073 1703 1105 etiam
1735 1085 1820 1116 quae
1848 1073 1983 1115 l’roleg.

111 1131 155 1162 L.
178 1130 222 1160 H.
247 1128 285 1160 C.
309 1128 336 1159 I.
362 1128 392 1170 §.
417 1129 466 1160 16.
489 1139 524 1171 p.
547 1129 643 1161 LVI.
665 1126 872 1159 monuimus.
919 1127 1075 1158 Ceterum
1098 1131 1188 1157 recte
1210 1125 1334 1157 Bakius
1356 1125 1462 1157 uerba
1483 1138 1568 1158 onus
1591 1126 1734 1170 benefici
1755 1138 1842 1166 non,
1873 1131 1913 1157 ut
1932 1124 1985 1157 fe-

112 1182 159 1214 cit
186 1180 380 1222 Schutzius,
417 1180 561 1225 benefici
586 1181 710 1225 gratia
741 1179 972 1222 coniungenda
1005 1179 1144 1211 censuit.
1195 1178 1250 1210 Sic
1278 1179 1316 1210 C.
1341 1179 1463 1210 XXX.
1495 1179 1526 1221 §.
1559 1190 1610 1222 72.
1641 1192 1727 1212 onus
1756 1177 1901 1222 benefici
1930 1190 1985 1211 re-

104 1235 318 1280 formidant.

198 1288 257 1320 Set
288 1287 371 1331 quia
402 1299 503 1331 saepe
531 1287 707 1319 concurrit
728 1291 874 1330 propter
904 1285 1102 1329 aliquorum
1129 1285 1170 1317 de
1195 1297 1248 1317 me
1270 1285 1474 1317 meritorum
1504 1286 1595 1318 inter
1621 1285 1713 1329 ipsos
1742 1285 1985 1324 contentiones,

114 1347 154 1375 ut
180 1342 296 1374 eodem
328 1346 478 1385 tempore
500 1342 537 1373 in
562 1340 671 1372 omnis
698 1351 821 1372 uerear
843 1351 884 1371 ne
906 1339 968 1370 uix
991 1338 1124 1382 possim
1149 1344 1279 1382 gratus
1301 1338 1429 1380 uideri)
1474 1338 1557 1372 Bau.
1588 1338 1635 1379 [et
1658 1336 1750 1377 Erf.]
1777 1338 1864 1369 addit
1892 1338 1985 1377 bene,

114 1393 204 1437 quod
227 1392 328 1424 etiam
351 1393 423 1425 sine
445 1393 613 1425 librorum
635 1392 848 1431 auctoritate,
874 1391 902 1423 si
923 1391 1125 1423 adtentiores
1147 1391 1341 1429 fuissemus,
1366 1397 1436 1422 erat
1457 1389 1661 1422 faciendum.
1705 1391 1760 1423 Sic
1782 1397 1894 1422 autem
1915 1390 1985 1429 ille,

108 1453 254 1492 propter
276 1447 475 1490 aliquorum
495 1446 575 1478 bene
597 1447 639 1479 de
659 1458 712 1478 me
733 1446 947 1478 meritorum.
992 1445 1048 1476 Set
1071 1444 1160 1487 quod
1182 1444 1284 1475 habet
1307 1444 1396 1485 [cum
1412 1443 1499 1486 Est]
1524 1450 1747 1484 concurrunt,
1772 1443 1807 1474 id
1829 1454 1885 1474 me
1907 1443 1986 1474 uol-

112 1507 208 1543 gatae
229 1499 494 1531 indormientem
517 1498 663 1542 pupugit
684 1498 791 1529 acrius
814 1504 847 1529 et
870 1497 1042 1529 excitauit.
1086 1498 1286 1530 BIenckenio
1309 1498 1345 1528 in
1370 1497 1514 1530 Obseru.
1535 1498 1577 1529 L.
1599 1498 1642 1529 L.
1665 1509 1700 1540 p.
1727 1496 1796 1529 154.
1819 1495 1898 1528 satis
1920 1495 1986 1527 fuit

114 1565 189 1585 eam
220 1553 293 1583 uim
323 1552 403 1584 huie
433 1552 539 1584 uerbo
567 1552 732 1590 tribuere,
771 1562 871 1593 quam
899 1550 1025 1582 habent
1054 1552 1227 1595 contingit
1256 1557 1289 1582 et
1315 1550 1440 1583 euenit.
1481 1550 1530 1583 At
1556 1561 1595 1581 ea
1622 1550 1734 1592 potius
1762 1561 1833 1581 esse
1858 1550 1985 1590 debuit,

116 1618 217 1649 quam
238 1606 341 1637 habet
363 1607 527 1649 congruit
548 1610 630 1648 aput
652 1603 760 1635 Tacit.
784 1604 809 1634 I.
833 1603 924 1635 Hist.
948 1615 978 1645 7.
1021 1603 1127 1636 Forte
1149 1610 1370 1648 congruerat,
1395 1609 1435 1635 ut
1457 1603 1556 1635 Clodi
1580 1603 1695 1635 Macri
1716 1609 1750 1635 et
1773 1603 1900 1635 Fontei
1920 1603 1987 1636 Ca—

111 1659 247 1704 pitonis
270 1658 388 1690 caedes
410 1659 669 1691 nuntiarentur.
711 1658 833 1698 Neque
856 1656 947 1687 enim
969 1667 1023 1688 res
1046 1667 1130 1696 una,
1160 1669 1245 1699 quae
1266 1657 1400 1697 accidit,
1429 1668 1632 1688 concurrere
1653 1655 1790 1694 dicitur,
1820 1655 1886 1687 nisi
1908 1666 1984 1687 cum

116 1712 182 1743 alia
204 1711 240 1742 in
262 1710 355 1742 idem
378 1716 510 1753 tempus
532 1711 659 1742 incidat
680 1716 738 1742 aut
759 1709 824 1741 alia
845 1709 977 1741 ratione
999 1710 1187 1741 conueniat.
1232 1710 1322 1752 Quid
1346 1715 1396 1741 est
1416 1708 1539 1751 igitur,
1562 1708 1754 1746 concurrit,
1776 1713 1817 1740 ut
1838 1710 1988 1741 uerear?

119 1763 214 1807 Quid
237 1776 361 1796 uerear
383 1764 534 1804 additur,
566 1775 642 1794 cnm
665 1763 740 1795 satis
764 1763 884 1803 suerit,
917 1764 1110 1803 concurrit,
1132 1769 1173 1796 ut
1194 1765 1256 1796 uix
1272 1763 1429 1807 possim?
1471 1762 1605 1794 Locum
1626 1760 1685 1791 ille
1707 1760 1880 1802 coniungit
1900 1760 1987 1792 alte·

116 1829 195 1850 rum
219 1828 262 1848 ex
288 1817 331 1850 II.
364 1817 405 1848 de
427 1817 509 1849 Diu.
533 1816 584 1849 68.
614 1816 673 1849 An
696 1822 734 1848 tu
757 1828 869 1848 censes
897 1816 1007 1848 ullam
1032 1806 1140 1849 anum
1162 1822 1234 1849 tam
1255 1817 1403 1849 deliram
1422 1815 1593 1859 futuram
1611 1812 1748 1857 ficisse,
1782 1819 1823 1846 ut
1843 1815 1986 1846 somniis

119 1870 292 1908 crederet,
313 1870 384 1901 nisi
406 1870 475 1902 ista
497 1882 580 1902 casu
601 1882 877 1913 nonnumquam,
898 1868 1017 1912 forte,
1040 1876 1163 1902 temere
1185 1871 1452 1902 concurrerent?
1494 1869 1581 1900 Illuc
1602 1877 1686 1897 uero
1710 1865 1849 1907 quadrat
1869 1867 1988 1898 eueni-

121 1929 218 1962 rent,
244 1933 321 1953 cum
343 1921 548 1963 significetur
570 1928 724 1960 euentus,
752 1922 809 1964 qui
832 1922 860 1953 si
883 1933 958 1953 cum
977 1922 1108 1953 somnio
1132 1922 1324 1961 conueniat,
1350 1933 1403 1954 res
1425 1923 1526 1965 plane
1547 1923 1755 1952 concurrunt
1777 1917 1873 1950 duae.
1917 1919 1988 1950 Lo-

122 1976 212 2007 cutio
241 1980 291 2006 est
321 1973 539 2016 exquisitior,
578 1980 616 2006 ut
646 1975 681 2005 iu
705 1975 891 2006 Homerico
920 1986 1022 2006 uersu
1043 1975 1127 2006 XX.
1161 1975 1280 2018 Odyss.
1305 1975 1377 2007 245.
1409 1972 1470 2020 οὐχ
1496 1973 1582 2017 ’ἡμῖν
1612 1966 1837 2005 συνθεύσεται
1863 1968 1924 2013 ἥδε
1950 1983 1987 2014 γε

121 2024 247 2072 βουλή,
287 2038 353 2069 quo
384 2027 516 2058 exitum
549 2028 689 2060 consilio
717 2039 785 2059 non
808 2039 1051 2070 responsurum
1073 2027 1150 2059 dicit
1170 2027 1437 2070 Amphinomus.
1481 2028 1579 2059 Hanc
1600 2025 1647 2056 ita
1667 2023 1820 2055 imitatur
1839 2023 1989 2065 Proper-

121 2082 188 2113 tius
208 2081 276 2120 111,
303 2091 319 2122 7
343 2079 399 2121 (al.
421 2080 485 2122 9.),
512 2092 578 2123 17.,
607 2087 644 2112 ut
665 2081 815 2124 palmae,
841 2080 899 2122 qui
920 2091 1036 2112 cursus
1059 2079 1144 2111 felix
1167 2086 1215 2111 est
1238 2080 1364 2119 exitus,
1395 2092 1471 2111 cum
1496 2078 1657 2122 quadriga
1681 2075 1846 2108 currentis
1868 2075 1988 2117 imag-i-

122 2146 202 2167 nem
223 2139 318 2165 acute
340 2138 520 2175 proponat.
563 2135 649 2173 Est,
695 2133 817 2178 quibus
839 2134 948 2165 Eleae
970 2134 1143 2165 concurrit
1162 2134 1281 2177 palma
1304 2134 1508 2177 quadrigae.
1552 2132 1654 2163 Estne
1676 2129 1732 2161 hic
1753 2128 1856 2170 igitur
1875 2126 1987 2171 poeti-

124 2198 202 2218 cum
229 2185 378 2228 aliquid,
418 2192 477 2217 aut
504 2187 594 2218 ullus
621 2186 663 2217 ad
695 2192 855 2217 euentum
883 2192 1073 2228 respectus,
1106 2191 1164 2216 aut
1189 2185 1259 2216 ulla
1286 2197 1402 2216 rerum
1432 2185 1578 2226 denique
1607 2181 1834 2225 conspiratio?
1877 2181 1986 2212 Immo

125 2250 207 2270 uero
230 2249 409 2270 concursus
432 2245 482 2270 est
503 2239 756 2271 contentionum
778 2238 867 2270 inter
888 2239 1042 2270 homines
1071 2238 1156 2269 bene
1179 2237 1220 2268 de
1241 2237 1290 2269 M.
1315 2237 1433 2269 Tullio
1464 2236 1625 2275 meritos,
1660 2246 1727 2277 quo
1750 2233 1807 2272 fit,
1840 2238 1878 2264 ut
1900 2230 1989 2262 duo-

125 2290 188 2322 bus
216 2289 304 2321 inter
332 2302 367 2321 se
396 2292 674 2323 contendentibus
707 2297 808 2334 atque
838 2291 1037 2323 aduersariis
1067 2290 1182 2322 eodem
1214 2296 1368 2333 tempore
1395 2289 1575 2332 gratificari
1603 2300 1673 2320 non
1706 2285 1819 2330 possit.
1862 2282 1986 2315 Deleto

124 2342 238 2384 itaque
253 2349 415 2386 propter,
438 2344 528 2386 quod
552 2345 679 2376 ueriori
700 2344 836 2376 lectioni
859 2344 1018 2375 concedat
1040 2349 1192 2386 oportet,
1217 2354 1361 2385 quacum
1385 2342 1415 2373 ei
1437 2342 1620 2373 conuenire
1642 2352 1711 2373 non
1733 2339 1819 2375 licet,
1841 2335 1888 2366 ita
1908 2346 1987 2366 sua-

126 2395 226 2426 dente
256 2400 396 2436 optumo
426 2397 539 2428 codice
568 2399 681 2429 Iocum
711 2397 969 2428 constituamus:
1007 2402 1059 2429 set
1088 2396 1170 2440 quia
1198 2408 1299 2439 saepe
1320 2400 1531 2428 concurrunt
1551 2395 1749 2438 aliquorum
1769 2390 1850 2422 bene
1871 2389 1912 2421 cle
1933 2399 1988 2420 me

126 2448 328 2481 meritorum
349 2447 440 2479 inter
462 2449 553 2491 ipsos
575 2450 822 2490 contentiones,
843 2456 884 2483 ut
904 2451 1020 2483 eodem
1042 2455 1190 2493 tempore
1213 2455 1293 2480 etc..
1339 2447 1410 2481 Cfr.
1432 2448 1513 2480 VII.
1538 2447 1578 2478 ad
1599 2446 1681 2479 Diu.
1703 2443 1755 2476 55.
1779 2452 1987 2488 quamquam
