2185 2720
885 144 909 173 c
929 144 958 172 A
978 145 1012 172 P.
1052 142 1142 172 vm.
1169 142 1196 182 ς.
1218 149 1264 174 20.
1285 150 1329 175 21.
2017 154 2053 181 89

237 222 323 254 Erit
349 228 462 253 tamen
487 220 722 264 tibisortasse
745 220 851 252 etiam
880 220 922 251 de
944 218 1041 250 nobis
1070 218 1225 261 aliquid,
1262 220 1401 262 aliquid
1428 219 1532 263 certe)
1576 219 1634 252 Ad
1661 219 1909 252 defendendam
1942 223 2048 255 etiam

153 274 373 316 particulam,
418 286 518 315 quam
548 274 627 304 licet
655 272 755 303 multi
785 271 933 302 familiae
957 271 1075 302 tertiae
1105 271 1235 302 codices
1261 273 1419 303 omittant
1450 278 1562 303 tamen
1586 273 1767 314 genuinam
1791 285 1952 305 maxume
1977 287 2047 307 esse

151 336 242 356 nunc
264 327 470 357 membranis
495 326 604 359 Uatic.
626 324 848 355 confirmatur
872 323 956 366 (uid.
981 323 1112 365 Proleg.
1139 324 1181 354 L·
1208 325 1234 355 Ι.
1262 326 1299 356 C.
1326 325 1386 355 IH.
1415 325 1444 366 §.
1470 336 1499 356 2.
1525 337 1558 367 p.
1582 326 1711 367 xlx),
1739 332 1817 367 apte
1841 326 2047 360 Garatonius

149 377 218 408 Cic.
242 378 339 409 Brut.
363 380 445 417 XC,
477 379 548 410 510.
581 377 796 419 conparauit:
838 376 1098 408 Commenlabar
1128 377 1356 409 declamitans
1392 389 1492 419 saepe
1522 390 1597 409 cum
1621 379 1673 410 M.
1697 380 1825 410 Pisone
1848 384 1881 409 et
1904 391 1980 410 cuni
2003 380 2045 419 Q.

146 430 313 473 Pompeio
336 437 399 463 ant
422 443 498 462 cum
521 431 639 473 aliquo
663 430 807 467 coticlie3
832 430 934 472 idque
948 428 1128 471 faciebam
1149 430 1300 460 multam
1321 430 1454 461 etiam
1477 431 1602 468 latine,
1626 437 1676 461 set
1696 443 1823 474 graece
1849 433 2002 474 saepius.

236 483 323 514 Tui
360 484 604 525 'municipes
637 488 740 514 sunt
781 482 862 513 illi
899 482 1070 525 quidem
1105 482 1475 525 splendidissimi
1512 484 1730 522 homines,
1779 484 1853 515 secl
1899 489 2044 517 tamen

141 534 302 579 pauci)
332 535 470 565 Etiam
501 535 568 566 hic
591 533 834 566 Atinatium
857 532 1076 576 suffragia
1098 534 1313 577 praetulit
1336 534 1620 575 Tusculanis,
1646 547 1738 566 cum
1762 536 1832 566 illi
1856 543 1894 567 et
1916 537 2043 579 pauci

147 593 187 618 et
215 587 258 617 in
271 585 375 626 uidi,
422 587 468 618 hi
499 598 601 618 uero
634 592 674 617 et
701 586 851 628 plures
882 592 922 617 et
950 585 1139 628 benigni·
1181 586 1345 618 SCHOLIA
1372 588 1579 620 UATICANA.
1625 589 1719 619 Haec
1750 599 1835 630 quae
1859 590 2042 632 praeposui

145 640 250 671 uerba
273 640 350 671 Uat.
375 638 422 669 sic
445 644 481 669 ut
505 639 630 682 scripta
654 639 732 670 dedi
754 639 866 670 habet.
1425 636 1435 644 ⁵

230 692 363 731 Quam
389 691 560 733 quidem
584 704 750 724 nnnc—
771 690 912 732 nobis)
936 691 1197 732 Miscuit...¹)
1221 703 1302 722 non
1327 698 1497 724 tantum
1522 704 1603 734 quo
1628 692 1861 724 doceretur
1884 694 2037 735 iudex,

143 755 292 775 uerum
321 743 455 774 etiam
486 755 565 784 quo
594 751 855 776 moueretur.
899 743 1115 776 Adfectus
1147 744 1257 775 enim
1280 745 1500 776 colorauit
1522 745 1569 775 ad
1592 746 1945 778 misericordiam
1969 759 2041 779 se-

144 797 326 829 cundum
350 796 572 827 Plancium
596 795 932 839 pet-mouendam
957 807 1007 827 ex
1030 796 1180 828 habitu
1203 797 1369 828 ciuium
1399 797 1620 837 luctuoso,
1656 799 1777 840 quasi
1800 799 1888 841 ipsi
1911 800 2039 831 solli-

143 849 380 881 citudinem
411 855 450 881 et
481 849 737 880 modestiam
770 859 846 890 pro
874 859 948 878 suo
980 849 1073 880 ciue
1096 849 1381 892 susceperint.
1415 850 1578 881 ScnoLlA
1605 851 1816 886 UATICANA.
1860 851 1928 883 Hie
1952 864 2038 894 quo-

144 914 210 945 que
235 913 319 944 quae
342 902 526 944 praeposui
550 902 653 932 uerba
677 902 754 933 Uat.
779 901 852 932 sine
876 901 1102 943 discrepantia
1125 902 1236 932 habet.

227 956 257 996 ἕ.
284 965 335 986 21.
380 955 478 994 Quae
501 961 624 986 cuncta
647 954 796 986 comitiis
819 953 952 997 (affuit)
998 954 1233 985 Praefecturae
1263 953 1402 996 suffragi
1434 954 1486 986 ius
1516 966 1585 985 non
1615 955 1800 994 habebant3
1825 956 1880 987 hic
1911 963 2036 998 tamen,

140 1008 277 1051 plebem
299 1007 475 1039 Atinatem
500 1006 646 1038 comitiis
669 1005 832 1044 adfuisse,
856 1006 956 1048 plane
980 1013 1130 1045 constat3
1156 1007 1237 1049 quid
1261 1007 1477 1050 putandum?
1512 1007 1577 1038 hoc
1600 1008 1740 1049 opinor,
1771 1009 1922 1040 Atinatis
1950 1010 2036 1041 ciui-

140 1067 210 1092 tate
239 1060 379 1090 donatos
411 1071 481 1091 esse
528 1066 561 1091 et
591 1059 625 1090 111
656 1059 923 1101 municipiorum
955 1059 1030 1089 iura
1054 1059 1229 1098 transisse3
1264 1072 1341 1090 nam
1371 1067 1403 1091 et
1426 1059 1515 1090 infra
1537 1066 1575 1090 ut
1599 1059 1639 1090 de
1662 1061 1867 1103 municipio,
1904 1074 1974 1093 non
1996 1069 2035 1094 ut

140 1112 182 1143 de
211 1111 424 1154 praefectura
466 1112 585 1144 Cicero
616 1112 786 1154 loquitur,
830 1122 905 1142 cum
930 1111 993 1142 ait:
1031 1112 1145 1150 Sichte
1167 1113 1338 1145 Plancius
1370 1115 1433 1145 Ῐιοο
1455 1125 1522 1144 non
1546 1113 1658 1144 solum
1680 1115 1873 1157 municipi,
1911 1117 2034 1147 uerum

139 1166 246 1198 etiam
269 1165 466 1197 uicinitatis
486 1177 615 1208 genere
637 1165 808 1197 uincebat.
837 1164 1052 1196 MANUTltsss.
1099 1165 1179 1195 Non
1210 1165 1362 1196 adtendit
1385 1164 1579 1203 Manutius,
1619 1165 1719 1195 aliam
1742 1166 2033 1208 praefecturarum

138 1217 371 1249 condicionem
395 1224 472 1248 ante
494 1219 605 1260 legem
627 1219 749 1249 Iuliam
772 1217 813 1247 de
836 1216 972 1247 ciuitate
995 1227 1071 1247 cum
1094 1217 1192 1249 sociis
1217 1224 1250 1248 et
1261 1218 1393 1250 Latinis
1417 1217 1685 1249 conmunicanda
1706 1217 1811 1250 fuisse
1833 1225 1933 1261 atque
1955 1226 2033 1262 post

139 1282 213 1302 eam
237 1269 317 1308 fuit,
347 1282 411 1311 qua
434 1270 667 1313 praefecturae
691 1270 792 1301 etiam
815 1269 867 1300 ius
890 1269 1029 1310 suffragi
1053 1276 1249 1301 consecutae
1272 1276 1361 1301 sunt.

220 1323 318 1363 Quid
346 1324 496 1363 roboris,
530 1325 615 1368 qnid
646 1321 847 1367 dignitatis)
887 1321 985 1352 Prius
1008 1321 1051 1352 ad
1073 1322 1349 1363 multitudinem,
1385 1322 1555 1366 posterius
1587 1322 1629 1353 ad
1663 1323 1882 1365 splendorem
1906 1323 2030 1356 Atina-

136 1376 224 1408 tium
245 1381 383 1419 spectat.

227 1429 373 1462 Tribuni
400 1429 637 1472 Terentinam)
680 1430 720 1460 In
751 1439 817 1470 qua
844 1427 1002 1460 Atinates
1030 1428 1230 1471 suffragium
1253 1428 1418 1466 ferebant.
1465 1428 1569 1471 Quod
1592 1440 1675 1459 uero
1698 1428 1848 1460 Atinatis
1871 1441 1941 1460 non
1963 1430 2029 1461 tri-

136 1483 219 1513 bum
243 1482 485 1521 Terentinam,
508 1489 558 1514 set
581 1482 781 1525 dignitatem
807 1486 869 1512 etc.
892 1481 1087 1523 praebuisse
1109 1481 1172 1521 ait,
1203 1493 1241 1513 eo
1265 1482 1445 1524 significat,
1478 1493 1548 1512 non
1570 1481 1606 1511 ui
1629 1487 1686 1511 aut
1709 1481 1889 1522 largitione
1910 1481 2029 1514 fecisse

135 1534 304 1573 Atinatis,
329 1541 366 1565 ut
391 1535 546 1566 Plancius
569 1535 698 1566 tribum
721 1533 944 1565 Terentinam
965 1532 1088 1572 ferret,
1124 1540 1174 1564 set
1197 1535 1360 1576 dignitate
1383 1546 1443 1565 sua
1466 1541 1499 1566 et
1521 1534 1714 1575 frequentia
1738 1534 1903 1574 effecisse,
1930 1541 1969 1566 ut
1991 1535 2028 1566 111

135 1586 303 1629 suffragiis
327 1585 479 1618 ferundis
505 1587 646 1619 tribules
670 1588 759 1629 ipsos
783 1586 971 1628 sequendos
996 1591 1186 1628 putarent(
1212 1588 1333 1618 Monet
1355 1587 1419 1617 1100
1441 1593 1635 1629 propterea,
1661 1585 1752 1628 quod
1778 1587 1907 1618 tribum
1928 1588 2028 1620 istam

135 1651 155 1670 a
177 1639 314 1670 Plancio
337 1647 531 1682 corruptam
562 1651 632 1671 esse
654 1638 849 1670 Laterensis
872 1639 1069 1669 criminatus
1094 1644 1187 1677 erat,
1213 1639 1253 1670 de
1278 1651 1344 1681 quo
1369 1640 1406 1671 C.
1430 1641 1531 1672 XVI.
1557 1641 1586 1681 §.
1612 1639 1663 1670 53.
1688 1638 1852 1680 loquitur.

221 1693 280 1724 Set
306 1693 484 1723 oculorum
508 1693 709 1733 coniectum)
757 1691 844 1722 Cum
861 1688 908 1720 'ad
927 1692 1186 1734 praebuerunt,
1220 1703 1238 1722 a
1262 1703 1327 1733 quo
1351 1692 1457 1723 uerbo
1482 1693 1564 1723 haec
1590 1704 1674 1733 quae
1697 1692 1917 1734 adposuimus
1939 1704 2028 1735 pen-

134 1745 232 1785 dent,
266 1745 453 1776 necessario
480 1746 711 1787 supplendum
740 1744 784 1776 sit
805 1744 953 1775 Plancio
970 1744 1125 1787 petenti,
1152 1744 1326 1783 mirumst,
1364 1745 1535 1786 quomodo
1568 1745 1609 1775 de
1632 1757 1731 1776 sensu
1754 1745 1878 1775 horum
1901 1745 2028 1775 uerbo-

132 1810 210 1830 rum
234 1797 404 1838 ambigere
427 1798 604 1829 Ernestius
628 1797 795 1840 potuerit,
818 1807 978 1827 monens:
1003 1797 1055 1835 „i.
1081 1807 1108 1826 e.
1134 1802 1171 1826 ut
1195 1797 1363 1836 arbitror,
1393 1803 1430 1828 ut
1454 1797 1607 1829 homines
1632 1810 1704 1829 eam
1727 1797 1925 1839 frequenter
1949 1808 2025 1829 011111

131 1849 357 1882 admiratione
380 1849 538 1881 uiderent
561 1856 593 1881 et
616 1850 721 1882 oculis
744 1850 779 1880 in
803 1859 877 1879 eam
903 1847 1040 1887 defixis,
1071 1848 1143 1879 siue
1165 1849 1279 1890 potius
1302 1856 1341 1880 ut
1362 1849 1450 1880 oculi
1474 1850 1628 1881 omnium
1653 1857 1763 1882 essent
1785 1851 1819 1881 in
1844 1862 1923 1880 eum
1946 1861 2026 1881 can-

133 1903 287 1934 didatum
317 1902 488 1940 conuersi,
531 1914 632 1944 quem
662 1903 715 1933 illi
744 1907 988 1943 sequerentur,
1028 1901 1118 1943 quod
1149 1902 1270 1932 melius
1294 1901 1523 1945 frequentiae
1548 1904 1747 1934 conuenit.“
1793 1903 1902 1935 Unice
1932 1909 2024 1934 recte

130 1954 330 1989 Weiskius:
377 1955 578 1995 effecerunt,
613 1961 651 1986 ut
672 1955 729 1985 alii
753 1954 867 1985 oculos
891 1954 928 1984 in
951 1953 1126 1984 Plancium
1149 1954 1336 1992 coicerent,
1366 1966 1513 1995 euinque
1535 1954 1666 1987 facilius
1697 1955 1857 1996 suffragio
1881 1967 1941 1986 suo
1968 1955 2024 1986 iu-

129 2013 269 2046 uarent,
317 2018 417 2048 quem
447 2007 606 2039 uiderent
638 2013 689 2039 tot
716 2019 754 2038 ac
781 2013 850 2038 tam
882 2005 1351 2051 splendidorum‘hominum
1380 2007 1487 2048 gratia
1516 2007 1651 2038 florere.
1697 2008 1825 2039 Eadem
1856 2008 2023 2039 sententia

128 2061 214 2093 Baki
240 2066 303 2099 est,
344 2060 419 2090 iure
444 2060 670 2091 Garatonium
693 2059 974 2103 reprehendentis
998 2064 1032 2089 et
1055 2057 1247 2097 Orellium,
1290 2059 1349 2101 qui
1371 2059 1513 2090 alteram
1532 2059 1632 2091 istam
1655 2060 1793 2092 Ernesti
1815 2059 2022 2102 interpreta-

129 2116 259 2148 tionem
283 2113 484 2155 probarunt.

216 2167 353 2201 Nostra
386 2166 578 2209 municipia
608 2166 848 2198 coniunctione
873 2165 979 2198 etiam
1007 2164 1204 2196 uicinitatis
1228 2165 1444 2196 uehementer
1468 2166 1668 2206 mouentur)
1713 2165 1835 2197 Mirast
1858 2164 1923 2195 hoc
1943 2165 2018 2196 loco

127 2219 282 2253 codicum
305 2217 471 2257 uarietas,
496 2229 573 2249 011111
595 2219 622 2249 Β
647 2225 680 2249 et
701 2219 730 2250 E
754 2224 874 2249 nostra
896 2218 1105 2260 municipia,
1138 2215 1244 2247 ceteri
1263 2217 1334 2247 iam
1356 2217 1549 2260 municipia
1571 2218 1728 2248 scribant.
1776 2217 1877 2257 Quod
1903 2217 2017 2259 primo

125 2278 263 2316 aspectu
292 2270 456 2312 suspicari
487 2270 560 2311 quis
591 2270 717 2312 possit,
741 2277 861 2303 nostra
893 2270 1088 2312 explicandi
1112 2280 1225 2300 caussa
1252 2269 1293 2299 ab
1317 2269 1505 2310 interprete
1527 2269 1681 2301 additum
1705 2281 1793 2308 esse,
1818 2269 1851 2299 id
1875 2281 1943 2301 non
1970 2271 2018 2301 ita

126 2336 214 2365 esse,
238 2323 296 2366 qui
318 2323 384 2354 loci
407 2323 608 2354 sententiam
631 2323 857 2365 perspexerit,
881 2321 1043 2353 concedat
1065 2327 1242 2354 necessest.
1291 2321 1418 2362 Uei-ba,
1445 2323 1639 2366 municipia
1663 2322 1901 2355 coniunctione
1926 2323 2016 2355 uici-

200 2431 229 2471 1)
267 2433 385 2471 Supple
402 2444 500 2463 unum
519 2432 705 2463 uocabulum
725 2441 876 2470 graecum.
913 2431 953 2460 A.
973 2431 1095 2461 Mnus.

1559 2483 1595 2510 24
