2185 2720
918 113 944 143 c
963 113 992 142 A
1011 113 1055 142 P.
1092 112 1204 142 xxv.
1230 110 1257 151 §.
1282 116 1330 143 62.
2002 117 2056 144 167

178 197 238 229 bus
260 199 295 225 et
315 189 510 225 cohortibus
533 187 639 222 fuisse
659 195 815 230 tectores,
837 199 907 220 non
920 187 998 220 satis
1017 187 1135 230 liquet.
1178 187 1334 218 Fortasse
1355 185 1396 217 ad
1417 185 1586 218 machinas
1608 185 1744 217 bellicas
1765 191 1932 218 tectorum
1954 198 2056 230 opera

174 254 254 283 sunt
274 247 339 279 usi.
383 243 477 276 Hinc
503 242 757 284 coniunguntur
786 253 865 273 cum
887 240 991 272 fabris
1013 240 1050 272 in
1072 240 1304 282 inscriptione.
1341 240 1549 272 GRAEUIUS.
1596 238 1864 282 Oudendorpius
1894 240 1936 270 ad
1960 241 2053 273 Suet.

177 303 220 336 de
245 300 382 334 inlustr.
408 297 564 328 Gramm.
592 295 727 327 XXIII.
757 293 941 337 legendum
968 293 1024 325 hic
1053 298 1152 336 putat
1181 298 1324 333 tectore,
1359 304 1437 324 cum
1461 291 1496 323 id
1518 292 1590 334 ipse
1611 291 1648 323 in
1671 292 1742 323 cod.
1764 292 1865 323 etiam
1887 293 2054 325 Uossiano

175 353 379 399 reppererit.
402 349 567 381 Ernestus
588 353 706 390 postea
727 347 817 380 idem
838 347 985 379 sentiens
1006 345 1135 390 recepit
1156 351 1292 386 tectore,
1315 345 1407 389 quod
1429 344 1496 376 uiri
1512 356 1580 375 non
1594 345 1739 377 emerint
1761 351 1920 384 textores,
1944 346 2057 377 omni—

176 418 290 451 noque
314 412 428 439 texere
449 402 537 434 telas
558 399 664 432 fuerit
686 412 771 444 opus
794 400 900 442 magis
922 399 1100 431 muliebre.
1144 400 1266 441 Neque
1283 399 1415 439 dubito,
1440 397 1522 440 quin
1543 403 1634 428 recte
1655 396 1783 438 fecerit,
1808 405 1883 430 tum
1902 399 2057 431 lectionis

176 469 253 494 tum
275 457 396 491 codicis
425 453 500 488 Erf.
529 454 736 497 praestantia
764 460 952 497 permotus.
997 454 1247 485 conmutantur
1269 459 1383 484 autem
1404 450 1510 483 uerba
1532 450 1596 482 ista
1616 462 1685 481 non
1707 462 1804 491 raro,
1839 457 1878 483 ut
1898 458 1992 495 patet
2014 463 2056 483 ex

180 514 359 546 doctorum
380 507 654 540 adnotationibus
676 506 719 538 ad
742 506 844 539 Ouid.
870 507 971 540 XIV.
1000 506 1139 539 Metam.
1162 504 1236 537 551.
1265 511 1299 537 et
1319 506 1427 538 Drak.
1450 503 1492 536 ad
1514 504 1593 536 Liu.
1616 503 1780 543 XXXV,
1811 508 1861 540 24.
1906 505 1947 536 In
1969 505 2058 536 cele-

176 566 231 599 bri
260 573 395 608 quoque
423 560 539 604 lapide
560 560 703 593 Antiate
732 566 815 603 aput
842 561 968 593 Murat.
993 558 1127 592 CCCV.
1156 557 1270 589 uideas
1293 567 1526 590 AGATHOPUS.
1550 566 1632 589 TEc.
1656 556 1821 598 explicari
1843 563 1969 598 tector3
2007 564 2058 590 set

177 629 241 661 pro
265 615 399 658 uolgata
422 612 551 656 lapides
574 613 658 645 haut
686 624 780 645 secus
802 612 931 645 adferri
953 617 1105 656 possunt.
1154 611 1282 643 Textor
1305 617 1355 643 est
1379 617 1462 654 aput
1485 611 1586 643 Grut.
1609 610 1733 642 DCLI.
1756 609 1788 641 4.
1821 612 1951 643 textrix
1976 617 2059 654 aput

176 669 314 703 Reines.
333 668 398 700 XI.
423 679 495 709 77..
538 667 579 698 In
602 666 782 707 Uitruuio,
823 678 925 709 quem
958 666 1038 697 citat
1067 663 1350 707 Oudendorpius,
1387 670 1478 695 recte
1505 662 1574 695 Msi
1606 668 1640 694 et
1666 662 1824 706 princeps
1853 663 1954 695 editio
1979 664 2059 696 Sul-

181 722 247 766 piti
269 722 357 760 VII,
388 721 419 752 5.
452 719 635 759 exhibent,
665 719 879 753 Graecorum
901 725 1066 758 tectores-,-
1104 723 1138 749 at
1160 718 1247 757 VH,
1280 718 1348 757 14„
1384 716 1537 760 quamuis
1564 716 1598 747 in
1623 715 1740 747 eadem
1770 715 1823 747 ed.
1854 722 1888 747 et
1909 716 1947 748 in
1969 717 2057 749 Uen.

177 773 431 808 MCDXCVH.
454 773 515 813 sit,
553 771 645 814 quod
668 773 838 805 Iocundus
866 772 1028 812 retinuit,
1067 777 1209 804 tectores
1232 783 1333 815 quom
1358 771 1480 803 uolunt
1507 770 1554 802 sit
1574 769 1734 802 Atticum
1756 769 1908 811 imitari,
1943 776 2058 802 tamen

178 837 294 859 sensus
316 826 483 868 postulat,
506 831 545 856 ut
566 836 644 856 cum
666 825 851 857 Philandro
874 826 1025 868 legamus
1048 825 1221 862 tinctores,
1245 824 1335 866 quod
1358 823 1520 867 praetulit
1541 823 1642 854 etiam
1665 822 1716 854 Cl.
1744 822 1917 854 Galianus.
1960 822 2059 866 Aput

179 879 336 911 Frontin.
367 878 409 910 de
437 877 592 920 Aquaed.
622 884 686 909 art.
713 878 859 911 CXVII.
888 890 923 922 p.
946 890 1018 911 202.
1041 877 1094 909 ed.
1117 877 1236 908 Poleni
1261 883 1403 909 tectores
1424 877 1644 908 nominantur
1665 875 1755 906 inter
1776 874 1912 917 opifices
1933 887 2060 918 aquae-

179 932 340 964 ductuum
347 943 358 971 3
383 931 441 973 qui
462 931 555 962 locus
579 936 652 962 erat
665 930 803 962 Cuiacio
825 938 1113 975 peropportunus,
1155 929 1328 962 Brodaeus
1342 931 1390 963 X.
1411 930 1555 962 Miscell.
1577 930 1609 961 4.
1634 929 1749 971 legum
1770 928 1879 971 capita
1901 929 2059 972 conlegit,

181 985 304 1028 quibus
326 984 438 1027 agitur
459 983 500 1014 de
522 983 718 1016 tectoribus.
762 985 817 1017 De
840 985 1024 1018 tectoribus
1045 984 1114 1027 agit
1134 984 1235 1015 etiam
1258 982 1300 1014 de
1322 983 1404 1015 Uita
1425 983 1580 1026 Inscript.
1603 983 1787 1014 Beneuent.
1810 993 1845 1024 p.
1867 983 2060 1015 XXXVI..

184 1040 444 1071 GARATONIUS.
491 1037 681 1069 Graeuium
711 1037 746 1069 h.
769 1037 794 1069 1.
824 1049 894 1069 11011
924 1044 1100 1079 quattuor,
1133 1042 1184 1069 set
1210 1036 1318 1068 tribus
1337 1041 1469 1067 tantum
1497 1035 1773 1078 inscriptionibus
1801 1034 1937 1067 ineditis
1959 1046 2060 1066 usum

182 1103 253 1124 esse
277 1089 454 1130 Gudianis,
480 1101 519 1121 ac
540 1090 688 1133 primam
711 1089 849 1132 quidem
870 1102 961 1122 nunc
982 1091 1049 1133 legi
1071 1102 1124 1134 ap.
1147 1089 1238 1122 Gud.
1266 1089 1335 1132 149,
1358 1090 1400 1128 5.‚
1423 1088 1604 1120 secundam
1629 1100 1676 1130 17,
1702 1099 1743 1128 2.,
1766 1088 1902 1119 tertiam
1924 1089 1993 1127 165,
2016 1088 2060 1127 4.,

182 1151 355 1187 quartam,
382 1155 484 1186 quam
503 1143 787 1187 praetermiserit,
814 1143 889 1183 165,
913 1143 962 1183 8.,
984 1144 1116 1176 notauit
1137 1143 1204 1175 iam
1225 1142 1398 1175 Hesselius
1421 1141 1457 1173 in
1475 1141 1573 1173 Indd.
1599 1141 1709 1180 Gud.;
1733 1147 1784 1172 set
1804 1147 1843 1172 ut
1864 1140 2062 1172 adulescen-

182 1203 232 1229 tes
261 1196 412 1236 doceam,
451 1208 553 1239 quam
582 1202 678 1228 caute
707 1196 914 1229 uersandum
944 1197 988 1229 sit
1016 1197 1155 1229 omnino
1184 1197 1221 1228 in
1244 1195 1523 1238 Inscriptionibus
1559 1200 1641 1226 uett.
1674 1194 1717 1225 ad
1744 1200 1857 1238 partes
1888 1193 2060 1233 uocandis,

181 1250 286 1294 paulo
307 1249 414 1281 fusius
438 1250 479 1281 de
501 1250 542 1282 iis
566 1250 723 1282 omnibus
747 1249 919 1282 disseram.
964 1251 1077 1283 Prima
1098 1250 1211 1282 statim
1233 1248 1339 1292 (Gud.
1367 1248 1440 1290 149,
1464 1247 1509 1291 5.)
1533 1254 1583 1279 est
1608 1259 1626 1278 e
1647 1247 1768 1290 Ligori
1789 1246 1934 1286 fabrica,
1964 1246 2062 1277 ideo-

183 1313 250 1345 que
272 1302 400 1334 nullius
430 1303 531 1346 plane
554 1303 633 1335 fidei
655 1303 712 1334 uel
733 1303 958 1342 auctoritatis3
996 1303 1101 1335 immo
1128 1304 1305 1336 Tectorem
1326 1301 1655 1340 Ρναείοηάηονιιηι,
1692 1300 1784 1343 quod
1805 1300 1842 1332 in
1865 1311 1900 1331 se
1923 1299 2062 1342 quidem

181 1362 371 1399 spectatum
395 1356 545 1399 probum
567 1363 634 1397 est,
671 1355 908 1388 fraudulentus
931 1357 990 1388 ille
1010 1356 1188 1387 circulator
1209 1355 1413 1398 surripuisse
1434 1353 1571 1384 uidetur
1593 1365 1637 1385 ex
1659 1353 1760 1385 titulo
1787 1359 1904 1397 postea
1925 1364 1943 1384 a
1967 1353 2063 1384 Gru-

181 1415 257 1440 tero
280 1408 359 1451 517,
384 1421 413 1452 7.
437 1409 547 1450 edito,
572 1409 632 1441 ubi
653 1421 737 1453 pro:
760 1410 901 1442 Lictori
922 1410 1183 1442 Praetorianor.
1210 1408 1295 1451 lapis
1316 1408 1389 1451 ipse
1414 1407 1514 1448 longe
1539 1406 1657 1448 utique
1680 1406 1802 1438 melius
1825 1407 1950 1438 habere
1977 1406 2062 1437 dici-

183 1468 257 1494 tur:
284 1462 423 1494 Tectori
445 1462 715 1495 Praetorianor..
759 1463 865 1494 Fraus
887 1474 970 1494 uero
991 1462 1111 1505 Ligori
1132 1460 1310 1493 manifesto
1335 1472 1406 1492 sese
1425 1459 1543 1502 prodit
1564 1459 1637 1502 ipsa
1658 1459 1718 1491 illa
1739 1465 1819 1491 nota
1841 1460 1882 1492 U.
1896 1460 1952 1499 0.,-
1975 1472 2062 1503 quo-

182 1514 286 1546 modo
310 1514 418 1555 enim,
444 1521 478 1546 et
500 1527 566 1557 quo
590 1516 727 1548 tandem
750 1516 881 1548 saeculo
904 1521 1011 1547 tector
1032 1515 1088 1546 uel
1110 1515 1263 1558 ipsorum
1282 1513 1596 1558 praetorianorum,
1626 1513 1692 1545 Uir
1714 1513 1953 1545 clarissimus?
1994 1513 2062 1545 Al-

182 1573 255 1599 tera
280 1579 333 1610 17,
361 1578 391 1599 2.
412 1579 530 1600 rursus
553 1574 603 1601 est
624 1570 829 1612 Ligoriana,
853 1569 982 1612 pariter
1003 1568 1238 1612 suppositiCIa:
1268 1578 1347 1598 nam
1369 1566 1396 1597 is
1419 1565 1655 1597 incredibilem
1685 1565 1827 1597 deorum
1856 1566 2063 1608 dearumque

182 1621 318 1652 turbam
340 1632 404 1664 pro
427 1620 540 1652 lubitu
562 1622 682 1654 cotidie
704 1623 851 1663 creabat,
883 1622 1023 1665 singulis
1046 1621 1194 1664 epitheta
1214 1631 1233 1651 a
1254 1619 1448 1651 nominibus
1470 1618 1623 1660 gentium
1645 1619 1702 1650 uel
1723 1618 1932 1650 familiarum
1955 1619 2064 1650 dedu-

185 1680 238 1706 cta
262 1673 434 1716 adfingens
456 1674 496 1706 ad
520 1676 717 1718 exemplum
739 1687 818 1708 sane
840 1687 1076 1718 germanarum
1096 1675 1226 1716 aliquot
1246 1672 1525 1715 inscriptionum,
1566 1672 1850 1712 quemadmodum
1874 1684 1909 1704 u.
1933 1684 1960 1703 c.
1991 1684 2067 1703 cer-

185 1726 345 1759 n'ssumus
378 1732 428 1759 est
454 1728 593 1772 Iupiter
623 1741 695 1773 opr.
724 1742 815 1762 max.
845 1729 1027 1773 Purpurio
1054 1740 1106 1771 ap.
1139 1726 1277 1760 Odoric.
1312 1737 1347 1769 p.
1383 1724 1459 1765 185,
1495 1725 1544 1764 5.,
1585 1725 1755 1757 Siluanus
1783 1726 1951 1758 Staicznus
1984 1730 2067 1768 aput

183 1780 276 1812 Mur.
302 1791 357 1822 71,
383 1791 412 1812 1.
435 1787 517 1812 cet..
561 1783 695 1814 Uanam
725 1782 830 1825 igitur
851 1781 888 1813 in
914 1781 1033 1813 eodem
1054 1781 1154 1813 titulo
1185 1779 1392 1812 emendando
1422 1789 1562 1821 operam
1583 1778 1767 1821 insumpsit
1787 1778 1925 1817 Saxius,
1958 1778 2066 1809 Pei-ic.

186 1831 355 1864 animadu.
378 1844 413 1876 p.
436 1835 488 1866 55.
510 1835 586 1866 loco
610 1842 778 1869 tectorum
796 1846 990 1878 proponens
1014 1837 1209 1868 tinctorum.
1253 1832 1371 1864 Tertia
1394 1831 1486 1864 Gud.
1513 1831 1583 1871 165,
1606 1831 1637 1864 4.
1658 1831 1778 1862 itidem
1801 1837 1851 1862 est
1871 1832 2067 1874 Ligoriana‚

187 1885 280 1917 cuius
303 1885 394 1917 fraus
416 1887 540 1919 harum
562 1900 679 1920 rerum
701 1900 806 1931 gnaro
829 1900 848 1920 e
870 1889 989 1932 primis
1012 1888 1125 1921 statim
1145 1886 1258 1918 uerbis
1282 1886 1408 1917 elucet:
1431 1885 1611 1918 Laetitiae
1632 1885 1791 1928 signum.-
1814 1884 1895 1916 talia
1918 1886 2008 1917 enim
2031 1886 2067 1917 in

188 1939 467 1982 inscriptionibus
492 1940 658 1982 inaudita,
687 1954 705 1973 e
727 1941 876 1974 nummis
898 1942 934 1973 in
959 1942 1033 1974 illas
1056 1940 1280 1974 transferebat
1300 1940 1403 1972 homo
1427 1938 1703 1970 uersutissumus.
1749 1938 1850 1980 Quid,
1875 1938 1966 1980 quod
1991 1939 2068 1970 Gu-

189 1992 264 2024 dius
286 2004 350 2036 pro
377 1993 511 2027 Tector.
538 1993 641 2027 habet
667 1997 824 2035 Rector„
860 1995 915 2027 cui
943 1995 1099 2038 quidem,
1136 1994 1337 2025 obseruante
1358 1991 1534 2032 Hesselio,
1571 1992 1739 2024 Graeuius
1774 1992 1810 2023 in
1836 1993 1941 2024 Basili
1965 1991 2068 2024 Fabri

188 2046 364 2078 Thesauro
386 2057 420 2076 u.
443 2047 566 2080 Testor
591 2048 765 2080 substituit
786 2048 821 2080 id
844 2048 976 2092 ipsum:
1013 2050 1157 2088 Τηίων,-
1183 2046 1324 2085 frustra,
1354 2045 1391 2077 ni
1414 2044 1534 2077 fallor:
1563 2045 1744 2088 Ligorium
1768 2045 1860 2077 enim
1882 2046 1984 2089 plane
2008 2046 2068 2077 de-

188 2099 282 2130 cebat
302 2098 511 2142 Praefectus
531 2102 683 2134 militum
705 2107 738 2134 et
750 2101 938 2146 fabrorum
962 2108 1082 2135 rector.
1126 2099 1375 2142 Requireretur
1397 2098 1488 2130 enim
1510 2098 1643 2141 potius:
1672 2098 1879 2143 Praefectus
1902 2100 2068 2138 militum,

178 2152 387 2198 fabrorum,
412 2158 599 2195 tectorum,
621 2155 695 2187 uel:
718 2155 872 2187 militum
884 2155 1073 2199 fabrorum
1093 2160 1126 2188 et
1149 2159 1333 2192 tectorum,
1356 2152 1385 2184 si
1407 2151 1546 2194 quidem
1568 2151 1753 2184 absurdum
1776 2158 1825 2183 est
1847 2154 2012 2192 militum,
2036 2159 2068 2185 et

178 2205 387 2250 fabrorum,
423 2212 601 2240 tectorum.
646 2208 795 2250 Quartae
817 2208 963 2251 denique
983 2220 1003 2240 a
1025 2207 1174 2241 Graeuio
1197 2205 1470 2249 praetermissae,
1507 2205 1595 2237 Gud.
1622 2205 1699 2244 165,
1732 2204 1780 2244 8.,
1814 2206 1865 2239 Μ.
1888 2207 2067 2250 Egestius.

188 2259 239 2291 M.
263 2260 334 2291 Fil.
359 2260 439 2292 Gal.
460 2260 654 2294 Faustinus
680 2263 812 2295 Tector.
842 2261 884 2294 U.
908 2263 998 2306 Leg.
1028 2262 1127 2306 Ulla„
1160 2259 1248 2291 nihil
1270 2265 1360 2290 certe
1381 2258 1465 2290 aliut
1492 2258 1620 2301 opponi
1642 2263 1771 2301 potest,
1800 2258 1865 2290 nisi
1888 2259 1979 2301 quod
2001 2259 2069 2290 mi-

188 2321 266 2343 rum
288 2312 366 2344 illut
390 2314 549 2357 Egestii,
572 2316 612 2346 ab
636 2321 787 2358 egestate
808 2315 929 2358 procul
952 2315 1053 2347 dubio
1079 2313 1287 2351 deriuatum,
1314 2317 1352 2343 ut
1370 2311 1498 2354 Egerii
1520 2311 1678 2351 Liuiani,
1702 2322 1721 2342 a
1742 2310 1847 2342 uerbo
1871 2323 1980 2355 egere,
2004 2323 2068 2342 no-

187 2373 266 2394 men
287 2375 369 2408 prae
390 2378 426 2398 se
447 2366 531 2407 fert,
562 2379 672 2410 neque
692 2374 774 2410 aput
797 2368 916 2408 Grut.,
947 2379 1056 2411 neque
1077 2372 1159 2410 aput
1181 2366 1307 2398 Murat.
1331 2365 1487 2399 obuiom;
1521 2364 1612 2407 quod
1635 2364 1788 2407 quintam
1811 2364 1978 2406 legionem
2002 2363 2069 2396 Ul-

188 2414 279 2456 piam
302 2419 471 2460 nominat,
504 2432 607 2463 quom
630 2420 710 2453 alias
734 2420 906 2463 trigesima
930 2427 980 2453 est
1005 2420 1127 2463 Ulpia3
1157 2419 1248 2461 quod
1272 2418 1418 2461 denique
1442 2429 1510 2450 una
1533 2429 1609 2450 cum
1632 2417 1773 2458 reliquis
1798 2417 1939 2449 debetur
1960 2416 2069 2459 Ligo-
