2185 2720
940 107 965 137 C
984 107 1014 136 A
1033 107 1077 137 P.
1114 105 1209 136 XIV.
1235 104 1263 147 §.
1289 113 1334 140 35.
2030 118 2084 145 117

190 182 266 216 nius
288 193 372 214 uero
394 181 499 221 addit,
525 182 714 220 Caesarem,
734 192 781 218 ,ne
804 181 840 213 in
864 181 1033 214 locatione
1055 194 1226 214 nouorum
1248 183 1480 226 uectigalium
1503 184 1756 217 inmoderatius
1779 185 1979 227 licet-entur,
2002 188 2084 231 (pu-

187 235 338 267 blicanos
361 240 395 266 et
410 239 601 276 equestrem
616 233 787 275 ordinem)
812 236 997 278 propalam
1018 235 1201 267 monuisse.
1224 235 1316 277 Ergo
1331 237 1471 278 petendi
1486 249 1599 269 caussa
1616 238 1813 280 permansit,
1837 250 1921 280 quae
1938 252 1957 271 a
1968 241 2082 283 primo

186 287 254 320 fuit
277 287 443 330 exposita.
487 287 546 317 Set
573 286 614 317 ab
638 286 690 317 his
714 286 936 318 uehementer
967 287 1121 319 dissentit
1151 287 1364 327 scholiastes,
1413 289 1582 331 aliamque
1611 290 1708 322 docte
1737 303 1887 323 caussam
1912 293 2082 335 patefacit.

189 339 277 373 Cum
293 341 461 384 princeps
485 345 571 371 esset
587 338 858 382 publicanorum
881 339 940 372 Cn.
962 341 1104 372 Plancii
1120 346 1244 384 pater,
1280 346 1313 372 et
1335 341 1481 374 societas
1503 344 1620 375 euclem
1645 344 1680 375 in
1703 346 1901 377 exercendis
1925 347 2084 389 uectiga-

186 393 278 425 libus
298 392 514 436 grauissimo
536 391 671 422 'damno
695 392 876 422 uideretur
898 391 1056 434 aclf'ecta,
1092 394 1329 424 desideratum
1357 399 1407 425 est
1431 395 1467 426 in
1490 401 1613 427 senatu
1643 397 1779 428 nomine
1803 397 2085 440 publicanorum,

188 450 228 477 ut
249 457 328 477 cum
350 445 395 476 iis
417 444 509 475 ratio
525 449 718 486 putaretur
740 444 817 486 lege
840 444 1064 487 Sempronia,
1102 450 1135 477 et
1157 445 1371 477 remissionis
1401 452 1540 479 tantum
1553 447 1663 490 fieret
1685 449 1726 480 cle
1749 462 1883 482 summa
1899 452 2085 493 pecuniae,

188 504 359 542 quantum
385 496 544 539 aequitas
570 496 789 538 postularet,
821 507 890 539 pro
923 499 1120 539 quantitate
1148 498 1376 536 damnorum,
1413 499 1536 541 quibus
1556 500 1710 543 ficerunt
1738 501 1858 533 lzostili
1887 503 2086 535 incursione

187 551 319 582 uexati.
364 549 468 589 Quod
501 548 616 579 Planci
644 554 778 590 patrem
810 548 1071 590 publicanorum
1102 550 1251 593 appellat
1273 549 1484 592 principem,
1519 551 1605 582 bene
1629 558 1696 583 est:
1731 564 1810 584 nam
1835 554 1954 586 Cicero
1979 567 2006 587 c.
2034 556 2084 588 15.

188 603 280 635 inter
302 614 381 634 suos
401 601 601 645 principem
623 601 724 640 dicit;
765 601 871 632 immo
899 602 1000 633 etiam
1030 603 1095 633 hoc
1124 602 1233 645 capite
1263 607 1437 641 extremo,
1476 604 1567 636 hunc
1595 618 1617 636 a
1636 618 1768 637 summo
1791 607 1869 638 uiro
1887 608 2086 652 principem

186 665 259 687 esse
281 655 415 686 ordinis
438 655 654 692 iudicatum,
695 664 820 695 nempe
847 659 887 685 ut
908 665 936 684 c.
964 666 1012 696 17.
1037 667 1077 686 ex
1101 654 1240 686 CXXV
1270 654 1463 693 iudicibus,
1490 657 1713 700 principibus
1741 661 1910 702 equestris
1939 662 2084 694 ordinis.

186 707 241 739 De
264 707 338 748 lege
360 706 419 738 illa
442 707 647 749 Sempronia
671 706 852 748 singularis
879 712 929 737 est
950 706 1044 737 locus
1068 707 1128 737 Ill.
1152 706 1188 737 in
1212 707 1314 738 Uerr.
1341 708 1390 747 6.,
1416 720 1482 750 quo
1506 709 1693 750 prouinciis
1716 717 1796 751 aut,
1824 711 1952 754 inquit,
1985 714 2086 758 inpo-

185 759 295 792 situm
323 760 480 803 uectigal
508 765 559 791 est
586 766 736 798 certum,
772 759 863 803 quod
886 759 1158 801 stipendiarium
1188 760 1338 799 dicitur,
1362 767 1403 792 ut
1425 761 1601 804 Hispanis
1623 768 1657 794 et
1675 764 1852 807 plerisque
1874 766 2084 807 Poenorum,

187 813 290 856 quasi
313 813 482 844 uictoriae
499 813 699 855 praemium
721 825 763 844 ac
775 823 890 855 poena
912 810 1004 849 belli,
1027 817 1091 843 aut
1115 813 1272 844 censoria
1295 813 1421 844 locatio
1443 815 1678 853 constitutast,
1702 822 1742 847 ut
1758 817 1868 849 Asiae
1891 818 1966 861 lege
1989 819 2086 851 Sem..

181 865 323 908 pronia.
368 864 457 896 Cum
479 865 584 907 igitur
605 864 643 895 hi
663 863 853 907 publicani,
881 875 965 905 quos
989 865 1177 905 generatim
1201 865 1305 896 ceteri
1328 865 1523 906 nominant,
1548 867 1689 906 Asiani,
1712 874 1750 899 ut
1772 869 1933 910 uidimus,
1958 882 1978 901 a
1996 872 2087 903 Tul-

186 917 234 948 lio
258 923 440 956 nocentur,
469 923 503 947 et
525 916 567 948 de
589 917 785 948 censoribus
807 915 1012 947 conduxisse
1036 916 1207 956 dicantur,
1238 918 1474 959 consequitur,
1506 930 1610 950 unam
1633 920 1727 952 illam
1749 922 1945 954 societatem
1968 922 2085 966 fuisse,

191 980 277 1012 quae
299 969 403 1001 Asiae
425 969 603 1011 uectigalia
625 981 669 1000 ex
692 969 766 1011 lege
790 968 993 1011 Sempronia
1015 969 1233 1001 conduxerit.
1277 971 1400 1012 Neque
1422 976 1536 1002 tamen
1560 982 1597 1002 ea
1620 972 1693 1015 lege
1717 974 1804 1005 ratio
1826 976 1977 1017 putanda
2002 983 2085 1018 erat,

186 1027 238 1054 set
264 1021 403 1052 omnino
439 1022 517 1064 lege
537 1023 711 1060 censoria,
754 1033 821 1063 qua
850 1033 974 1064 nempe
1005 1033 1159 1053 censores
1184 1023 1423 1064 Semproniam
1451 1024 1557 1055 secuti
1580 1024 1758 1065 uectigalia
1790 1025 1849 1056 illa
1870 1028 2084 1069 locauerant3

186 1073 230 1106 de
253 1085 320 1116 qua
342 1085 419 1105 cum
441 1073 500 1104 alii
523 1073 614 1113 ICti,
654 1080 728 1105 tum
758 1074 827 1116 egit
848 1074 982 1105 abunde
1003 1074 1198 1106 Brissonius
1222 1075 1284 1106 VI.
1310 1075 1351 1105 de
1374 1074 1513 1106 formul.
1538 1077 1608 1108 81..
1654 1077 1831 1119 Egregiast
1858 1078 1894 1110 in
1920 1092 1995 1112 rem
2019 1092 2087 1113 no-

186 1132 295 1158 stram
318 1126 494 1157 insectatio
518 1126 645 1158 Gabini
669 1127 710 1157 de
733 1138 833 1169 prou.
858 1138 950 1159 cons.
975 1139 1002 1158 c.
1027 1128 1084 1159 5.:·
1109 1127 1264 1166 Uicletis,
1287 1129 1331 1160 P.
1352 1128 1401 1166 C.,
1424 1141 1492 1160 non
1522 1130 1716 1161 temeritate
1744 1131 1989 1175 redemptionis
2021 1139 2087 1166 aut

188 1180 308 1222 negoti
328 1180 476 1222 gerendi
497 1180 660 1218 inscitia,
697 1185 748 1211 set
770 1180 947 1218 auaritia,
978 1180 1157 1224 superbia,
1191 1181 1399 1212 crudelitate
1422 1181 1553 1213 Gabini
1572 1194 1681 1225 paene
1703 1183 1865 1227 adflictos
1888 1186 1959 1217 iam
1981 1192 2086 1230 atque

186 1243 324 1264 acer-sos
340 1232 567 1275 publicanos,
602 1232 725 1276 quibus
749 1233 888 1275 quidem
909 1245 971 1264 uos
988 1233 1025 1264 in
1039 1234 1093 1265 his
1107 1234 1285 1276 angustiis
1306 1234 1426 1265 aerari
1448 1240 1562 1266 tamen
1585 1235 1800 1268 subueniatis
1823 1250 1957 1270 necesse
1979 1244 2030 1271 est
2045 1257 2087 1262 —

189 1285 269 1324 An,
299 1286 331 1317 si
352 1286 412 1328 qui
424 1284 512 1328 frui
527 1286 669 1328 publico
692 1298 760 1317 non
776 1286 896 1329 potuit
913 1297 980 1329 per
1003 1286 1150 1324 hostem,
1178 1287 1235 1318 lzic
1258 1287 1392 1329 tegitur
1414 1287 1492 1329 ipsa
1514 1288 1590 1330 lege
1621 1290 1800 1325 censoria,-
1833 1303 1932 1333 quem
1955 1292 1985 1323 is
1998 1290 2087 1335 frui

187 1350 256 1371 non
278 1339 383 1377 sinit,
417 1339 478 1382 qui
497 1345 567 1378 est,
596 1339 734 1371 etiamsi
755 1351 823 1370 non
847 1339 1065 1382 appellatur,
1098 1338 1226 1375 hostis,
1258 1338 1340 1370 liuic
1352 1337 1453 1381 ferri
1474 1340 1649 1371 auxilium
1671 1354 1738 1373 non
1760 1345 1920 1385 oportet?
1962 1345 2086 1387 Aequa

186 1391 393 1436 postulatio,
427 1402 529 1433 quam
550 1391 580 1423 si
601 1392 837 1434 redemptores
860 1392 913 1422 illi
934 1390 1092 1421 fecissent
1114 1390 1277 1429 Asiatici,
1316 1392 1399 1422 Cato
1423 1391 1496 1434 ipse
1518 1403 1587 1422 non
1611 1401 1848 1435 oppugnasset.
1895 1396 2009 1437 Quem
2031 1403 2087 1428 ta-

186 1455 268 1477 men
296 1445 363 1476 hoc
390 1444 493 1475 etiam
514 1444 654 1475 nomine
678 1443 900 1487 reprehendit
923 1443 1141 1475 casaubonus
1166 1442 1209 1473 ad
1232 1443 1371 1474 Suetou.
1396 1444 1419 1475 l.
1443 1455 1490 1484 c.,
1526 1445 1620 1486 quasi
1646 1446 1734 1477 bello
1757 1447 1992 1481 Mithridatico
2022 1449 2087 1481 ad-

186 1497 272 1530 flicti
294 1496 425 1538 egerint
447 1497 522 1539 lege
544 1497 707 1528 censoria.
753 1497 895 1528 Summo
918 1495 995 1526 uiro
1018 1495 1213 1526 scholiastes
1235 1507 1326 1526 nunc
1348 1503 1467 1528 auctor
1489 1498 1662 1536 exoritur,
1704 1504 1742 1529 ut
1765 1499 1934 1532 diuinasse
1955 1513 2087 1545 prope-

187 1550 331 1584 modum
354 1549 523 1581 uideatur.
568 1549 628 1580 Set
650 1549 928 1580 commenticium
950 1549 1016 1580 hoc
1038 1559 1129 1587 esse,
1164 1547 1258 1579 testis
1281 1548 1520 1588 certissumus,
1559 1561 1660 1591 quem
1683 1551 1930 1593 produximus,
1964 1554 2085 1586 Cicero

189 1603 299 1636 docet.
344 1601 431 1644 Quis
461 1607 574 1633 autem
604 1602 805 1644 publicanos
832 1601 1017 1633 existumet
1044 1612 1195 1632 caussam
1218 1600 1443 1641 deteriorem,
1480 1602 1588 1633 immo
1613 1609 1749 1647 turpem
1773 1604 1946 1637 adlaturos
1968 1605 2085 1646 fuisse,

188 1668 292 1700 quam
315 1661 479 1698 patronus
502 1654 575 1696 ipse
598 1654 822 1697 dampnabat,
846 1654 874 1686 si
896 1654 1035 1693 iustam,
1063 1654 1279 1696 legitumam,
1307 1653 1534 1696 usitatamque
1555 1656 1777 1688 habuissent?
1811 1657 1870 1698 qui
1892 1669 1999 1700 porro
2022 1658 2088 1690 ha-

186 1709 270 1741 bere
290 1712 469 1750 poterant,
508 1718 586 1738 cum
609 1706 698 1739 bello
722 1706 957 1739 Mithridatico
988 1706 1138 1738 extincto
1161 1717 1370 1747 reuersoque
1392 1706 1433 1736 ad
1457 1708 1673 1752 triumphum
1702 1708 1864 1750 Pompeio
1888 1710 1992 1741 Asiae
2022 1722 2087 1742 ue-

189 1760 322 1802 ctigalia
346 1759 599 1792 conduxerint?
645 1761 736 1791 Nam
759 1759 882 1791 locatio
905 1757 992 1790 facta
1014 1759 1134 1790 eodem
1157 1770 1245 1790 anno
1268 1758 1335 1789 fuit
1357 1770 1424 1800 quo
1447 1760 1649 1802 postulatio,
1674 1762 1869 1801 DCXCH.,
1893 1762 1984 1803 quod
2007 1769 2086 1795 ante

187 1825 245 1846 me
269 1811 409 1853 Pighius
432 1811 475 1842 Τ.
500 1811 560 1842 ΙΙΙ.
584 1812 711 1844 Annal.
735 1825 770 1855 p.
794 1813 866 1853 557.
891 1823 935 1843 ex
958 1812 1054 1843 Tulli
1076 1811 1271 1842 narratione
1293 1811 1454 1853 consequi
1478 1818 1545 1843 tam
1567 1819 1697 1844 certum
1719 1814 1854 1853 habuit,
1879 1821 1916 1846 ut
1939 1815 2010 1847 eius
2033 1816 2087 1848 rei

189 1876 305 1898 caussa
333 1875 489 1895 censores
517 1875 626 1897 nouos
649 1865 685 1896 in
708 1866 807 1896 illum
829 1876 958 1896 annum
986 1864 1182 1903 induxerit,
1220 1876 1366 1906 quorum
1390 1864 1530 1895 nomina
1559 1866 1768 1907 ignoremus.
1811 1867 1922 1910 Atqui
1950 1880 2087 1902 necesse

187 1931 260 1953 non
282 1923 365 1949 erat.
411 1916 447 1948 Si
470 1917 597 1948 etenim
621 1919 769 1950 lustrum
789 1923 928 1960 postero
950 1929 1039 1949 anno
1063 1917 1241 1948 conditum
1266 1928 1310 1947 cx
1324 1917 1349 1947 I.
1371 1916 1412 1947 ad
1428 1917 1534 1948 Attic.
1562 1918 1610 1949 18.
1635 1918 1857 1959 obsertiasset,
1881 1921 2086 1954 locationem

187 1974 227 2006 in
250 1977 410 2015 quartum
433 1970 553 2001 Cottae
577 1976 611 2001 et
633 1970 773 2002 Isaurici
796 1981 975 2001 censorum
998 1981 1125 2002 annum
1156 1970 1307 2001 incidere
1335 1969 1583 2011 perspexisset,
1616 1970 1813 2013 bellumque
1841 1973 1920 2006 illut
1948 1975 2087 2018 inpedi-

187 2031 305 2059 mento
335 2022 457 2062 fuisse,
493 2023 675 2065 quominus
701 2029 800 2055 antea
831 2020 938 2052 fieret.
985 2022 1203 2064 Quamquam
1231 2021 1363 2053 etiamsi
1392 2032 1480 2053 anno
1510 2022 1688 2065 superiore
1718 2023 1877 2065 fecerint,
1919 2027 2007 2058 nihil
2037 2034 2087 2060 est

189 2088 341 2115 caussae,
365 2087 426 2107 cur
449 2074 491 2106 de
513 2076 681 2108 sententia
704 2075 959 2106 demoueamur.
1005 2076 1065 2107 Set
1087 2082 1177 2106 certe
1200 2085 1270 2106 non
1293 2074 1358 2113 ibi,
1386 2075 1446 2117 qui
1467 2074 1509 2106 de
1530 2075 1727 2106 censoribus
1748 2078 2006 2118 conduxerant,
2034 2080 2087 2111 le-

188 2130 339 2175 gendum
363 2133 429 2166 est,
457 2138 580 2159 uerum
603 2140 647 2160 ex
673 2128 814 2167 Uictori,
837 2126 1010 2167 Lambini,
1034 2127 1178 2169 aliisque
1201 2134 1279 2159 ante
1303 2128 1444 2158 Gruter.
1469 2126 1693 2166 editionibus,
1718 2128 1850 2161 duobus
1875 2131 2003 2162 Graeui
2026 2143 2088 2163 co-

188 2183 337 2221 dicibus,
361 2179 574 2221 totidemque
594 2180 798 2212 Britannicis
822 2180 1072 2213 conduxerunt.
1116 2181 1283 2212 Recentes
1307 2185 1403 2210 erant
1425 2179 1608 2210 locationes
1632 2192 1767 2222 quoque
1789 2181 1877 2221 illae,
1902 2182 1944 2213 de
1964 2184 2087 2226 quibus

188 2248 209 2268 e
229 2235 333 2268 Liuio
359 2233 496 2271 XLIII,
531 2234 580 2265 16.
602 2233 762 2264 nouimus
787 2232 1012 2263 contumeliae
1035 2244 1150 2264 caussa
1171 2233 1348 2264 tribunum
1371 2232 1454 2263 olim
1478 2232 1565 2263 hanc
1587 2233 1697 2274 legem
1719 2235 1972 2275 promulgasse:
1998 2249 2088 2281 quae

185 2288 330 2334 publica
352 2286 562 2329 uectigalia,
586 2285 680 2318 ultro
705 2285 839 2317 tributa
861 2285 896 2316 C.
921 2285 1090 2318 Claudius
1112 2291 1146 2318 et
1173 2285 1248 2318 Tib.
1271 2285 1495 2328 Sempronius
1519 2285 1704 2328 (censores)
1729 2287 1919 2327 locassent,
1941 2302 1983 2321 ea
2006 2297 2087 2323 rata

191 2341 317 2373 locatio
339 2353 381 2373 ne
403 2344 507 2378 esset,
536 2339 580 2370 de
603 2339 743 2381 integro
764 2337 981 2377 locarentur,
1011 2344 1045 2370 et
1067 2344 1107 2371 ut
1130 2338 1286 2370 omnibus
1308 2338 1501 2369 redimendi
1522 2343 1556 2370 et
1579 2339 1792 2370 conducendi
1807 2342 2007 2382 promiscue
2031 2343 2087 2374 ius

187 2399 286 2426 esset.
327 2393 385 2425 Illi
410 2391 538 2424 etenim
559 2391 625 2422 hoc
646 2391 699 2423 ius
723 2389 926 2432 quibusdam
955 2391 1165 2422 ademerant.
1210 2391 1473 2422 GARATONIUS.
