2185 2720
159 142 273 171 XLIV
818 145 1347 176 PROLEGOMENA.

1045 219 1073 260 §.
1102 226 1145 252 10.

237 278 287 307 ΕΚ
306 278 363 313 iis,
391 289 465 317 quae
487 279 523 306 de
544 279 725 316 cognatione
746 280 885 309 codicum
907 282 1121 320 exposuimus,
1148 282 1220 310 illut
1236 293 1361 320 quoque
1382 287 1466 311 certo
1492 282 1603 311 confici
1622 278 1715 322 puto,
1748 285 1775 313 si
1793 285 1819 313 B
1839 290 1870 314 et
1888 285 1915 314 E
1932 285 2025 314 aliam

160 331 251 364 atquc
272 326 404 354 familiae
426 326 534 354 tertiae
559 327 680 355 codices
708 329 891 366 scripturam
919 329 1067 365 habeant,
1101 329 1144 358 ita
1173 335 1206 357 ut
1232 335 1342 358 neutra
1368 335 1420 358 aut
1445 331 1622 369 corruptela
1641 335 1693 358 aut
1712 332 1877 369 explicatio
1897 332 2026 361 alterius

162 373 222 401 dici
243 373 357 411 possit,
394 378 456 400 tum
477 379 616 402 neutram
644 374 674 401 in
697 375 803 402 codice
830 377 973 415 principe
1002 377 1096 406 fnisse
1116 377 1276 415 scriptam,
1314 383 1360 406 set
1386 383 1545 416 utramque
1565 379 1601 405 ab
1628 378 1799 416 interprete
1819 378 1930 407 debere
1949 390 2026 418 pro-

158 421 268 449 fectam
289 420 477 448 cxistumari.
516 421 679 449 Eiusmodi
699 422 785 450 locus
807 428 870 459 cst,
898 425 950 462 qui
972 425 1006 454 C.
1028 425 1116 454 VIII.
1144 423 1172 464 §.
1196 435 1237 462 19.
1266 424 1382 462 legitur
1398 423 1426 464 *)
1452 425 1536 454 etin
1555 426 1661 454 codice
1681 425 1866 454 Erfm-tense
1884 426 1928 454 sic
1947 426 2026 454 scri-

157 473 228 506 ptus
249 471 350 494 extat:

232 525 357 552 Alteros
377 522 497 563 (credo,
518 528 593 563 quia
613 526 795 564 refirtumse
814 530 1019 566 mmticisn'um
1039 529 1274 558 consularibus.-
1301 540 1375 558 ηαηι
1391 532 1558 560 ηιαΙωιοῖοε
1577 542 1638 560 non
1657 541 1718 560 esse
1738 537 1820 560 cerlo
1839 529 1916 569 scio)
1936 540 2028 558 numa—

157 582 250 610 quam
270 573 410 600 intellexi
428 573 637 600 uehementius
657 583 783 601 suorum
802 578 1053 614 municipum
1072 578 1185 605 honore
1204 578 1328 606 laetari.

232 629 310 658 Cum
330 629 512 657 Erfurtense
533 631 687 659 consentit
707 632 890 668 Bwarieus,
925 634 986 662 nisi
1008 635 1090 673 quod
1116 635 1179 663 leui
1206 644 1313 663 errore
1341 636 1548 672 municipium
1574 646 1631 674 pro
1658 637 1850 673 municipum
1869 633 1979 662 scribit
1998 637 2029 660 et

157 677 269 704 honore
290 676 414 704 omittit.
453 677 600 705 Familiae
621 679 729 706 tertiae
750 680 871 708 codices
892 681 929 709 ad
949 693 1043 710 111111111
1064 692 1168 710 01111105
1188 692 1251 710 11011
1271 687 1390 710 tantum
1410 692 1466 720 pro
1488 684 1679 720 municipum
1707 682 1847 711 scribunt
1873 681 2029 718 hospitum.

157 723 294 762 (quidam
322 722 385 749 leui
414 733 518 751 errore
545 725 745 765 hospilium),
780 734 827 756 set
853 730 944 757 etiam
971 729 1032 757 alio
1059 729 1168 758 ordine
1196 730 1289 757 uerba
1322 734 1458 768 ponunt,
1488 729 1679 765 scribentes,
1713 730 1869 767 hospitum
1894 737 2028 756 suornm.

156 770 287 799 Fuluius
308 769 441 798 Ursinus
469 781 537 799 cum
565 778 701 801 ueterem
729 775 842 802 librum
870 775 983 803 habere
1009 776 1166 804 hominum
1185 787 1311 804 suorum
1335 777 1449 805 honore
1469 777 1561 813 dicit,
1596 777 1730 805 dubitari
1750 787 1813 804 non
1832 779 1934 813 potest
1953 773 2027 812 quin

157 818 220 847 uiri
240 817 323 845 docti
344 818 569 855 coniecturam,
602 822 732 858 margini
754 823 900 850 editionis
922 824 1091 862 cuiuspiam
1112 824 1312 862 adscriptam,
1343 835 1400 863 pro
1421 825 1558 853 uariante
1586 823 1701 852 codicis
1720 823 1855 851 lectione
1874 821 2026 851 habuerit.

158 865 240 894 Uide
262 875 337 902 qnae
358 875 449 902 supra
470 865 505 892 de
534 866 738 904 lectionibus,
775 880 846 908 quas
868 870 1000 899 Ursinus
1022 872 1220 907 memorauit,
1245 872 1317 900 Lib.
1339 872 1362 900 I.
1391 872 1424 900 C.
1446 872 1469 900 I.
1496 870 1526 911 5.
1545 873 1572 900 3.
1592 871 1775 900 monuimus.
1813 869 2028 898 Nihilominus

157 923 265 942 uerum
287 917 362 950 puto
385 913 585 942 Garatonium
606 916 737 951 uidisse,
775 918 826 955 qui
853 918 922 946 fam.
950 918 1059 946 tertiae
1081 919 1222 947 codicum
1249 920 1432 958 scripturam
1459 921 1616 957 hospitum
1645 929 1684 947 ex
1710 918 1835 946 nomine
1859 917 2028 950 hominum,

158 960 240 999 quod
260 959 309 987 uir
329 959 382 986 ille
404 960 520 995 doctus,
541 962 627 989 0111115
650 964 859 993 coniecturam
880 966 1013 994 Ursinus
1034 976 1091 1004 pro
1112 967 1227 995 codicis
1248 968 1402 1006 scriptura
1421 967 1539 1003 habuit,
1559 967 1618 995 iam
1639 966 1729 1002 eruit,
1750 966 1944 1004 deprauatam
1963 973 2029 991 esse

158 1006 286 1035 censuit.
327 1005 405 1034 Nam
433 1008 506 1035 adeo
535 1009 687 1047 inperitus
708 1021 796 1039 nemo
817 1013 958 1050 profecto
978 1014 1134 1051 interpres
1162 1014 1265 1052 potuit
1286 1025 1368 1050 0550,
1403 1020 1437 1043 ut
1465 1015 1622 1052 hospitum
1640 1024 1753 1042 nomen
1773 1013 1824 1041 hic
1844 1011 2030 1040 subintelle-

158 1054 289 1093 gendum
308 1058 440 1091 putaret.
481 1054 596 1085 Uerum
618 1058 651 1085 111
677 1059 783 1086 codice
802 1061 946 1099 principe
966 1070 1029 1088 11011
1049 1070 1139 1098 posse
1156 1061 1317 1091 hominnm
1336 1072 1471 1097 suorum,
1490 1067 1526 1090 ut
1545 1062 1707 1090 Ernestius
1727 1060 1860 1100 scripsit,
1879 1059 2030 1097 scriptum

159 1102 316 1135 extitisse,
337 1110 376 1128 ex
396 1101 420 1128 B
442 1106 471 1128 et
491 1101 516 1129 E
537 1105 676 1133 codicum
698 1107 851 1145 scriptura
872 1108 1032 1136 manifesto
1053 1114 1194 1147 apparet,
1229 1120 1317 1147 qnam
1339 1119 1377 1137 ex
1397 1109 1451 1136 illa
1470 1119 1533 1136 non
1552 1110 1690 1147 potuisse
1710 1109 1789 1137 oriri
1807 1116 1913 1136 omnes
1933 1105 2029 1134 intel-

157 1151 272 1188 legunt.
312 1148 407 1176 Immo
429 1149 508 1177 nihil
530 1152 643 1180 certius
665 1158 727 1189 cst,
761 1165 849 1192 quani
879 1155 910 1182 in
931 1155 1058 1192 antiquo
1086 1156 1145 1183 isto
1166 1157 1335 1195 exemplari
1355 1157 1505 1195 scriptum
1524 1157 1635 1185 fuisse:
1669 1157 1879 1184 uehementius
1904 1163 2030 1182 suorum

157 1198 270 1226 honore
290 1196 412 1223 laetari.
451 1197 486 1224 Iu
509 1208 566 1235 qua
585 1200 738 1238 scriptura
757 1206 841 1228 recte
861 1201 960 1229 solum
987 1213 1062 1230 suus
1081 1213 1253 1241 pronomen
1284 1209 1463 1243 usurpatum
1492 1213 1573 1240 esse,
1600 1203 1652 1232 uel
1672 1204 1781 1238 uerba,
1809 1212 1885 1240 quae
1905 1205 2029 1229 antece-

159 1245 252 1279 dunt,
279 1243 430 1282 probant,
452 1247 592 1280 primum
613 1252 719 1274 trel-um.
742 1250 843 1285 magis
860 1249 978 1285 fauere
1001 1256 1099 1286 palas
1119 1253 1282 1287 Atinates,
1309 1263 1350 1280 an
1376 1252 1569 1280 Tusculanos
1593 1251 1706 1280 suis?
1739 1250 1855 1278 Contra
1873 1249 2032 1277 hominum

158 1300 271 1320 nomen
292 1300 391 1327 neque
411 1291 549 1319 additum
569 1293 601 1320 in
622 1293 680 1321 hoc
700 1294 849 1332 loquendi
869 1305 981 1332 genere
1001 1307 1143 1335 umquam
1162 1299 1246 1335 uidi,
1274 1310 1374 1338 neque
1394 1304 1463 1337 apte
1481 1309 1572 1337 posse
1592 1299 1662 1327 addi
1681 1303 1767 1338 puto.
1806 1298 1951 1326 Ceterum
1969 1305 2030 1323 no-

158 1350 229 1369 men
250 1339 443 1374 municipum
463 1349 640 1378 quamquam
662 1352 718 1378 per
738 1353 770 1370 se
790 1343 850 1370 iani
870 1343 942 1370 satis
962 1350 1149 1382 suspectum,
1168 1347 1262 1384 magis
1282 1352 1383 1375 tamen
1403 1352 1579 1385 suspectum
1593 1344 1846 1374 redditBauarici
1865 1343 2027 1381 scriptura,

159 1388 273 1416 honore
297 1384 477 1413 emittentis.
518 1388 610 1423 Quod
636 1391 766 1418 uerbum
794 1400 882 1418 nemo
908 1391 1050 1428 profecto
1078 1393 1232 1422 dubitabit
1261 1393 1333 1431 quin
1361 1393 1440 1421 hanc
1467 1393 1563 1421 solam
1592 1394 1631 1422 ob
1659 1404 1792 1422 caussam
1813 1391 1957 1421 omissum
1977 1390 2027 1425 sit,

157 1434 240 1473 quod
261 1433 357 1470 glossa
377 1434 569 1469 municipum
589 1437 797 1475 superscripta
816 1438 922 1466 fucrit.
961 1438 1008 1466 Ita
1026 1439 1113 1468 uides
1134 1440 1214 1468 idem
1234 1440 1285 1468 hic
1314 1440 1475 1469 librarium
1495 1441 1611 1469 codicis
1630 1441 1773 1469 Bauarici
1792 1440 1919 1475 fecisse,
1945 1438 2029 1478 quod

158 1482 278 1519 saepius
298 1480 335 1507 ab
357 1489 409 1513 01),
431 1480 483 1516 qui
504 1481 639 1511 codicem
660 1484 800 1522 scripsit,
828 1495 867 1513 ex
887 1496 947 1523 (1110
968 1485 1101 1513 familiae
1120 1488 1231 1515 tertiae
1251 1487 1326 1515 libri
1345 1488 1497 1525 originem
1518 1488 1690 1523 duxerunt,
1708 1488 1823 1516 sactum
1842 1496 1935 1525 supra
1952 1483 1980 1524 5.
2000 1487 2028 1514 8,

158 1530 303 1559 uidimus.
343 1527 438 1554 simul
461 1527 532 1555 illut
552 1535 694 1567 apparet,
722 1531 754 1558 in
775 1531 882 1559 codice
902 1531 1045 1570 principe
1064 1534 1180 1562 nullam
1201 1534 1251 1562 hic
1272 1534 1309 1561 ad
1329 1535 1545 1572 explicandum
1574 1546 1701 1564 suorum
1725 1543 1898 1574 pronomen
1917 1542 2029 1572 super-

158 1577 303 1615 scriptam
324 1575 453 1612 glossznn
472 1574 575 1602 fuisse.
615 1577 684 1605 Hoc
704 1579 788 1606 enim
808 1579 834 1606 si
854 1579 966 1606 factum
987 1580 1112 1617 suisset,
1147 1592 1209 1610 nou
1231 1582 1481 1619 intellegeretur,
1515 1583 1667 1621 quomodo
1695 1594 1758 1612 nox
1783 1583 1893 1612 honore
1913 1582 1946 1609 in
1965 1581 2030 1609 Er-

157 1625 313 1657 furtense,
333 1621 385 1659 qui
407 1631 446 1648 cx
465 1622 572 1650 eodem
592 1634 660 1651 011111
680 1625 828 1653 Bauarico
849 1626 936 1654 fonte
955 1629 1107 1664 manauit,
1136 1629 1253 1657 seruari
1281 1629 1443 1667 potuisset.
1481 1630 1577 1657 Immo
1603 1629 1743 1667 profecta
1770 1630 1866 1667 glossa
1891 1630 2028 1656 munici-

135 1682 138 1684 ·
156 1683 232 1710 pum
252 1671 288 1698 ab
310 1679 345 1697 co
365 1669 512 1704 librario,
546 1670 597 1708 qui
626 1671 763 1700 codicem
784 1673 925 1711 scripsit,
959 1684 998 1702 ex
1019 1685 1079 1712 quo
1100 1676 1125 1703 B
1144 1681 1177 1704 et
1195 1676 1222 1704 E
1241 1681 1315 1704 sunt
1337 1676 1408 1704 orti.
1449 1677 1542 1705 Certe
1570 1677 1603 1705 111
1623 1685 1659 1703 eo
1679 1676 1761 1703 libro
1781 1676 1915 1714 primum
1936 1683 2029 1713 super

157 1720 270 1747 honore
290 1715 419 1755 positam
439 1716 534 1744 fuisse
555 1718 786 1748 statuendumst.
823 1720 905 1749 Eum
924 1721 1039 1750 librum
1059 1733 1127 1751 011111
1147 1733 1240 1763 supra
1256 1723 1454 1752 docuerimus
1475 1734 1543 1752 eum
1563 1724 1680 1763 ipsum,
1715 1723 1768 1761 (1111
1787 1728 1894 1751 auctor
1914 1721 2030 1750 codicis

158 1764 300 1794 Bauaxici
321 1763 442 1799 extitit,
463 1763 678 1803 descripsisse,
699 1771 824 1805 optume
844 1768 905 1796 iam
924 1768 1136 1808 intellegitur,
1157 1772 1211 1810 qui
1229 1771 1344 1800 factum
1364 1771 1421 1808 sit,
1440 1777 1476 1801 ut
1494 1772 1605 1801 honore
1625 1771 1662 1800 ab
1681 1770 1812 1798 librario
1832 1769 1948 1798 codicis
1967 1769 2029 1797 Ba-

245 1911 267 1942 ¹)
295 1909 331 1934 Ut
356 1911 418 1943 qnid
444 1912 493 1936 uiri
520 1914 592 1937 docti
618 1920 676 1939 ante
701 1925 743 1940 me
768 1917 801 1940 de
826 1916 878 1940 hoc
901 1917 964 1942 ioco
994 1919 1172 1953 iudicassent,
1196 1921 1313 1955 intellegi
1338 1924 1443 1955 posset,
1470 1921 1600 1945 editorum
1624 1920 1656 1946 ad
1681 1920 1708 1945 h.
1731 1920 1820 1945 iocum
1847 1918 2030 1944 adnotationes

158 1959 280 1989 revel-<3¹2²
310 1953 354 1978 hic
381 1955 499 1979 uisumst·
549 1957 613 1988 „Ex
638 1959 791 1984 Ersurtense
820 1959 913 1984 codice
936 1962 1017 1988 multa
1042 1965 1151 1990 uolnera
1178 1966 1270 1990 harum
1294 1967 1442 1991 orationum
1467 1970 1526 1990 snut
1549 1970 1648 1990 sanata.
1684 1964 1739 1989 Cur
1759 1974 1812 1990 11011
1839 1969 1866 1989 et
1890 1964 1935 1989 hic-
1959 1963 2031 1988 reci-

158 2000 242 2033 Pimm
260 1998 402 2022 lationem
421 1999 491 2029 (τώδ’
520 2009 578 2025 cum
601 2003 708 2035 0‘213313
727 2005 863 2037 1²⁰·‘Pifflm
880 2005 941 2029 sessi
959 2015 1011 2032 non
1036 2010 1138 2040 possit?
1170 2011 1231 2035 Non
1251 2011 1320 2035 enim
1338 2010 1457 2042 hospites
1474 2009 1567 2034 harum
1586 2009 1730 2034 ciuitatium
1751 2014 1840 2042 erant,
1865 2009 1910 2042 qui
1928 2008 2030 2033 Romae

158 2043 326 2075 magistratus
350 2042 518 2073 creabantur,
544 2050 584 2069 set
610 2047 695 2077 ciues,
729 2048 785 2073 siue
811 2049 981 2082 municipes-⁴⁴
1019 2053 1226 2081 GRAEUIUS.
1263 2055 1348 2085 „Cum
1371 2054 1435 2079 ferri
1462 2062 1514 2078 uon
1538 2055 1620 2086 possit
1643 2053 1793 2086 hospitum,
1819 2053 1890 2086 quod
1915 2051 2032 2077 seruauit

157 2093 244 2110 tamen
263 2085 403 2116 mincius,
423 2087 450 2110 id
468 2089 547 2112 facile
567 2095 652 2114 ortum
671 2091 767 2116 dixeris
789 2102 820 2118 ex
839 2093 990 2125 hominum,
1015 2097 1085 2128 quod
1105 2106 1137 2122 ex
1156 2100 1233 2123 unico
1252 2099 1340 2124 Ursini
1361 2098 1454 2123 codice
1471 2098 1574 2131 recepit
1592 2097 1733 2129 Emesam,
1760 2104 1786 2122 at
1802 2107 1836 2123 ne
1853 2105 1902 2130 per
1918 2096 2030 2129 glossam

159 2130 265 2163 ‘lumem
286 2139 318 2155 0¹
336 2131 515 2163 ”luniCipumv
544 2133 615 2165 (111οΔ
642 2143 673 2158 CX
699 2136 777 2160 misto
802 2137 863 2161 item
890 2138 935 2162 illo
956 2139 1011 2165 Erf-
1039 2141 1196 2175 adoptarunt
1215 2144 1293 2168 etium
1314 2143 1395 2168 Uerb.
1415 2148 1441 2167 et
1459 2142 1588 2171 Lallem.;
1621 2148 1713 2167 contra
1731 2141 1896 2175 municipum
1917 2137 2030 2165 adscribi

159 2174 245 2207 Ρῡίυῖῑ
263 2174 296 2198 nd
314 2183 408 2198 uocem
427 2175 582 2202 hominum.-
613 2188 643 2203 ac
669 2188 731 2204 saue
752 2180 905 2206 obseruasse
932 2183 995 2207 1111111
1015 2184 1120 2217 uideor,
1150 2188 1268 2212 codicem
1287 2193 1421 2221 optumum
1439 2186 1493 2211 Ers.
1512 2187 1653 2219 aliquando
1671 2186 1868 2212 emendationes
1886 2189 1930 2209 aut
1946 2183 2030 2207 iuter-

158 2217 320 2250 pretatioxies
344 2218 459 2251 habere,
483 2230 568 2254 neque
597 2222 697 2255 ineptas
723 2224 796 2256 illas,
822 2230 850 2249 ut
874 2226 929 2250 sere
955 2227 1051 2259 ceteri,
1075 2234 1117 2253 set
1135 2230 1166 2254 ab
1186 2231 1292 2255 homine
1310 2231 1396 2264 perito
1415 2230 1549 2263 doctoque
1568 2232 1711 2264 profectas.
1745 2230 1784 2254 Ita
1808 2229 1870 2260 fiet,
1893 2231 1922 2251 ut
1943 2225 2029 2250 codex

158 2260 255 2290 Ursini,
275 2262 471 2296 qualiscumque
489 2265 577 2296 suerit,
596 2267 678 2299 possit
701 2268 752 2292 hoc
769 2269 830 2294 Ioco
851 2271 1107 2303 praestantissumum
1125 2274 1266 2300 uincere.“
1303 2275 1555 2300 GARATONIL'S
1571 2275 1592 2300 Ῑ.
1627 2275 1710 2307 „Bau.
1727 2282 1834 2299 suorum
1853 2269 2028 2303 municipium

161 2303 267 2328 Ῐαεὶαῐί.
302 2305 395 2330 Uoluit
419 2317 481 2333 sane
509 2318 567 2334 cum
585 2309 641 2335 Erf.
659 2312 842 2345 municipum,
866 2323 916 2338 1100
942 2323 1068 2348 repugno.
1101 2317 1149 2342 Set
1174 2327 1231 2343 cum
1256 2319 1354 2343 omittit
1371 2319 1483 2350 honore,
1507 2319 1682 2352 suspicionem
1706 2315 1919 2350 interpolationis
1944 2314 2028 2339 inicit.

160 2347 200 2372 Ex
218 2349 391 2374 antecedente
411 2353 586 2386 municipium
604 2355 660 2380 siue
679 2357 826 2389 marginalis
849 2358 951 2382 notatio
963 2378 969 2389 ,
995 2359 1052 2384 siue
1069 2359 1222 2393 hominum,
1247 2363 1318 2396 quod
1337 2362 1463 2387 Ernestus
1480 2364 1622 2396 praetulit,
1645 2361 1776 2395 proficisci
1794 2360 1879 2394 potuit
1897 2359 2029 2392 interpre—

160 2392 235 2417 tatio.
271 2392 435 2419 oxonienses
453 2406 544 2421 omues
564 2400 694 2433 corrupti,
713 2409 826 2434 quorum
843 2410 891 2427 sex
908 2401 1059 2437 hospitum,
1081 2409 1134 2431 tres
1152 2406 1251 2432 habent
1268 2407 1428 2441 hosi-itium7·
1446 2413 1486 2434 set
1505 2413 1577 2433 certe
1597 2417 1630 2433 ex
1647 2405 1796 2438 homiuum,
1814 2414 1866 2430 non
1885 2413 1918 2430 ex
1937 2403 2028 2430 muni-

161 2435 275 2468 cipum.“
312 2437 560 2466 GARA'IONIUS
575 2443 608 2469 Π.
