2185 2720
472 594 1659 660 PRmJLE(}OM]3NA.

619 824 973 890 LIBER
1050 840 1511 891 PRIMus.

972 978 1001 1012 C
1011 977 1042 1012 A
1051 979 1090 1012 P.
1133 978 1161 1012 Ι.

200 1074 619 1106 ENUMERANTUR
658 1074 904 1111 CODICES,
943 1074 1037 1112 QUI
1074 1074 1143 1103 AD
1179 1075 1569 1106 EMENDANDAM
1607 1074 1932 1104 ORATIONEM

648 1133 1006 1163 PLANCIANAM
1042 1132 1299 1162 ADHIBITI
1332 1133 1479 1162 SUNT.

1019 1235 1048 1276 ς.
1079 1243 1103 1268 1.
1124 1262 1128 1265 ,

540 1318 798 1361 Optumus
843 1322 891 1350 et
935 1315 1370 1360 antiquissumus
1415 1317 1582 1349 codex.

120 1427 430 1479 Ambrosianus
451 1449 517 1490 (A).
556 1450 665 1479 Codex
686 1455 733 1478 cst
751 1443 986 1488 palimpsestus,
1020 1449 1073 1487 qui
1094 1459 1110 1477 e
1130 1450 1319 1478 monasterio
1340 1449 1494 1478 Bobiense
1515 1449 1548 1477 in
1574 1449 1799 1478 bibliothecam
1818 1449 2002 1478 Ambrosia-

121 1509 192 1527 nam
218 1498 315 1526 uenit.
356 1498 507 1527 Continet
539 1498 635 1525 altera
663 1497 817 1535 scriptura
843 1497 971 1525 latinam
999 1498 1113 1526 concili
1135 1497 1396 1526 Chalcedonensis
1424 1497 1730 1535 interpretationem,
1763 1497 1879 1536 prima,
1914 1507 2003 1534 quam

121 1545 242 1575 detexit
269 1544 308 1573 A.
329 1545 447 1580 Mm'us,
480 1545 576 1583 partis
604 1545 779 1583 deperditas
801 1545 1017 1573 Tullianarum
1044 1545 1218 1573 orationum
1246 1547 1281 1573 in
1303 1546 1444 1574 Clodium
1471 1551 1500 1573 et
1521 1546 1700 1579 Curionem,
1738 1545 1775 1572 <le
1802 1555 1872 1573 aere
1902 1545 2003 1572 alieno

119 1593 271 1627 Milonis,
293 1592 329 1620 cle
347 1604 417 1631 rege
431 1592 647 1621 Alexandrino
668 1602 736 1619 cum
756 1592 884 1630 antiquo
905 1593 1078 1630 interprete
1099 1592 1136 1620 ad
1156 1592 1209 1620 has
1230 1593 1402 1629 orationes,
1423 1593 1557 1631 aliasque
1578 1596 1724 1630 quattuor
1745 1591 1841 1620 editas
1856 1602 1916 1629 pro
1937 1591 2002 1618 Ar—

120 1640 210 1674 chia,
224 1650 285 1677 pro
304 1640 413 1674 Sulla,
444 1650 505 1678 pro
524 1640 676 1673 Plancio,
711 1644 742 1666 et
768 1641 803 1667 in
828 1640 1003 1667 Uatinium.
1044 1639 1081 1667 In
1108 1640 1209 1669 lucem
1236 1640 1312 1669 hacc
1332 1641 1370 1668 A.
1391 1641 1493 1669 Maius
1521 1640 1674 1668 adiunctis
1695 1639 1762 1668 aliis
1785 1639 2001 1667 Tullianarum

118 1687 295 1716 orationum
314 1687 454 1725 partibus
474 1686 600 1715 ineditis
621 1685 809 1724 scholiisque
823 1686 898 1714 item
912 1686 1039 1714 ineditis
1056 1687 1190 1725 primum
1210 1699 1257 1716 an.
1274 1688 1528 1723 MDCCCXIV„
1548 1688 1661 1716 iterum
1678 1697 1724 1715 an.
1740 1686 2000 1715 MDCCCXYII.

117 1734 291 1764 Mediolani
318 1734 430 1763 emisit.
468 1734 546 1762 Eius
574 1734 691 1762 codicis
719 1739 858 1763 ueterem
884 1735 1070 1773 scripturam
1090 1734 1144 1762 ille
1165 1735 1203 1763 ad
1223 1736 1280 1764 IV.
1302 1741 1355 1764 aut
1375 1736 1415 1763 V.
1435 1735 1590 1763 saeculum
1617 1735 1777 1774 pertinere
1797 1735 1911 1764 statuit.
1934 1734 1996 1762 (Τι’.

117 1783 218 1812 Praes.
245 1783 331 1811 alter.
357 1792 431 1810 nou.
452 1782 525 1810 edit.
545 1781 645 1819 princ.
665 1791 696 1819 p.
717 1783 762 1820 39.
783 1783 841 1811 42..
881 1783 1032 1811 Continet
1060 1788 1160 1811 autem
1189 1784 1359 1812 nonnullos
1381 1787 1500 1811 tantum
1520 1784 1670 1812 orationis
1691 1783 1876 1813 Plancianae
1904 1782 1998 1816 locos,

117 1841 194 1870 quos
215 1830 395 1870 explanauit
421 1834 510 1858 uetus
539 1829 594 1856 ille
620 1828 795 1868 interpres,
829 1840 919 1868 quem
939 1830 1112 1859 Asconium
1133 1830 1303 1860 Pedianum
1331 1840 1396 1859 esse
1416 1831 1454 1859 A.
1475 1831 1578 1859 anius
1600 1832 1773 1860 existumat.
1814 1830 1877 1858 Csr.
1899 1829 1998 1857 l’raef.

116 1879 168 1908 alt.
188 1889 218 1917 p.
238 1887 272 1909 21
285 1888 359 1917 sqq..
397 1877 448 1906 De
467 1876 652 1906 auctoritate
672 1881 704 1905 et
721 1878 911 1916 praestantia
930 1878 997 1907 eius
1019 1878 1136 1908 dictum
1155 1878 1278 1918 Proleg.
1298 1879 1336 1907 L.
1358 1879 1382 1907 I.
1405 1889 1430 1907 c.
1449 1888 1477 1908 2.
1497 1877 1525 1918 §.
1545 1889 1569 1908 1.
1591 1884 1645 1908 est.

1009 1983 1038 2025 §.
1069 1991 1094 2017 2.

734 2043 934 2077 Secunda
952 2043 1140 2088 familia
1165 2044 1373 2077 codicum.

188 2121 419 2151 Banaricas
447 2122 508 2162 (Β).
548 2122 736 2151 Scruabatur
756 2123 831 2151 olim
851 2123 885 2152 in
906 2123 1134 2163 Tegernseensi
1153 2123 1302 2152 Bauariae
1323 2122 1495 2159 coenobio;
1525 2132 1608 2151 nunc
1628 2121 1682 2151 ubi
1704 2125 1805 2156 extet,
1826 2120 1993 2158 ignoratur.

115 2167 180 2197 cfr.
201 2169 301 2198 Pracf.
320 2179 427 2210 meam.
466 2171 609 2200 Contulit
629 2181 699 2200 eum
715 2171 859 2209 Theoph.
881 2172 1061 2207 Harlesius,
1083 2171 1137 2209 qui
1156 2171 1276 2206 uarias,
1304 2181 1377 2209 quas
1398 2171 1471 2199 inde
1491 2170 1648 2206 enotauit,
1668 2169 1818 2197 lectiones
1839 2178 1907 2196 cum
1930 2168 1995 2195 Ga-

112 2216 237 2244 ratonio
268 2220 508 2249 connumicauit.
546 2220 674 2248 Monuit
700 2219 738 2247 de
765 2229 801 2247 co
824 2219 1010 2249 Garatonius
1040 2220 1140 2248 Oratt.
1169 2218 1254 2246 Tull.
1283 2218 1321 2246 T.
1343 2218 1416 2246 VII.
1440 2218 1487 2247 ed.
1509 2218 1608 2257 Neap.
1631 2217 1710 2255 1786.
1741 2216 1841 2244 Praef.
1868 2225 1898 2253 p.
1921 2214 1993 2242 VII.

112 2262 204 2292 haec:
223 2263 281 2300 „In
302 2265 416 2294 eisdem
431 2266 617 2305 Philippicis
639 2268 715 2296 duos
735 2272 896 2305 practerea
916 2267 1038 2295 codices
1058 2265 1153 2294 habui
1173 2265 1362 2293 Barberinos
1382 2266 1458 2294 XV.
1479 2266 1595 2294 saeculi
1615 2275 1678 2293 non
1697 2263 1799 2301 magni
1818 2262 1994 2300 faciendos;

111 2316 159 2341 set
177 2312 306 2340 accessit
330 2323 431 2351 nuper
451 2314 621 2343 subsidium
641 2315 716 2343 haut
735 2315 891 2343 mediocre
911 2315 1058 2343 Bauarici
1080 2313 1196 2342 codicis
1217 2324 1234 2341 a
1250 2313 1311 2341 Th.
1329 2313 1403 2342 Chr.
1423 2313 1582 2342 Har-lesio.
1620 2313 1768 2341 Maxuma
1786 2310 1838 2338 hic
1859 2310 1993 2347 diligen-

111 2359 154 2388 tia
174 2359 325 2398 quidquid
345 2360 378 2387 in
399 2370 435 2388 eo
457 2360 583 2397 codice,
609 2372 698 2400 quem
720 2363 843 2391 sacculo
864 2363 992 2391 ineunte
1012 2362 1088 2391 XII.
1110 2361 1260 2399 scriptum
1280 2361 1438 2399 repperit,
1466 2361 1502 2388 ab
1522 2359 1650 2388 Ernesti
1671 2359 1808 2387 editione
1829 2357 1994 2395 discrepat,

111 2406 286 2444 adnotauit;
314 2418 486 2446 munusque
507 2408 544 2436 ad
563 2419 611 2436 me
638 2410 852 2447 gratissumum
871 2410 1005 2448 Erlanga
1024 2409 1118 2437 misit.
1159 2409 1246 2445 Quin
1274 2409 1366 2437 etiam
1386 2408 1423 2436 ad
1443 2408 1600 2436 orationes
1619 2406 1652 2434 in
1672 2405 1837 2434 Catilinam
1857 2405 1992 2442 aliasque

110 2454 274 2482 nonnullas
302 2455 438 2484 eiusdem
466 2456 631 2485 uarietates
657 2457 733 2485 libri
759 2457 918 2495 pollicitus
947 2462 994 2485 est
1019 2457 1125 2484 auimo.
1149 2456 1395 2492 liberalissumo5
1429 2466 1502 2493 quas
1530 2459 1562 2482 ct
1589 2458 1719 2492 expecto
1747 2453 1859 2491 cupide
1880 2457 1910 2480 ct
1931 2462 1990 2489 quo

111 2510 246 2539 quaeque
266 2501 336 2531 1000
356 2508 515 2542 poterunt,
536 2504 716 2542 euolgabo.“
754 2504 821 2533 Diu
840 2509 1003 2543 postquam
1020 2505 1207 2534 Garatonius
1229 2504 1402 2533 orationem
1422 2501 1619 2531 Planci-'mam
1636 2500 1735 2540 Neap.
1756 2510 1804 2529 an.
1824 2500 1901 2536 1786.
1923 2499 1991 2527 edi-

1556 2557 1571 2581 1
