2185 2720
683 156 785 186 PRO
814 155 891 186 CN.
922 152 1169 184 PLANCIO.
1199 152 1304 181 CAP.
1325 153 1399 182 VII.
1418 153 1509 183 VIII.
2008 157 2041 180 ’11

145 237 310 270 interesse
334 235 387 267 uis
410 234 452 266 ad
474 233 644 266 rationem
667 231 832 276 petendi?
875 230 1031 262 Primum
1053 234 1171 259 utrum
1193 227 1299 270 magis
1323 227 1439 260 fauere
1459 233 1558 272 putas
1580 226 1742 266 Atinatis,
1765 237 1808 257 an
1830 225 2041 257 Tusculanos

146 289 238 323 suis?
273 289 393 321 alteri:
430 288 517 320 scire
548 286 641 318 enim
663 286 728 318 hoc
749 289 893 329 propter
913 282 1125 315 uicinitatem
1153 280 1252 312 facile
1277 292 1435 324 possum:
1473 292 1550 313 cum
1572 280 1673 312 huius
1697 278 1916 311 ornatissumi
1938 285 2040 321 atque

147 341 281 386 optumi
303 341 386 381 uiri,
412 341 475 373 Cn.
499 338 694 378 Saturnini,
721 344 857 381 patrem
881 336 1044 375 aedilem,
1074 346 1152 366 cum
1175 340 1370 377 praetorem
1393 333 1570 373 uiderunt,
1614 332 1707 376 quod
1732 332 1864 375 primus
1887 331 1946 362 ille
1969 343 2040 363 non

144 394 250 426 modo
275 394 312 426 in
335 405 409 426 eam
431 392 611 432 familiam,
646 397 698 424 set
720 391 823 423 etiam
845 390 882 422 in
902 387 1153 433 praefecturam
1175 387 1271 419 illam
1294 388 1411 420 sellam
1435 386 1588 418 curulem
1614 386 1808 425 adtulisset,
1842 384 2040 416 mirandum

144 447 183 479 in
205 447 348 479 modum
370 446 485 478 laetati
506 451 604 483 sunt3
636 444 783 476 alteros:
824 443 946 483 credo,
976 441 1055 484 quia
1078 439 1278 472 refertumst
1299 440 1528 483 municipium
1550 440 1801 479 consularibus,
1831 450 1911 469 nam
1932 437 2041 469 male—

145 500 244 531 uolos
267 511 337 531 non
360 510 430 531 esse
453 504 544 530 certo
567 496 656 529 scioz
695 508 883 539 numquam
912 493 1070 526 intellexi
1096 493 1334 526 uehementius
1363 505 1504 526 suorum
1534 493 1665 525 honore
1688 492 1817 524 laetari.
1862 492 2038 523 Habemus
2050 498 2085 524 20

146 551 214 584 hoc
237 564 309 591 nos,
333 551 459 583 habent
480 556 597 582 nostra
618 549 816 593 municipia.
862 548 957 592 Quid
981 559 1041 590 ego
1066 546 1108 578 de
1130 558 1203 587 me,
1238 547 1280 578 de
1302 546 1409 579 fratre
1432 558 1511 578 meo
1534 546 1682 588 loquar?
1720 556 1867 586 quorum
1893 543 2040 576 lionori—

145 604 209 637 bus
232 604 305 647 agri
326 614 436 646 prope
459 602 569 634 dicam
592 602 659 646 ipsi
680 609 882 645 montesque
906 600 1078 633 fauerunt.
1124 601 1221 633 Num
1235 600 1370 642 quando
1393 600 1489 632 uides
1506 599 1738 631 Tusculanum
1760 597 1908 639 aliquem
1932 597 1973 628 de
1989 597 2040 629 M.

148 657 278 689 Catone
299 655 379 696 illo,
402 656 440 687 in
462 656 557 688 omni
578 656 708 688 uirtute
728 655 903 700 principe,
924 666 1009 686 num
1032 653 1074 685 de
1097 652 1153 685 Ti.
1180 652 1406 693 Coruncanio,
1430 652 1604 695 municipe
1626 664 1698 692 suo,
1722 663 1806 683 num
1830 651 1871 682 de
1894 657 1945 682 tot
1955 651 2041 682 Ful-

145 709 212 742 uiis
235 708 399 752 gloriari?
422 710 567 741 uerbum
588 721 690 741 nemo
712 708 803 742 facit.
846 708 898 742 At
918 708 956 739 in
982 717 1230 750 quemcumque
1255 706 1462 749 Arpinatem
1483 705 1662 745 incideris,
1691 703 1824 736 etiamsi
1846 703 1951 743 nolis,
1976 703 2041 734 erit

146 767 262 794 tamen
287 762 351 793 tibi
372 761 516 795 fortasse
538 763 640 795 etiam
666 763 708 794 de
729 761 827 795 nobis
851 759 992 803 aliquid,
1016 760 1144 802 aliquid
1169 766 1260 791 certe
1287 759 1328 791 de
1352 760 1391 792 C.
1413 760 1526 792 Mario
1549 757 1769 790 audiendum.
1798 756 1954 788 Primum
1976 755 2042 798 igi-

145 820 205 847 tur
229 815 287 847 hic
307 815 427 847 habuit
448 815 560 848 studia
582 827 725 848 suorum
746 814 920 853 ardentia3
954 819 993 845 tu
1015 819 1127 853 tanta,
1158 819 1283 855 quanta
1304 813 1342 844 in
1363 812 1560 844 hominibus
1582 811 1650 842 iam
1673 809 1829 842 saturatis
1852 808 2041 841 honoribus

147 879 220 900 esse
242 874 448 911 potuerunt3
477 868 601 900 deinde
622 868 674 900 tui
695 867 884 910 municipes
905 873 984 899 sunt
1008 866 1060 897 illi
1081 866 1219 909 quidem
1234 864 1513 909 splendidissumi
1535 864 1702 901 homines,
1725 869 1776 896 set
1792 868 1905 893 {amen
1930 860 2040 904 pauci,
2051 867 2086 894 21

145 920 178 953 si
198 920 337 963 quidem
360 932 436 952 cum
458 921 656 953 Atinatibus
680 919 922 959 conferantur3
945 920 1046 952 huius
1068 919 1283 962 praefectura
1306 919 1406 961 plena
1432 918 1589 949 uirorum
1612 916 1906 955 fortissumoxmn,
1931 915 1978 946 sic
2001 920 2043 946 ut

145 974 241 1006 nulla
263 980 334 1005 tota
356 973 455 1005 Italia
476 972 690 1016 frequentior
713 973 780 1004 dici
801 974 919 1016 possit.
966 973 1080 1016 Quam
1104 972 1243 1016 quidem
1265 982 1356 1003 nunc
1378 969 1636 1002 multitudinem
1663 968 1808 1009 uidetis,
1840 969 1981 1009 iudices,
2004 969 2041 999 in

219 1141 370 1170 interesse
388 1139 449 1180 uis)
470 1150 506 1179 χι
535 1142 663 1170 interest
684 1143 749 1177 ius,
770 1148 798 1178 ψ
817 1142 963 1169 interesse
983 1143 1042 1169 ius.
1061 1155 1100 1179 -τ
1138 1139 1277 1179 petendi)
1297 1148 1333 1178 χι
1362 1139 1493 1167 attendi.
1513 1150 1552 1159 —-

220 1188 338 1228 utrum)
347 1190 399 1217 Ma
414 1200 577 1218 uermn.—
594 1187 751 1226 Atinates)
766 1190 818 1217 Mc
836 1191 996 1221 animales,
1013 1190 1053 1216 Pa
1064 1190 1212 1224 atinalos,
1230 1188 1268 1226 ¹:53
1287 1188 1453 1217 Attinatos.
1464 1202 1502 1209 —
1518 1183 1724 1223 Tusculanos)
1736 1184 1784 1212 Lb
1798 1184 2042 1212 Tusculanis.—

146 1235 251 1274 alteri)
272 1237 314 1264 Pa
336 1238 478 1265 alterius.
504 1252 544 1257 —
581 1235 678 1276 enim)
703 1236 750 1264 Lc
771 1247 830 1264 0111.
849 1251 889 1258 ·-
926 1235 1030 1275 facile)
1056 1236 1103 1264 La
1131 1246 1201 1264 cum
1232 1235 1271 1272 gl.
1293 1235 1423 1271 fac-ere,
1461 1234 1507 1262 Lc
1520 1234 1646 1271 fatere,
1666 1233 1698 1260 H
1718 1238 1747 1261 et
1759 1233 1882 1270 faeere.
1903 1246 1941 1252 —-
1966 1241 2042 1269 pos-

145 1283 224 1323 sum)
245 1285 314 1320 Ma,
332 1284 375 1320 H,
396 1288 427 1312 et
446 1293 481 1322 χι
508 1289 648 1321 possunt.
669 1298 708 1304 --
747 1283 920 1321 Saturnini)
940 1284 969 1310 D
991 1285 1133 1313 Saturni.
1152 1298 1191 1304 —
1229 1280 1310 1321 eum)
1329 1284 1382 1311 Me
1403 1288 1476 1311 tum.
1495 1297 1535 1302 —-
1572 1278 1733 1318 uiderunt)
1760 1280 1802 1307 Pe
1829 1284 1860 1307 et
1882 1280 1920 1317 23
1949 1279 2041 1306 uide-

144 1338 223 1361 rent.
241 1347 280 1353 -—·
315 1331 447 1370 primus)
467 1332 522 1360 Mb
543 1333 705 1369 inprimis,
727 1336 774 1360 set
792 1342 808 1360 a
828 1343 868 1360 m.
889 1332 952 1360 diu.
973 1342 1090 1370 supers.
1124 1331 1144 1358 l'
1159 1333 1294 1368 primns,
1312 1346 1352 1352 -—
1390 1328 1458 1369 ille)
1487 1339 1523 1358 ου
1550 1339 1609 1357 0111.
1629 1344 1667 1351 --
1706 1324 1784 1365 eam)
1813 1326 1860 1354 Le
1886 1326 1984 1354 illam.
2003 1339 2041 1345 —

144 1380 370 1418 praefecturam
386 1378 484 1418 illam)
504 1379 553 1407 Lb
568 1381 778 1417 praefectura
798 1381 864 1408 illa.
884 1394 923 1402 —·
960 1378 1059 1418 illam)
1086 1380 1151 1413 Ma,
1170 1378 1238 1413 Mb,
1260 1378 1319 1413 Le,
1343 1377 1385 1415 D,
1405 1379 1449 1413 H,
1472 1379 1502 1414 S,
1526 1383 1557 1406 et
1578 1388 1596 1410 ς
1618 1387 1684 1410 om,
1704 1385 1740 1404 ου
1760 1375 1825 1403 illa.
1844 1388 1883 1394 --
1921 1370 2041 1410 sellam)

145 1428 200 1457 Ma
222 1428 331 1456 sedem.
351 1440 390 1447 —-·
428 1426 546 1465 laetati)
565 1428 611 1465 χό
632 1428 787 1456 delectati.
807 1441 848 1448 —·

220 1475 384 1513 refertum)
404 1485 438 1503 ου
460 1475 668 1513 imm-fectum.
689 1489 729 1496 ·—-
765 1472 984 1513 municipium)
1005 1474 1030 1503 C
1051 1475 1254 1512 manieipum.
1281 1488 1320 1494 —-
1358 1472 1441 1512 nam)
1469 1473 1517 1502 La
1543 1483 1611 1502 cum
1640 1471 1678 1510 gl.
1708 1480 1788 1504 non,
1815 1469 1861 1497 Le
1888 1480 1966 1505 non,
2000 1468 2040 1506 763

145 1533 230 1552 num.
256 1538 296 1543 —
333 1520 515 1559 maleuolos)
543 1523 578 1557 Β,
604 1522 642 1557 Ε,
668 1523 731 1558 Ma,
756 1523 823 1559 Mb,
849 1524 912 1558 Mc,
937 1522 994 1558 La,
1020 1522 1081 1558 Lb,
1107 1521 1164 1557 Le,
1192 1521 1232 1557 Ο,
1265 1521 1305 1557 G,
1331 1521 1394 1558 Br.,
1422 1526 1454 1550 et
1478 1522 1523 1551 F2
1544 1519 1724 1554 maliuolos5
1749 1517 1779 1544 D
1800 1517 1983 1545 maniuolos.
2002 1530 2040 1538 --

147 1569 246 1609 certo)
265 1571 328 1605 Ma,
347 1571 411 1604 Mc,
430 1568 492 1603 La,
513 1568 574 1605 Lb,
593 1569 659 1605 Le,
678 1570 720 1606 D,
741 1570 780 1606 O,
802 1570 842 1606 (ἦ
862 1571 924 1605 Br.,
944 1570 987 1610 H,
1009 1570 1048 1605 T,
1069 1574 1100 1597 et
1120 1570 1158 1607 χὸ
1186 1575 1274 1597 certe.
1293 1585 1332 1591 —-
1369 1568 1509 1609 suorum)
1530 1569 1581 1597 Sic
1605 1578 1645 1596 ex
1674 1565 1772 1603 coni.;
1801 1566 1827 1593 B
1855 1570 1886 1594 et
1910 1565 1938 1592 E
1966 1574 2039 1592 stoo-

145 1628 217 1647 rum
235 1619 443 1654 municipum,
463 1615 525 1643 nisi
546 1617 629 1654 quod
647 1618 672 1646 B
694 1620 901 1656 municipium
923 1617 1050 1654 scribit3
1073 1617 1131 1652 La,
1151 1616 1213 1652 Lb,
1233 1616 1291 1653 Le,
1311 1617 1353 1653 D,
1375 1627 1422 1655 ου,
1443 1628 1492 1657 χι,
1521 1623 1553 1646 et
1571 1624 1598 1655 ψ
1617 1615 1788 1653 hospitium
1804 1623 1940 1649 suorum,
1965 1611 2038 1641 Urs.

144 1665 306 1693 hominum
324 1675 469 1699 suornm;
490 1666 587 1694 ceteri
607 1666 767 1704 hospitam
785 1677 920 1695 suorum.
943 1679 981 1688 -·
1018 1664 1152 1700 honore)
1172 1665 1198 1692 B
1220 1675 1279 1693 om.
1297 1680 1337 1685 —

218 1710 247 1751 §.
267 1721 312 1740 20.
332 1711 502 1751 Habemus)
521 1713 546 1741 C
566 1713 778 1750 Haberemus,
800 1725 818 1746 ς
837 1714 1029 1742 Ilaheamzis.
1049 1728 1088 1735 ——
1125 1711 1199 1750 hoc)
1217 1713 1270 1741 Mc
1290 1712 1376 1742 liaeo.
1394 1727 1433 1735 —-
1472 1709 1590 1748 nostra)
1611 1721 1646 1740 ov
1668 1715 1785 1739 uestra.
1807 1723 1844 1729 —-
1865 1707 1951 1745 Quid
1971 1705 2041 1744 ego)

144 1762 187 1797 Pe
205 1765 238 1789 et
258 1760 286 1788 O
309 1761 392 1799 quod
407 1771 468 1799 ego.
487 1776 528 1782 —
567 1761 605 1789 (le
626 1761 723 1789 fratre
742 1761 824 1801 meo)
844 1762 893 1790 Lb
914 1762 994 1800 qnid
1012 1762 1049 1790 de
1059 1760 1171 1799 fratre
1201 1769 1275 1788 meO.
1294 1775 1335 1781 —
1372 1760 1437 1798 agri
1463 1769 1564 1799 prope
1592 1759 1692 1787 dicam
1718 1755 1792 1797 ipsi)
1818 1756 1845 1784 E
1875 1755 1950 1793 agri
1977 1752 2041 1790 ipsi

141 1820 239 1849 prope
258 1810 370 1838 (licam.
389 1823 429 1829 —
466 1808 661 1848 montesque)
689 1809 732 1837 Pa
751 1815 878 1838 montes.
898 1823 938 1831 —-

219 1855 316 1895 Num)
336 1857 378 1885 Pa
399 1867 476 1893 non,
497 1857 522 1885 C
542 1868 635 1885 nunc.
658 1871 696 1879 —-
735 1856 869 1897 quando)
890 1858 954 1893 jMa,
972 1857 1040 1894 Mb,
1058 1856 1145 1885 Uict.
1163 1867 1194 1892 a,
1214 1855 1275 1892 Lb,
1295 1854 1353 1893 Le,
1377 1856 1430 1892 Pa,
1449 1856 1492 1892 H,
1514 1855 1544 1891 S,
1570 1864 1597 1891 ς,
1617 1863 1637 1892 χ
1663 1851 1748 1892 (Sic),
1773 1857 1804 1881 (ἓῒ
1828 1851 1858 1880 G
1883 1849 1929 1889 (in
1955 1857 2039 1877 mar‘

146 1903 229 1943 gine)
248 1905 424 1942 aliquando.
444 1920 484 1926 --
513 1903 591 1944 filo)
610 1905 658 1934 La
680 1910 712 1934 et
733 1912 761 1944 ψ
781 1907 880 1934 illum.
899 1920 940 1925 —
976 1902 1135 1943 principe)
1161 1903 1209 1932 La
1230 1907 1420 1942 prinoipem.
1445 1918 1484 1925 —
1523 1902 1574 1930 Ti.
1603 1898 1813 1938 Coruncanio)
1841 1900 1895 1928 Ma
1923 1902 1955 1925 et
1981 1896 2038 1925 Mb

152 1954 186 1980 T.
207 1962 397 1988 coruncano,
415 1954 468 1981 Mc
490 1953 520 1982 C.
541 1955 741 1990 Corum-ano,
761 1954 808 1982 Lc
833 1953 880 1981 Ti.
902 1953 1142 1988 Corrunclzano,
1164 1952 1195 1980 D
1222 1954 1266 1981 Ti.
1289 1954 1484 1987 coruncano,
1506 1950 1541 1986 C,
1562 1949 1604 1986 H,
1625 1954 1656 1978 et
1677 1949 1696 1976 S
1724 1950 1770 1977 Ti.
1790 1950 1981 1977 Corma-ano.
2001 1958 2040 1964 —

147 1999 307 2037 municipe
330 1999 398 2039 suo)
417 2002 472 2029 Mb
492 2006 524 2029 et
542 2012 561 2034 ς
581 2012 649 2037 om,
668 2006 715 2029 set
732 2002 787 2030 Mb
809 2001 903 2029 habet
929 2001 963 2029 in
983 2011 1076 2039 marg.
1097 2005 1133 2030 ut
1158 1999 1332 2029 inserenda.
1358 2015 1399 2022 --
1436 1997 1573 2037 Fuluiis)
1600 1998 1651 2025 Sic
1672 1997 1700 2025 E
1729 1995 1849 2035 (fuluis
1877 1990 2039 2029 scribens),

148 2047 183 2084 C,
205 2047 248 2083 H,
268 2047 299 2082 S,
321 2046 359 2082 T,
379 2053 411 2076 et
430 2056 471 2086 ψ,
489 2050 513 2077 Β
534 2051 677 2086 Ρίιιίἰιιε,
696 2050 726 2077 D
742 2051 845 2087 filiis,
865 2048 962 2079 ceteri
983 2048 1101 2077 Fabiis.
1122 2063 1162 2069 —

221 2092 278 2132 At)
293 2094 319 2121 E
340 2095 398 2131 ad,
418 2095 468 2123 Lb
489 2099 564 2126 Aut.
583 2114 622 2120 —
660 2096 821 2137 incideris)
845 2097 872 2125 E
894 2096 1051 2124 inciderit.
1069 2111 1108 2118 —
1145 2093 1240 2134 nolis)
1260 2096 1299 2134 χ3
1327 2095 1424 2125 nohis.
1443 2111 1482 2120 --·
1519 2099 1622 2124 tamen
1650 2091 1722 2133 tibi)
1748 2092 1792 2121 Pa
1819 2091 1893 2126 tibi,
1919 2089 1950 2118 D
1980 2086 2038 2116 tibi

147 2149 261 2172 tamen„
281 2156 320 2162 --
354 2143 485 2171 fortasse
508 2145 600 2175 etiam
619 2146 656 2174 de
676 2147 766 2175 nobis
787 2144 923 2183 aliquid,
950 2143 1070 2181 aliquid
1097 2143 1151 2172 sed
1174 2148 1259 2172 certe
1287 2142 1337 2182 de)
1358 2144 1409 2172 Sic
1430 2145 1474 2181 B3
1492 2144 1519 2172 E
1533 2143 1674 2182 fortasse
1695 2142 1789 2168 etiam
1810 2139 1845 2166 cle
1865 2137 1951 2165 nohis
1971 2135 2038 2163 ali-

147 2191 231 2229 quid.
251 2190 307 2218 secl
322 2196 403 2218 certe
423 2192 471 2224 de,-
488 2199 514 2229 ψ
523 2193 664 2230 sortasse
686 2196 779 2222 etiam
800 2194 836 2222 de
858 2193 944 2221 nobis
964 2191 1098 2229 aliquid,
1118 2192 1245 2229 aliquid
1261 2197 1342 2220 certe
1363 2193 1420 2227 cle,·
1441 2202 1476 2230 χι
1491 2191 1634 2228 sortasse
1655 2190 1690 2217 cle
1710 2187 1798 2216 nobis
1818 2184 1951 2223 aliquid,
1973 2184 2039 2212 ali-

147 2239 227 2277 quid
251 2244 332 2266 certe
358 2239 394 2267 (le
421 2239 477 2278 (sic
496 2239 610 2269 habere
630 2248 657 2279 ψ
677 2248 707 2271 et
727 2252 762 2280 χι
794 2252 833 2270 ex
854 2240 980 2270 silentio
1002 2239 1049 2268 ed.
1071 2239 1133 2268 Ox.
1155 2238 1374 2277 conligendum
1394 2244 1457 2275 est,
1478 2247 1659 2276 quamquam
1678 2235 1757 2264 mihi
1776 2243 1862 2261 secus
1884 2229 2038 2268 uidetur);

145 2286 194 2315 Le
211 2286 347 2324 foy-lasse
369 2289 463 2314 etiam
486 2288 522 2316 de
541 2289 626 2316 nohis
648 2291 786 2327 aliquid,
805 2290 931 2328 aliquid
954 2294 983 2317 et
1003 2289 1060 2322 (le;
1079 2289 1138 2324 Pa,
1160 2287 1194 2323 C,
1214 2287 1257 2322 H,
1286 2287 1316 2323 S,
1337 2287 1375 2323 T,
1396 2292 1427 2315 et
1447 2287 1486 2325 χ5
1507 2286 1650 2324 fortasse
1677 2285 1773 2312 eliam
1799 2282 1835 2309 cle
1862 2280 1949 2309 nobis
1974 2280 2037 2308 ali-

147 2334 224 2372 quid
242 2338 271 2362 et
287 2334 343 2367 cle;
362 2335 425 2368 1Χ1ς,
446 2334 507 2370 Lb,
526 2340 558 2363 et
573 2335 601 2363 O
614 2336 755 2373 fortasse
770 2337 806 2364 cle
823 2336 909 2364 nobis
922 2337 1053 2374 aliquid,
1073 2336 1198 2374 aliquid
1217 2340 1246 2363 et
1261 2335 1297 2363 (le
1305 2345 1318 2369 ,⁸
1338 2334 1434 2363 ceteri
1445 2334 1586 2372 sortasse
1600 2333 1636 2361 de
1651 2331 1737 2360 nobis
1752 2329 1878 2367 aliquid
1897 2334 1926 2357 et
1945 2328 2036 2356 cle.—

149 2381 196 2420 C.)
215 2381 272 2409 Mb
294 2381 349 2416 G.,
368 2381 398 2407 D
416 2393 481 2419 gn..
499 2398 538 2403 --
576 2382 696 2419 habuit)
716 2393 751 2412 ου
769 2382 924 2412 habuerit.
944 2399 984 2406 -·
1022 2382 1068 2422 tu)
1088 2384 1131 2412 Pa
1150 2389 1226 2411 tum.
1246 2398 1286 2403 —
1323 2380 1516 2420 hominibus)
1535 2381 1559 2409 C
1577 2379 1727 2407 omnihus.
1746 2391 1784 2398 —

223 2428 253 2468 §.
271 2438 316 2457 21.
335 2428 473 2467 Deinde)
492 2439 528 2457 ου
549 2431 702 2468 Denique.
722 2446 761 2452 —-
798 2429 992 2470 Atinatibus)
1016 2433 1070 2460 Mc
1090 2430 1307 2468 arpinatibus,
1335 2431 1366 2458 D
1391 2428 1599 2462 actinatibus,
1626 2427 1651 2455 C
1671 2424 1878 2454 Attinatibus.
1898 2438 1936 2447 —-
1972 2422 2036 2451 1111-

145 2474 206 2515 ius)
224 2476 272 2504 La
293 2480 325 2504 et
345 2483 370 2514 ψ
389 2476 583 2513 huiusmodi,
604 2480 656 2507 'Mc
675 2478 771 2506 liuius
790 2473 860 2506 ηιοῖ.
879 2492 919 2498 -
956 2478 1001 2507 sic
1019 2477 1067 2517 ut)
1085 2479 1113 2506 E
1133 2480 1224 2507 sicut.
1242 2493 1281 2500 —
1299 2477 1534 2507 multitudinem
1552 2471 1680 2513 uidetis)
1699 2472 1776 2501 Inde
1796 2482 1813 2501 a
1831 2472 1930 2501 uerbo
1951 2472 2036 2500 mul-

1598 2522 1659 2554 14*
