2185 2720
913 159 952 189 L.
979 158 1020 188 11.
1066 158 1101 187 C.
1128 156 1168 186 ΙΙ.
1969 156 2048 186 LXI

242 239 289 267 Τιι
309 238 431 276 deligas
450 247 487 266 ex
506 238 590 265 omni
605 235 722 274 populo
742 240 799 263 aut
817 235 935 263 amicos
953 239 1041 268 tuos,
1061 237 1119 261 aut
1138 232 1282 260 inimicos
1301 241 1398 267 meos,
1426 237 1483 261 aue
1504 232 1634 271 denique
1655 227 1719 266 eos,
1740 239 1815 269 quos
1834 231 2045 270 inexorabilis,

161 295 239 324 qnos
257 285 455 321 inhumanos,
474 295 549 323 quos
568 283 703 312 erudelis
722 281 914 311 existumas?
937 281 992 309 Τιι
1010 289 1065 307 me
1084 280 1254 316 ignaro,
1283 281 1578 316 ncmopinante,
1603 279 1737 307 inscio
1756 283 1870 306 notes
1891 285 1926 307 et
1944 285 2047 315 tuos,

162 339 199 360 et
218 338 381 361 tuorum
401 333 679 366 necessario-e,
698 330 766 358 uel
783 331 952 368 iniquos
971 326 1040 356 uel
1056 336 1176 360 meos,
1196 327 1264 354 uel
1281 328 1403 354 etiam
1423 327 1676 364 defensorum
1695 334 1884 360 meor1t7n;
1903 328 2046 355 eodem-

162 389 236 417 que
261 381 486 418 adiungas,
520 389 617 417 quos
649 382 806 405 natura
831 382 953 414 putes
980 383 1150 411 asperos
1184 379 1308 411 atque
1335 372 1520 401 omnihus
1547 372 1737 410 iniquos?
1769 373 1880 402 deinde
1905 373 2050 412 effundas

163 433 303 463 repente,
324 433 360 455 ut
378 433 452 455 ante
471 436 644 461 consessum
663 435 798 453 meorum
817 425 958 453 iudicum
977 421 1119 454 uideam,
1140 429 1235 458 quam
1248 422 1416 458 potuerim,
1439 422 1494 458 qui
1513 426 1612 449 essent
1634 420 1756 458 ficturl,
1776 422 1934 458 suspicari
1938 431 1951 455 ,·
1970 427 2049 459 aput

165 483 273 511 ‹to-sque
292 484 339 502 me
357 489 397 495 —
415 484 509 511 cogas
527 482 674 501 caussam
692 472 730 501 de
740 472 888 510 fortunis
905 468 1047 499 erunibus
1067 467 1196 496 dicere?

240 521 345 559 Atque
364 520 408 549 ita
426 520 478 549 1110
497 520 584 548 locus
604 519 637 548 in
658 519 802 547 omnibus
822 517 983 546 codicibus
1003 516 1139 554 scriptus
1160 520 1261 551 extat3
1281 525 1350 543 nam
1372 514 1431 543 etsi
1450 514 1484 542 in
1505 515 1696 553 quorundam
1713 516 1881 545 uerborum
1898 515 2050 555 scriptura

166 567 286 605 aliquot
305 567 426 596 codices
445 578 463 596 a
481 577 515 596 se
535 567 728 606 discrepant,
754 571 857 595 tamen
881 574 947 593 non
966 564 1047 593 tanti
1075 573 1110 592 ea
1129 562 1385 601 discrepantiast,
1413 566 1450 590 ut
1469 561 1507 590 ad
1526 562 1576 599 id,
1605 563 1644 591 de
1663 573 1724 602 quo
1745 563 1860 601 agitur,
1889 563 2050 602 quicquam

167 613 316 644 momenti
335 613 454 643 habeat.

240 662 321 690 Puto
340 666 443 690 autem
462 662 559 690 uerba
583 662 630 690 Τιι
649 672 697 690 me
715 663 828 699 ignaro
847 675 886 682 -
904 660 1046 689 omnibns
1065 660 1186 698 iniquos
1214 658 1251 687 ab
1272 657 1372 686 aliena
1391 667 1483 685 manu
1511 656 1614 685 addita
1641 667 1715 686 esse.
1755 656 1851 686 Cuius
1877 657 2051 686 sententiae

165 718 250 738 meac
269 708 369 747 prima
388 708 464 737 11300
485 714 532 737 est
552 719 672 745 caussa,
692 708 776 747 quod
795 708 892 738 uerba
910 708 966 737 illa
984 707 1077 746 plane
1096 706 1225 735 eandem
1252 705 1417 733 continent
1444 704 1647 740 sententiam,
1676 714 1754 743 quae
1774 703 1879 732 uerbis
1903 705 1951 732 Τιι
1971 705 2052 733 cleli-

162 766 223 793 ἕως
240 771 280 777 -
299 759 461 785 exi-slantes
481 761 513 785 et
532 756 643 788 ‹lc-inde
662 756 810 795 efficnclas
823 771 863 777 —
880 757 1038 794 suspicari
1055 755 1176 791 subest3
1197 753 1310 789 altera,
1331 752 1415 791 quod
1433 751 1523 780 istius
1543 752 1715 780 sententiae
1732 751 1882 790 repetitio
1903 751 1939 779 ab
1959 751 2053 779 huius

166 802 230 830 loci
248 803 370 832 ratione
389 804 632 840 alicnissumast3
667 803 760 832 tertia
786 802 920 841 denique
947 801 1031 840 quod
1049 801 1183 840 repetita
1209 801 1270 829 ista
1288 799 1444 828 sententia
1463 808 1500 826 eo
1520 798 1612 827 modo
1633 798 1742 838 eisque
1760 798 1866 827 uerbis
1887 798 2054 833 enuntiata,

166 854 203 878 ut
221 850 318 878 multa
337 850 451 887 insint,
470 861 547 890 (11130
567 861 584 879 3
604 849 693 878 Tulli
712 850 838 888 ingenio
859 850 986 888 eiusque
1006 849 1156 887 loquendi
1175 857 1287 887 genere
1307 846 1504 875 abhorreant.

242 896 335 926 Nihil
354 898 432 927 aliut
451 898 556 927 uerbis
580 898 627 925 Τιι
646 907 693 924 me
712 899 826 936 ignaro
845 912 883 918 —
902 896 1044 925 omnibus
1063 897 1186 934 iniquos
1206 894 1286 930 dici,
1314 904 1404 932 (1113111
1424 893 1507 932 (111οᾶ
1525 894 1780 924 antecedentibus
1801 903 1835 923 ac
1855 894 2056 934 sequentibus

170 945 385 981 contineatur,
410 945 503 974 facilc
523 943 687 972 intellectu
694 955 703 981 5
733 945 865 973 uerbum
885 944 970 972 enim
990 948 1092 977 notes,
1128 942 1186 970 etsi
1205 942 1296 970 aliam
1314 941 1444 980 proprie
1464 952 1554 979 quam
1574 943 1730 981 deligendi
1748 943 1880 971 uerbum
1900 942 2056 981 significa-

170 992 289 1021 tionem
309 992 419 1028 habet,
445 998 548 1021 tamen
567 991 650 1019 idem
677 999 759 1019 nunc
787 991 964 1029 sig-nificare
990 989 1104 1018 debere
1129 994 1238 1028 atque,
1268 989 1351 1028 quod
1375 988 1562 1028 praecessit,
1589 990 1728 1028 deligas,
1756 990 1839 1018 infra
1863 989 2058 1026 uidebimus3

170 1049 272 1078 neque
289 1040 386 1068 uerba
405 1051 451 1069 me
469 1042 600 1078 ignaro,
628 1041 851 1076 nec-opinante,
879 1039 978 1066 inscio
997 1036 1132 1075 aliquam
1152 1037 1338 1065 sententiam
1358 1037 1537 1073 continent,
1558 1048 1635 1076 quae
1655 1037 1768 1066 omisso
1788 1037 1945 1073 membro,
1975 1037 2059 1075 quod

170 1087 312 1125 spurium
332 1086 453 1123 iudico,
481 1097 546 1115 non
565 1086 606 1114 sit
625 1095 643 1113 a
662 1085 772 1114 Tullio
791 1085 947 1123 indicata3
972 1084 1055 1113 idem
1075 1084 1159 1113 enim
1178 1085 1380 1123 sequentibus
1401 1085 1512 1112 deinde
1541 1084 1688 1123 effundas
1706 1100 1743 1108 --
1761 1087 1919 1123 suspicari
1937 1084 2060 1122 signifi-

125 1160 129 1163 ,
171 1133 237 1162 cari
262 1138 356 1172 patet.
393 1133 529 1172 Reliqua
560 1133 658 1161 uerba
690 1133 772 1172 idem
807 1143 938 1172 prorsus
965 1136 1078 1161 sonant
1103 1137 1136 1161 et
1162 1132 1340 1170 significant
1365 1137 1458 1169 atque
1485 1141 1536 1166 03,
1573 1137 1650 1170 qnae
1675 1143 1828 1171 proxmne
1855 1132 2058 1170 praecedunt.

245 1181 387 1210 Miuume
401 1191 477 1209 uero
493 1180 590 1209 uerba
604 1180 668 1216 illa,
688 1180 715 1208 si
730 1181 847 1209 nullam
867 1180 957 1209 aliam
975 1179 1128 1208 haberent
1143 1180 1354 1216 offensionem,
1370 1179 1470 1207 solum
1485 1184 1652 1217 propterea
1665 1190 1723 1219 pro
1743 1178 1889 1209 insiticiis
1903 1178 2060 1215 haberem,

170 1228 256 1267 quod
266 1228 393 1257 eandem
412 1238 481 1257 cum
500 1227 702 1266 sequentibus
720 1233 752 1256 et
774 1227 1031 1257 antecedentibus
1050 1227 1237 1256 sententiam
1255 1228 1428 1256 continent.
1457 1226 1560 1255 Multa
1584 1228 1667 1255 enim
1686 1236 1909 1266 saepenumero
1927 1237 1996 1255 cum
2022 1226 2060 1254 ab

172 1275 316 1304 omnibus
336 1275 541 1314 scriptoribus
561 1280 627 1303 tum
647 1285 788 1304 maxume
808 1287 826 1304 a
849 1276 1004 1305 Cicerone
1024 1274 1120 1302 uerba
1139 1276 1348 1311 cumulantur,
1368 1283 1445 1312 quae
1464 1283 1557 1302 unam
1578 1279 1609 1302 et
1628 1275 1756 1302 eandem
1775 1274 1841 1303 uim
1861 1274 1896 1301 in
1919 1283 1985 1301 sese
2005 1273 2063 1301 ha-

170 1323 255 1352 bent.
275 1322 435 1361 Conplura
454 1322 629 1352 istiusmodi
645 1323 787 1362 exempla
802 1334 843 1353 ex
864 1323 1060 1352 orationibus
1079 1323 1145 1351 eius
1165 1331 1370 1361 maxumeque
1388 1331 1429 1349 ex
1445 1320 1612 1349 Pisoniana
1632 1327 1663 1350 et
1680 1321 1874 1350 Catilium-iis
1894 1320 2018 1356 adferri,
2037 1320 2064 1348 si

170 1381 249 1410 opus
269 1375 359 1406 esset,
381 1375 517 1408 possent,
539 1370 593 1398 Sct
607 1375 654 1398 est
669 1371 808 1399 omnium
821 1372 964 1400 locorum
980 1370 1107 1398 illorum
1123 1371 1216 1408 longe
1232 1370 1292 1398 alia
1309 1379 1399 1408 quam
1414 1367 1506 1395 huius
1523 1368 1586 1396 loci
1605 1369 1696 1397 ratio.
1724 1369 1816 1397 Cadit
1833 1368 1917 1396 enim
1933 1368 1967 1396 in
1981 1368 2064 1403 illos,

174 1418 259 1458 quod
273 1418 310 1447 ab
319 1417 473 1446 A.Gellio
488 1416 680 1453 N.A.XIII‚
698 1418 745 1446 24.
765 1418 832 1446 siue
852 1417 958 1456 potius
978 1417 1162 1446 aFauorino
1182 1424 1268 1447 recte
1287 1417 1477 1446 monitumst.
1516 1416 1578 1444 Hic
1598 1416 1680 1444 nihil
1700 1416 1778 1444 aliut
1797 1421 1925 1454 apparet
1935 1416 2067 1444 Cicero-

174 1475 248 1494 nem
267 1475 373 1504 agere,
402 1475 491 1503 quam
510 1469 547 1493 ut
566 1464 724 1501 ostendat,
750 1475 898 1494 summam
924 1464 1041 1493 habere
1067 1466 1269 1494 acerbitatem
1296 1474 1364 1493 eam
1390 1463 1529 1491 iudicum
1557 1463 1746 1500 editionem,
1775 1474 1865 1501 (1113111
1884 1462 2066 1490 Laterensis

177 1512 298 1541 fecerit.
337 1513 373 1540 Id
393 1523 462 1541 cim]
483 1512 627 1551 exemplo
647 1509 674 1550 ᾗ.
692 1512 739 1540 40.
758 1513 887 1551 planum
906 1513 1009 1541 facere
1028 1513 1184 1549 instituit,
1212 1522 1303 1540 nemo
1324 1521 1388 1539 non
1406 1510 1576 1540 ridiculum
1596 1520 1662 1540 esse
1681 1510 1831 1539 concedat
1849 1514 2019 1545 necessest,
2040 1509 2066 1537 si

177 1560 212 1588 in
232 1560 417 1598 exponendo
439 1570 492 1596 eo,
519 1559 575 1587 ubi
595 1558 731 1586 111-0111135
752 1560 878 1589 dicendi
899 1561 1039 1589 omnium
1058 1570 1200 1589 maxume
1227 1558 1400 1597 requiritur
1429 1563 1460 1587 et
1486 1558 1524 1586 ad
1545 1557 1793 1597 persuadendum
1812 1557 2067 1587 accommodatis-

177 1612 309 1644 sunum,
329 1607 426 1636 uerba
445 1606 601 1636 inutiliter
621 1606 758 1636 cumulet
777 1608 968 1646 eandemque
988 1608 1173 1636 sententiam
1192 1607 1240 1635 bis
1261 1607 1352 1635 dicat.

253 1655 400 1693 Denique
420 1655 453 1682 111
474 1655 541 1693 ipso
561 1654 617 1681 illo
638 1655 777 1684 membro
798 1657 900 1684 inesse
921 1654 1086 1691 contendo,
1106 1665 1183 1693 quae
1203 1655 1258 1682 aT
1263 1654 1321 1682 ulli
1342 1653 1466 1692 ingenio
1487 1653 1615 1692 eiusque
1640 1654 1789 1693 loquendi
1815 1663 1926 1692 genere
1953 1653 2068 1681 abhor-

179 1708 278 1734 reant.
316 1703 364 1731 Ac
384 1702 518 1740 primum
539 1701 664 1739 quidem
684 1696 822 1740 magnast
842 1703 970 1732 offensio
992 1702 1025 1730 in
1045 1703 1150 1731 uerbis
1171 1713 1218 1731 me
1237 1705 1366 1740 ignaro,
1402 1703 1626 1739 necopinante‚
1651 1703 1766 1737 inscio,
1797 1711 1886 1739 quam
1906 1705 2070 1729 sensenmt

180 1752 242 1781 iam
260 1750 408 1780 nonnulli
428 1749 601 1784 editorum,
623 1758 663 1777 ex
682 1750 795 1788 quibus
817 1750 1005 1779 Garatonius
1026 1749 1103 1778 haec
1122 1750 1161 1778 ad
1179 1750 1263 1778 hunc
1283 1749 1386 1777 locum
1406 1750 1544 1777 monuit:

257 1798 350 1835 „Non
371 1797 498 1832 dubito,
519 1796 595 1834 quin
616 1806 655 1824 ex
675 1798 783 1836 probis
804 1799 965 1827 codicibus
987 1797 1162 1835 Naugerius
1184 1797 1306 1825 dederit
1325 1798 1436 1832 inscio,
1457 1797 1540 1834 quod
1558 1797 1592 1825 in
1612 1796 1681 1825 aliis
1702 1796 1793 1825 etiam
1814 1800 1860 1824 est
1880 1795 1965 1823 illius
1985 1800 2069 1823 aeta-

180 1848 240 1883 tis,
266 1855 383 1885 egoque
403 1846 479 1874 adeo
499 1843 626 1882 repperi
647 1844 680 1871 111
706 1845 813 1883 priore
834 1846 958 1874 Ueneta
978 1851 1009 1874 et
1028 1844 1062 1872 111
1083 1845 1150 1873 00(1.
1172 1844 1362 1879 Barberino,
1382 1848 1429 1871 set
1449 1844 1481 1871 in
1501 1843 1560 1872 1100
1581 1855 1597 1872 3
1617 1854 1708 1872 11131111
1728 1843 1880 1879 secunda,
1900 1847 1931 1870 et
1951 1852 2071 1871 erasum

182 1896 265 1923 forte
283 1894 345 1923 fuit
363 1893 436 1921 illut
456 1895 490 1921 in.
510 1893 606 1923 sicco,
633 1892 716 1929 quod
737 1902 807 1920 011111
827 1898 875 1921 tot
893 1893 985 1921 libris
1004 1903 1062 1931 pro
1084 1894 1181 1921 inscio
1202 1892 1331 1920 exhibet
1352 1891 1447 1919 editio
1468 1891 1775 1927 MCDLXXXIII„
1803 1891 1893 1919 Rom.
1914 1891 2072 1929 princeps,

184 1947 217 1971 et
235 1941 335 1970 codex
352 1951 455 1977 meus;
483 1938 627 1977 quodque
647 1939 723 1967 adeo
745 1940 918 1968 Sabellicus
940 1940 1045 1979 (Tom.
1066 1939 1089 1967 I.
1112 1940 1182 1968 Fac.
1204 1940 1281 1968 Crit.
1304 1939 1395 1967 Grut.
1417 1948 1446 1976 p.
1471 1937 1545 1976 186.)
1565 1938 1746 1966 mendosum
1774 1947 1839 1965 csse
1860 1938 2071 1972 intellexerat,

186 1988 366 2024 emendans,
393 1993 430 2016 ut
457 1987 577 2022 editur,
605 1988 735 2015 inscio.“
774 1988 860 2016 Idem
887 1987 919 2014 in
950 1987 1023 2015 Cur.
1053 1987 1203 2016 Secundis
1231 1986 1370 2025 scripsit:
1396 1985 1553 2021 „Thomas
1574 1985 1793 2024 W'opkensius
1822 1984 1859 2012 ad
1887 1984 1988 2012 Tacit.
2015 1983 2072 2012 III.

185 2036 298 2065 Annal.
317 2036 345 2064 4.
370 2035 403 2063 in
423 2035 513 2063 Actis
534 2034 670 2062 Traiect.
692 2034 731 2062 T.
752 2034 792 2063 ΙΙ.
818 2045 878 2073 pro
899 2037 998 2063 inscio
1018 2035 1216 2063 scribendum
1236 2039 1341 2062 censet
1361 2035 1478 2067 ιἠιιὶίο,
1505 2033 1670 2071 locumque
1689 2033 1808 2061 indicat
1827 2042 1885 2071 pro
1907 2031 1994 2059 Sulla
2016 2040 2074 2069 19.z

187 2085 390 2121 necopinante
410 2083 543 2117 Fausto,
570 2092 641 2110 cum
669 2082 722 2110 ille
749 2092 848 2120 neque
874 2084 968 2111 sciret
993 2093 1090 2120 neque
1117 2083 1225 2119 uellet,
1252 2082 1387 2120 familia
1413 2086 1625 2118 conparatast.
1664 2080 1750 2108 Idem
1776 2080 1810 2107 in
1829 2084 1965 2108 mentem
1985 2078 2074 2106 uenit

185 2131 330 2160 Ernesto.
369 2129 482 2158 Recte:
503 2139 573 2157 nam
592 2131 711 2157 inscius
730 2130 768 2157 ab
789 2130 896 2167 ignaro
923 2139 990 2158 non
1016 2129 1126 2157 differt.
1165 2130 1282 2158 Menda
1307 2135 1410 2158 tamen
1437 2127 1580 2156 codicum
1607 2127 1710 2155 omnia
1735 2137 1793 2166 pro
1821 2129 1919 2155 inscio
1945 2125 2074 2161 sachun,

187 2178 271 2217 quod
291 2177 405 2206 diserte
424 2176 459 2204 iu
477 2176 628 2204 Bauarico
650 2178 765 2205 extatf‘

262 2223 468 2262 Pantagathus
494 2233 551 2261 pro
580 2224 678 2251 inscio
706 2224 843 2253 coniecit
870 2219 913 2254 ἐπ’
937 2231 1069 2257 secreto,
1104 2224 1269 2253 Schutzius
1296 2223 1450 2262 probante
1479 2221 1601 2250 Orellio
1630 2224 1666 2250 in
1691 2224 1773 2250 sinu.
1821 2222 1921 2258 Quam
1947 2219 2076 2248 Schutzi

151 2292 154 2293 ν
189 2273 401 2304 oeniecturam
420 2275 505 2299 recte
524 2269 639 2298 Bakius
658 2271 786 2308 reiecit,
807 2283 952 2301 monens:
972 2273 1062 2309 „Hoc
1082 2277 1273 2310 postremum
1294 2270 1342 2310 (in
1360 2269 1446 2310 sina)
1466 2269 1597 2298 mirifice
1616 2269 1719 2308 placet
1740 2268 1881 2304 Orellio,
1900 2267 1979 2296 mihi
2000 2277 2076 2295 con-

188 2320 328 2351 mandari
347 2319 434 2348 nullo
455 2318 546 2346 modo
566 2316 693 2346 uidetur
712 2319 798 2355 1000,
826 2330 918 2358 quem
937 2320 1066 2355 adtulit,
1096 2319 1190 2347 Uerr.
1210 2319 1241 2354 Ι,
1271 2328 1313 2347 10.
1343 2318 1473 2358 (neque,
1500 2328 1591 2356 quem
1610 2317 1753 2356 proferre
1771 2320 1931 2354 potuerat,
1952 2315 2076 2344 cluent.

191 2368 238 2397 66.
259 2367 287 2408 §.
309 2365 385 2405 186.)
412 2366 468 2395 ubi
495 2377 509 2394 e
529 2367 676 2401 sinzasuo
698 2370 745 2393 est
764 2376 804 2394 ex
824 2366 953 2395 intumis
973 2367 1055 2402 suis,
1091 2372 1199 2404 estque
1220 2375 1289 2394 cum
1310 2365 1435 2394 sceleris
1463 2366 1639 2404 suspicione
1660 2364 1826 2392 coniuncta
1846 2363 1983 2392 locutio:
2008 2371 2079 2389 nam

191 2416 237 2444 ita
254 2414 286 2443 h.
305 2414 327 2443 l.
347 2414 395 2442 bis
415 2414 497 2442 idem
517 2412 691 2448 diceretur,
712 2423 755 2451 sq.
777 2419 806 2441 et
826 2419 894 2441 tuos
914 2420 944 2442 et
963 2420 1087 2442 tuorum
1107 2415 1315 2447 necessarios;
1334 2413 1494 2451 multoque
1513 2412 1614 2440 minus
1635 2411 1704 2440 loco
1725 2411 1762 2440 ad
1782 2411 1891 2449 Quint.
1911 2410 1949 2439 fr.
1970 2409 2011 2444 II,
2033 2409 2078 2437 13.

194 2461 276 2499 init„
293 2461 351 2491 ubi
370 2463 405 2490 in
423 2463 496 2491 εἰηιι
517 2466 562 2490 est
582 2460 602 2489 i.
623 2469 650 2499 q.
671 2459 854 2490 carissumus
874 2465 930 2490 est.
970 2461 1114 2490 Fortasse
1134 2471 1243 2491 uerum
1263 2466 1311 2491 est
1330 2461 1447 2490 iudicio
1466 2465 1568 2497 notes,
1588 2458 1608 2488 i.
1630 2468 1655 2487 e.
1674 2459 1782 2498 prouti
1801 2463 1836 2488 tu
1861 2456 2079 2489 iudicaueris.“
