2185 2720
130 159 149 187 (3
658 148 701 177 M.
744 147 910 177 TULLI
942 146 1232 179 CICERONIS
1267 145 1473 175 ORATIO

131 231 208 260 Nou
228 232 278 258 est
299 225 392 258 enim
414 224 592 257 consilium
615 224 649 256 in
671 225 793 267 uolgo,
816 236 886 256 non
908 224 1006 262 ratio,
1029 235 1099 255 non
1123 221 1315 261 discrimen,
1339 232 1409 252 non
1433 219 1624 262 diligentia3
1648 233 1850 265 semperque
1871 220 2008 265 sapien-

131 288 180 313 tes
205 292 259 318 ea,
285 291 368 322 quae
390 277 537 321 populus
561 277 708 317 fecisset,
740 277 897 316 serenda,
927 288 996 307 non
1020 287 1154 318 semper
1175 273 1343 306 laudanda
1371 273 1555 304 duxerunt.
1602 273 1717 314 Quare
1748 286 1824 306 cum
1852 281 1885 307 te
1915 273 2009 306 aedi-

88 340 122 366 10
132 334 200 365 lem
222 332 297 364 fieri
322 330 511 374 oportuisse
534 329 636 369 dicis,
659 330 779 373 populi
802 331 952 372 culpam,
983 340 1052 359 non
1077 327 1296 369 conpetitoris
1320 337 1480 357 accussas.
1525 326 1573 358 Ut
1596 324 1700 356 fueris
1723 325 1876 368 dignior,
1908 337 2008 369 quam

132 385 308 418 Plancius:
338 384 379 414 de
413 395 480 425 quo
507 382 581 426 ipso
614 389 725 414 tecum
758 383 804 413 ita
831 381 1031 413 contendam
1061 381 1162 422 paulo
1194 385 1288 422 post,
1320 385 1358 410 ut
1381 389 1577 410 conseruem
1606 378 1805 420 dignitatem
1827 385 1935 411 tuam:
1959 383 2010 410 set

131 446 171 471 ut
193 438 296 470 fueris
321 436 472 478 dignior,
495 447 563 467 non
587 435 794 478 conpetitor,
825 447 843 466 a
862 447 928 476 quo
953 446 986 466 es
1012 433 1138 472 uictus,
1168 438 1218 464 set
1241 432 1407 474 populus,
1439 443 1458 462 a
1481 443 1546 473 quo
1571 443 1604 463 es
1628 431 1850 474 praeteritus,
1880 430 1916 461 in
1937 431 2011 461 cul-

132 498 216 537 past.
262 492 301 522 Iu
324 502 390 533 quo
413 489 566 533 primum
592 489 671 519 illut
701 487 801 518 debes
827 494 966 529 putare,
996 486 1157 524 comitiis,
1189 484 1391 528 praesertim
1419 483 1581 515 aediliciis
1611 484 1762 516 studium
1786 494 1857 515 esse
1878 482 2011 525 populi,

133 557 202 577 non
224 543 409 581 iudicium3
438 541 608 573 eblandita
632 541 706 578 illa,
738 551 807 571 nou
837 540 1007 571 enucleata
1040 550 1110 570 esse
1139 538 1314 580 suss‘ragia3
1341 549 1416 577 eos,
1453 536 1512 579 qui
1542 537 1741 580 suffragium
1771 537 1899 575 ferant,
1929 533 2013 577 quid

134 598 255 640 cuique
277 596 343 641 ipsi
366 595 526 634 debeant,
550 594 764 626 considerare
787 593 938 636 saepius,
963 604 1063 635 quam
1087 590 1167 633 quid
1193 591 1314 633 cuique
1336 602 1355 621 a
1377 601 1415 621 re
1438 589 1573 632 publica
1596 589 1753 621 uideatur
1778 589 1906 620 deberi.
1952 587 2014 619 Sin

93 658 248 684 flantem
271 649 377 683 mauis
402 660 471 680 esse
500 647 682 685 iudicium,
714 657 783 676 non
809 645 872 676 tibi
899 645 934 683 id
960 643 1267 681 rescindendumst,
1295 649 1345 675 set
1367 642 1558 673 ferendum.
1602 643 1693 674 Male
1716 642 1879 674 iudicauit
1899 652 2014 684 popu-

133 706 204 737 lus:
228 710 261 735 at
280 701 453 741 iudicauit.
498 702 579 732 Non
602 698 734 730 debuit:
759 704 792 729 at
814 697 937 740 potuit.
983 699 1062 730 Non
1086 696 1176 728 fero:
1201 703 1234 727 at
1257 696 1356 727 multi
1379 695 1567 727 clarissumi
1591 701 1624 726 et
1646 694 1896 737 sapientissumi
1923 694 2013 725 ciues

133 757 297 789 tulerunt.
341 755 402 786 Est
424 753 515 785 enim
538 753 619 784 haec
642 750 795 782 condicio
821 750 1008 781 liberorum
1032 750 1259 793 populorum,
1297 749 1546 791 praecipueque
1581 748 1680 780 huius
1708 747 1871 790 principis
1892 744 2015 790 populi

135 817 168 841 et
194 809 347 841 omnium
370 806 522 849 gentium
546 803 675 836 domiui
698 809 799 845 atque
829 802 990 842 uictoris,
1022 814 1119 845 posse
1152 801 1319 843 suffragiis
1349 803 1405 833 uel
1429 802 1509 832 dare
1536 801 1592 832 uel
1617 800 1794 832 detrahere
1818 799 1908 841 quod
1930 797 2017 830 uelit

134 861 275 903 cuique3
298 866 454 891 nostrum
478 865 527 890 est
550 864 674 895 autem,
698 861 864 893 nostrum,
890 855 948 896 qui
971 854 1006 885 in
1030 854 1091 884 hac
1114 860 1314 896 tempestate
1336 854 1457 897 populi
1481 854 1644 885 iactemur
1667 864 1704 883 ac
1725 852 1898 892 fluctibus,
1922 851 2014 883 ferre

134 913 267 946 modice
290 912 409 956 populi
433 912 642 949 uoluntates,
666 908 811 940 adlicere
834 907 975 945 alienas,
999 905 1147 937 retinere
1169 913 1298 948 partas,
1323 908 1457 950 placare
1479 907 1648 944 turbatas3
1680 906 1828 938 honores
1850 904 1880 937 si
1900 903 2016 948 magni

133 978 203 998 nou
225 971 402 1009 putemus,
426 976 493 996 non
515 963 644 996 seruire
667 961 815 1005 popu103
839 960 891 991 siu
914 971 970 991 eos
993 964 1209 1002 expetamus,
1232 971 1300 991 non
1324 959 1502 1002 defetigari
1526 958 1762 1002 supplicando.

210 1131 257 1154 est
276 1125 375 1161 enim)
395 1125 425 1152 D
447 1127 529 1153 enim
549 1130 600 1153 est.
620 1139 657 1146 ·-
678 1124 855 1162 diligentia)
876 1124 921 1162 χ3
941 1123 1123 1161 diligentia:
1144 1133 1205 1151 non
1229 1124 1457 1161 opportunitas.
1476 1137 1514 1145 -
1535 1122 1728 1160 semperque)
1748 1120 1797 1149 Lb
1819 1126 1850 1151 et
1869 1130 1889 1159 χ
1902 1129 1916 1149 1
1936 1129 2016 1149 sem-

130 1185 196 1212 per.
215 1188 253 1195 —
279 1172 448 1209 duxerunt)
476 1173 519 1208 B,
538 1173 583 1207 E,
603 1173 672 1206 Ma,
693 1172 764 1207 Mb,
786 1174 855 1207 Mc,
876 1172 937 1207 La,
958 1172 1025 1206 Lb,
1047 1171 1109 1207 Lc,
1130 1171 1193 1206 Pb,
1214 1171 1272 1206 Pc,
1291 1170 1340 1207 D,
1361 1170 1407 1207 O,
1428 1170 1469 1206 C,
1489 1170 1536 1206 H,
1558 1170 1603 1206 T,
1624 1179 1676 1205 ου,
1697 1177 1732 1205 ς’,
1753 1179 1815 1208 χι,
1834 1167 1868 1204 3,
1888 1174 1931 1205 ψ,
1950 1166 2016 1202 ΕΙ,

135 1226 166 1249 et
185 1229 219 1256 2,
240 1221 396 1256 ‹lis-erunt,
417 1225 463 1248 set
484 1220 516 1248 in
537 1220 586 1247 Lb
607 1219 737 1256 margini
759 1219 946 1258 adscriptum
967 1219 1132 1247 (luxerunt.
1152 1233 1190 1239 -

210 1283 315 1320 Quare
334 1298 372 1305 —
391 1283 529 1319 accusas)
551 1292 586 1311 ου
607 1292 665 1310 0111.
685 1296 724 1302 ·--
745 1281 838 1318 dicis)
859 1282 885 1309 E
907 1282 994 1310 dicit.
1013 1297 1050 1304 —-
1072 1281 1206 1319 accusas)
1229 1282 1253 1310 C
1274 1291 1406 1318 accusa,
1426 1293 1444 1314 ς
1465 1292 1594 1310 causam
1613 1290 1752 1309 accusas.
1770 1294 1811 1301 —

209 1354 236 1395 §.
260 1365 302 1384 10.
341 1355 403 1393 Ut)
424 1356 475 1383 Sic
495 1356 537 1391 B,
557 1356 600 1391 E,
621 1356 679 1391 Pa,
700 1355 760 1390 ΡΙ),
781 1355 840 1390 Pc,
861 1359 892 1382 et
912 1354 972 1382 duo
993 1354 1139 1390 Lallcm.;
1161 1355 1257 1383 ceteri
1277 1355 1331 1383 Al.
1351 1371 1389 1377 —
1409 1354 1518 1387 fueris)
1537 1354 1586 1382 Lb
1608 1355 1636 1381 si
1647 1353 1778 1391 sitisses.
1798 1366 1837 1374 --
1855 1351 1943 1390 ipso)
1964 1348 2016 1377 Sic

134 1404 178 1440 E3
198 1405 222 1432 B
243 1406 329 1442 ipse;
349 1403 445 1431 ceteri
467 1414 525 1431 oni.
545 1417 582 1425 —-
603 1408 703 1431 tecum
724 1402 785 1438 ita)
807 1402 857 1430 Sic
878 1402 902 1429 B
924 1407 955 1430 et
973 1401 1019 1439 Ε,
1039 1401 1135 1431 ceteri
1155 1403 1202 1431 ita
1222 1396 1329 1431 tecicm.
1349 1418 1388 1423 —
1407 1402 1462 1430 sed
1481 1403 1531 1438 ut)
1552 1401 1601 1429 Lb
1621 1403 1651 1429 si
1669 1411 1752 1430 uero.
1770 1414 1809 1422 —-
1836 1409 1853 1428 a
1872 1398 1951 1437 quo)
1970 1396 2016 1425 Pb

134 1453 249 1491 aliquo.
267 1467 306 1472 —
326 1461 357 1479 es
377 1451 497 1487 uictus)
517 1451 562 1488 23
583 1456 626 1478 est
648 1452 762 1478 uic-tus.
781 1464 819 1471 —

210 1515 344 1553 primum
372 1513 469 1549 illud)
490 1514 542 1541 Ma
569 1518 599 1540 et
625 1512 674 1539 Lb
703 1512 787 1540 illud
804 1515 953 1550 primum.
973 1528 1012 1534 —
1038 1513 1206 1549 aediliciis)
1233 1512 1278 1541 Pb
1307 1517 1338 1541 et
1357 1513 1400 1541 Pe
1421 1513 1550 1541 deliciis.
1571 1526 1609 1534 --
1635 1512 1770 1540 studium
1791 1510 1874 1546 esse)
1894 1518 1930 1537 ου
1949 1512 2019 1535 stu-

136 1564 223 1592 dium
244 1569 295 1591 est.
315 1577 354 1584 —-
372 1560 535 1597 iudiciuin)
555 1560 597 1587 Pa
618 1560 766 1587 iudicum.
786 1574 825 1582 —·
845 1560 1011 1599 eblandita)
1040 1561 1066 1589 E
1095 1568 1123 1589 et
1143 1561 1296 1589 blandita.
1315 1575 1352 1582 -
1371 1561 1546 1597 enucleata)
1566 1560 1591 1588 B
1614 1560 1769 1596 enudata,
1796 1559 1826 1586 D
1856 1561 2019 1590 enm-eata,

137 1616 183 1639 set
203 1619 296 1647 supe-r
316 1621 331 1637 c
352 1618 409 1636 scr.
429 1609 456 1642 l,
477 1612 508 1635 et
527 1607 656 1645 margini
678 1607 781 1645 adpos.
803 1608 845 1635 αἶ’
865 1610 1037 1638 enucleata.
1057 1623 1095 1631 -—-
1121 1608 1200 1647 esse)
1218 1609 1288 1643 Ma,
1316 1607 1379 1642 Lc,
1405 1613 1436 1636 et
1462 1608 1495 1636 H
1522 1618 1581 1636 om.
1607 1621 1646 1628 —-
1674 1606 1739 1645 eos)
1766 1607 1829 1642 Le,
1856 1605 1905 1641 H,
1933 1608 1965 1631 et
1990 1609 2019 1640 ψ

138 1668 255 1695 eosque.
275 1671 314 1678 --
332 1656 403 1694 qui)
423 1655 469 1682 Lc
491 1665 551 1682 om.
570 1670 607 1675 —
627 1655 743 1690 serant)
764 1654 813 1682 Lb
835 1660 867 1683 et
886 1666 905 1693 χ
924 1657 1003 1693 (sic)
1024 1657 1149 1695 serunt.
1168 1671 1206 1678 --
1225 1653 1349 1693 cuique)
1369 1655 1421 1682 Sic
1441 1654 1484 1689 B,
1504 1654 1548 1689 Ε,
1577 1658 1607 1681 et
1627 1655 1732 1692 plures
1752 1653 1899 1688 Laflem.;
1920 1649 2017 1679 ceteri

138 1705 278 1742 denique.
305 1718 344 1725 --
370 1703 519 1738 debeant)
544 1712 562 1734 ς
590 1701 714 1734 debent,
741 1702 788 1738 23
808 1701 953 1732 habeant.
980 1719 1018 1726 -—
1043 1704 1256 1739 considerare)
1283 1703 1349 1738 La,
1375 1702 1438 1737 Pb,
1464 1702 1523 1737 Pe,
1544 1701 1590 1737 O,
1613 1700 1657 1736 G,
1678 1700 1723 1736 T,
1743 1701 1809 1737 χὸ,
1837 1705 1867 1728 et
1886 1697 2017 1727 Lambb.

139 1751 325 1783 deliberare,
352 1755 398 1778 set
426 1750 458 1777 iu
487 1750 534 1777 La
561 1759 678 1787 supers.
705 1749 910 1779 considerare.
929 1767 968 1772 —
1002 1752 1140 1790 saepius)
1165 1751 1195 1778 D
1225 1750 1307 1789 quod
1330 1751 1462 1788 saepius,
1487 1762 1526 1770 -·
1557 1758 1575 1777 a
1607 1758 1642 1777 re
1669 1747 1812 1788 publica)
1841 1746 1891 1775 Lb
1918 1745 1960 1774 ab
1983 1754 2018 1774 re

132 1798 274 1836 publica.
293 1813 330 1820 —-
349 1797 493 1825 uideatur
513 1796 638 1832 deberi)
658 1796 683 1823 B
704 1801 734 1824 ct
753 1796 780 1823 E
802 1796 969 1832 clamatum
989 1808 1008 1837 χ
1022 1808 1032 1826 1
1056 1799 1211 1826 uideatur.
1230 1813 1269 1819 —

214 1856 286 1892 Sin)
308 1856 332 1884 C
352 1856 420 1884 Sed.
441 1871 479 1877 —
497 1855 594 1883 mauis
616 1855 698 1891 csse)
719 1855 744 1882 E
766 1856 868 1882 mauis
887 1855 971 1883 illucl
989 1865 1067 1890 esse,
1095 1855 1141 1883 Lc
1161 1857 1263 1884 mauis
1282 1861 1345 1892 est,
1365 1856 1433 1891 Ma,
1452 1856 1522 1891 Mc,
1542 1855 1605 1891 La,
1624 1854 1683 1890 Pa,
1710 1863 1765 1889 ου,
1790 1862 1825 1889 ς,
1850 1851 1914 1891 χ3,
1940 1855 1972 1879 et
1990 1858 2019 1889 ψ

139 1905 240 1932 maius
260 1909 320 1936 est,
341 1903 365 1931 C
385 1904 486 1940 magis
507 1909 559 1932 est.
577 1916 615 1923 —-
634 1911 698 1929 11011
720 1901 778 1928 tibi
798 1901 847 1936 id)
869 1902 917 1929 Lb
939 1913 1000 1930 non
1021 1902 1094 1939 tibi,
1120 1903 1163 1931 Pa
1182 1905 1246 1932 nisi
1265 1904 1323 1932 tibi
1342 1904 1395 1932 ad.
1413 1919 1451 1924 —
1469 1903 1725 1939 rescindendum)
1743 1903 1798 1931 Ma
1816 1898 2020 1932 resciendum,

140 1951 165 1980 C
185 1950 451 1988 restinguendum,
471 1951 516 1988 χ3
536 1948 770 1978 restituendum.
785 1963 824 1969 —
842 1949 1022 1987 serendum)
1041 1950 1088 1979 La
1108 1960 1177 1979 cum
1197 1952 1235 1990 gl.
1258 1952 1469 1990 referendum,
1487 1952 1557 1986 Ma,
1575 1950 1639 1987 Lc,
1659 1956 1690 1980 et
1708 1958 1735 1988 ψ
1754 1946 1961 1988 referendum.
1979 1958 2019 1967 --

213 2017 240 2057 §.
264 2027 306 2048 11.
326 2018 483 2054 tulerunt)
502 2028 521 2050 ς
541 2028 603 2046 non
623 2018 772 2044 tulerunt.
790 2032 830 2038 —
852 2017 909 2046 Est
929 2018 1029 2055 enim)
1049 2019 1096 2047 Lc
1116 2020 1250 2050 Etenim.
1269 2035 1308 2042 —
1326 2018 1420 2056 haec)
1440 2019 1609 2047 Seruarunt
1628 2019 1663 2054 B,
1683 2018 1720 2054 E,
1740 2017 1797 2053 La,
1816 2022 1836 2052 χ
1849 2024 1874 2050 1,
1894 2018 1926 2042 et
1943 2013 2019 2043 3·—

139 2066 343 2105 populorum)
364 2066 408 2093 Pb
431 2070 462 2093 et
481 2066 523 2093 Pc
538 2074 719 2102 puerorum.
737 2078 776 2086 ·--
805 2065 1048 2104 praecipueque)
1068 2077 1086 2098 ς
1107 2070 1289 2105 praecipue.
1308 2082 1346 2089 —
1373 2072 1404 2095 et
1424 2066 1561 2094 omnium
1581 2080 1619 2088 —-
1637 2070 1822 2104 tempestate
1839 2062 1968 2101 populi)
1988 2060 2018 2088 Τ

140 2124 199 2141 om.
218 2127 257 2133 ·-
276 2112 411 2149 domini)
430 2123 449 2151 χ
465 2123 476 2142 1
499 2114 590 2141 domi.
610 2127 648 2133 —
667 2115 758 2149 atque
777 2112 927 2149 uictoris)
948 2113 999 2141 Sic
1018 2113 1063 2149 E,
1090 2114 1158 2150 Ma,
1182 2115 1256 2150 Mb,
1280 2115 1349 2150 Mc,
1376 2114 1439 2149 La,
1466 2113 1534 2149 Lb,
1563 2113 1628 2150 Lc,
1656 2114 1716 2150 Pa,
1744 2113 1808 2150 Pb,
1833 2112 1894 2148 Pc,
1919 2114 1952 2139 et
1967 2108 2017 2145 ,Ὡς

141 2161 178 2189 de
198 2161 222 2189 B
242 2164 379 2196 tacetur;
399 2159 495 2188 ceteri
515 2171 553 2188 ac
572 2160 708 2188 uictoris.
728 2175 767 2182 —-
785 2161 836 2188 uel
857 2161 946 2199 dare)
969 2161 993 2190 C
1014 2161 1095 2190 dare.
1115 2175 1154 2182 ·—
1173 2161 1302 2200 cuique)
1323 2161 1347 2190 C
1367 2163 1525 2199 cuiusque.
1543 2176 1582 2183 —

214 2223 355 2246 nostrum
376 2222 422 2246 est
441 2222 552 2253 autem,
571 2222 721 2253 nostrum,
743 2218 813 2256 qui)
834 2219 884 2247 Sic
904 2219 930 2247 B
951 2223 983 2247 et
1001 2218 1048 2255 E3
1069 2218 1166 2246 ceteri
1186 2225 1326 2248 nostrum
1344 2225 1390 2247 est
1412 2224 1527 2252 autem,
1547 2220 1609 2257 qui.
1629 2233 1667 2240 —
1686 2216 1814 2256 populi)
1832 2215 1882 2244 Lb
1895 2213 2016 2251 pelagi,

141 2270 190 2294 set
207 2265 240 2292 in
260 2275 352 2303 marg.
376 2267 497 2303 populi.
515 2280 555 2286 —-
573 2265 738 2301 iactemur)
758 2266 825 2301 Lb,
843 2267 891 2303 D,
911 2268 982 2304 Br.,
1006 2266 1031 2293 F
1049 2275 1080 2301 1,
1112 2271 1142 2294 et
1162 2273 1188 2304 ψ
1207 2269 1372 2295 iactamur.
1391 2281 1429 2286 —-
1456 2276 1490 2294 ac
1509 2266 1673 2302 fluctibus)
1695 2265 1721 2293 E
1750 2270 1780 2293 et
1796 2260 1960 2301 fluctibus.
1977 2273 2017 2281 ·-

141 2312 293 2348 adlicere)
314 2313 364 2340 Sic
384 2313 427 2350 B;
453 2312 480 2341 E
501 2313 649 2347 atlicere;
678 2312 708 2339 D
730 2313 893 2348 addieere;
921 2313 1017 2342 ceteri
1037 2314 1168 2341 allicere.
1188 2328 1226 2335 --
1240 2314 1360 2352 partas)
1379 2314 1423 2342 Pa
1443 2319 1473 2343 et
1495 2324 1530 2343 ου
1545 2319 1697 2352 paratas,
1716 2311 1761 2340 Pb
1774 2314 1896 2348 porcas.
1913 2321 1953 2329 —·
1973 2306 2018 2344 si)

142 2370 178 2389 ου
198 2370 257 2387 om.
276 2373 315 2380 ——
333 2359 451 2397 magui)
470 2370 489 2391 ς
509 2370 647 2398 magne&
665 2373 704 2381 ·-
728 2360 830 2397 magni
850 2371 914 2389 non
941 2361 1100 2400 putemus)
1120 2360 1150 2388 D
1177 2366 1323 2398 putemus
1350 2372 1412 2389 non
1436 2363 1552 2399 magni.
1571 2376 1610 2382 —
1628 2360 1695 2395 sin)
1714 2359 1757 2386 Pa
1775 2359 1811 2385 εἰ.
1829 2371 1867 2378 -
1887 2359 2016 2394 expeta-

141 2408 226 2444 mus)
246 2407 288 2443 B,
307 2408 367 2443 Pc,
385 2406 436 2443 D,
458 2407 504 2444 O,
525 2407 571 2443 G,
594 2408 636 2444 C,
655 2407 705 2443 H,
725 2417 776 2443 ου,
795 2417 830 2443 ς,
849 2417 910 2446 χι,
932 2413 963 2436 et
981 2408 1006 2435 F
1021 2417 1032 2436 1
1055 2413 1261 2445 expectamus,
1281 2409 1333 2437 'Mc
1355 2414 1384 2438 ct
1404 2408 1458 2439 F2
1479 2410 1661 2446 expetimus,
1680 2407 1724 2435 Pa
1743 2409 1943 2444 expectemus,
1961 2402 2016 2432 Ma

142 2461 335 2493 appetamus.
354 2469 392 2478 ·-·
420 2455 598 2494 defetigari)
619 2455 670 2484 Sic
689 2456 731 2493 135
760 2455 857 2484 ceteri
877 2455 1059 2494 defatigari.
1079 2470 1118 2477 -
