2185 2720
795 112 820 142 c
840 112 870 141 A
890 113 928 142 P.
967 111 1061 141 xiv.
1087 109 1114 150 ς.
1134 116 1180 143 35.
1200 126 1238 133 -
1257 111 1334 140 XV.
1363 110 1391 151 §.
1419 115 1464 143 36.
2023 118 2076 145 119

178 191 347 225 iudices
386 187 620 226 editicios;
661 186 710 218 de
748 187 873 219 cuius
898 187 924 228 ¹)
963 185 1132 218 formae
1171 185 1418 217 acerbitate
1455 185 1536 217 iam
1566 197 1710 218 sumus
1746 186 1789 217 in
1819 194 2074 228 argumento

179 242 443 289 praelocuti.
498 239 778 274 Differentia
814 239 956 281 igitur
991 238 1259 270 accusatoris
1298 238 1552 270 ostenditur
1597 238 1700 270 ideo
1738 238 1991 271 inuadentis
2031 239 2076 272 in

178 298 316 339 legem
345 294 582 332 Liciniam,
619 292 730 334 quod
764 292 954 324 ambitus
984 291 1165 335 probari
1194 303 1279 323 non
1307 292 1464 335 possit,
1499 291 1548 322 de
1580 303 1663 333 qno
1687 292 1856 324 iudices
1880 303 1931 323 ex
1954 293 2076 323 reie-

179 349 327 381 ctione
356 346 506 379 haberi
537 345 728 385 soleant,
771 346 993 387 aequalem
1026 344 1200 377 scilicet
1237 355 1459 375 numerum
1493 343 1789 376 reicientibus
1831 351 1917 376 tam
1948 356 2075 376 accu-

179 407 329 434 satore
354 410 477 442 quam
503 409 586 429 reo.
633 399 793 430 Uerum
816 404 964 440 specta
987 396 1291 441 diligentius2>
1325 407 1488 429 omnem
1511 402 1762 428 contextum
1784 397 1910 429 huius
2034 400 2074 437 ³),

178 459 224 485 ut
246 453 482 494 intellegas
509 451 704 483 oratorio
733 462 853 482 more
875 450 1068 493 speciem
1092 449 1299 493 quandam
1323 449 1419 491 ...⁴)
1441 449 1485 480 in
1509 448 1677 480 modum
1699 450 2076 493 praescriptiuum

178 506 294 538 facta
320 511 501 537 senatus
534 503 734 535 consulti
764 503 1011 543 mentione,
1048 502 1170 546 qui⁵)
1200 502 1441 534 secundum
1464 502 1597 544 legem
1619 501 1839 533 Liciniam
1868 509 2076 544 quattuor

179 558 248 590 edi
277 558 418 590 tribus
449 557 498 588 ab
529 563 785 588 accusatore
815 556 1041 596 uoluerit,
1088 567 1141 588 ex
1171 556 1330 598 quibus
1363 567 1437 587 reo
1469 554 1626 585 liceret
1659 565 1783 584 unam
1813 554 2076 596 repudiare,

177 618 226 643 ut
254 611 304 643 de
331 610 476 642 tribus
505 608 700 651 reliquis
731 607 929 640 iudicum
961 608 1144 640 haberet
1166 608 1417 640 editionem.
1464 607 1627 638 Tam-en
1655 607 1702 638 ab
1733 612 1987 638 accusatore
2015 607 2078 638 sic

177 662 284 694 fieri
314 662 529 702 uoluisse,
568 667 614 693 ut
643 672 711 692 eas
744 661 903 692 ederet
931 672 1031 703 quas
1061 667 1298 705 corruptas
1322 672 1341 691 a
1364 659 1595 691 candidato
1625 659 1948 690 criminaretur.
1992 658 2078 690 Hic

176 725 283 746 uero
305 714 568 747 Laterensis
598 714 806 746 noluerat
836 714 950 757 ipsas
983 713 1130 754 edere,
1165 714 1321 757 quibus
1345 712 1523 743 dicebat
1544 712 1769 755 pecuniam
1793 711 1952 750 datam3
1986 711 2078 742 uti-

178 779 260 810 que
289 768 507 807 consulte,
538 779 590 799 ne
619 777 712 806 re0‚
741 777 761 797 a
784 778 865 808 quo
889 767 1118 809 pecuniam
1148 770 1448 809 sumpserant,
1478 764 1631 796 fauore
1654 765 1794 796 tacito
1817 763 2079 806 patrocina-

177 826 349 852 rentur.
395 820 529 862 Quasi
564 831 726 862 negare
764 819 911 860 itaque
950 818 1191 861 temptauit
1228 817 1427 850 accusari
1463 828 1592 860 posse
1623 817 1714 858 lege
1743 815 1914 848 Licinia
1948 816 2078 847 Plan-

181 873 309 913 cium,
343 872 520 915 quando
552 873 643 904 sint
672 872 785 903 aliae
808 871 950 902 tribus
974 871 1138 910 editae,
1171 883 1249 903 nec
1271 872 1376 903 illae
1399 869 1682 914 potissimum
1707 879 1816 910 quae
1838 869 2079 912 sumpsisse

180 925 409 968 pecuniam
438 925 712 964 dicerentur,
746 930 789 955 et
817 936 920 967 quas
951 924 1049 956 ideo
1080 924 1149 955 uel
1176 924 1363 956 maxime
1392 928 1568 955 senatus
1599 922 1667 953 edi
1694 921 1933 961 uoluisset,
1967 928 2010 953 ut
2038 928 2080 954 et

179 977 431 1010 iudicarent
453 983 493 1009 et
513 977 826 1009 testimonium
849 978 921 1008 uel
944 983 1098 1009 contra
1120 989 1239 1009 reum
1269 978 1340 1009 nel
1361 989 1439 1021 pro
1462 987 1535 1007 reo
1559 986 1610 1006 ex
1632 975 1730 1018 ipsa
1754 974 1954 1006 ueritate
1977 986 2079 1016 per-

181 1031 405 1070 hiberent,
440 1030 513 1072 qui
548 1030 640 1061 sine
672 1029 801 1061 dubio
833 1029 936 1071 quid
967 1035 1079 1061 esset
1109 1036 1212 1073 aput
1237 1030 1430 1061 tribules
1459 1040 1558 1060 suos
1581 1034 1771 1070 gestum,
1804 1027 1970 1069 optime
1992 1027 2078 1058 sci-

180 1089 285 1115 rent.
311 1083 475 1114 SCHOLIA
497 1084 760 1115 AMBROSIANA.
804 1083 861 1114 Ex
883 1088 1084 1125 argumento
1108 1082 1321 1125 interpretis,
1358 1081 1450 1124 quod
1472 1081 1692 1123 palimpsesto
1715 1079 1880 1113 Uaticano
1904 1085 2078 1110 seruatum

179 1135 278 1167 nobis
308 1141 376 1175 est,
408 1136 491 1166 haec
512 1135 584 1166 eius
607 1135 712 1165 uerba
738 1135 806 1166 huc
827 1135 1021 1177 pertinent:
1063 1134 1162 1167 Huic
1174 1133 1334 1178 factioni
1355 1135 1559 1166 coercendae
1582 1134 1765 1177 legislator
1787 1133 1933 1165 Crassus
1956 1132 2079 1163 existi-

177 1188 292 1220 mauit
314 1188 420 1220 etiam
437 1199 550 1230 genus
573 1187 700 1220 iudicii
720 1189 831 1220 multo
846 1188 1083 1231 periculosius
1106 1187 1397 1231 comparandam,
1427 1193 1467 1219 ut
1489 1194 1576 1232 aput
1597 1188 1729 1219 indices
1753 1185 1910 1218 editicios
1933 1196 2078 1216 accusa-

178 1246 320 1280 rentur,
356 1241 395 1273 id
417 1246 468 1272 est
490 1246 531 1273 ut
546 1252 616 1284 pro
645 1241 828 1273 uoluntate
855 1240 1069 1273 accusatoris
1101 1240 1285 1272 ederentur
1314 1239 1444 1277 hilum,
1481 1253 1522 1272 ex
1551 1241 1674 1284 quibus
1704 1251 1811 1272 unam
1839 1236 2077 1269 tantummodo

180 1293 310 1325 reicere
331 1299 448 1337 posset
470 1305 570 1332 reus3
605 1293 646 1325 cle
671 1294 817 1337 reliquis
841 1299 959 1326 autem
989 1293 1122 1325 iudices
1144 1292 1354 1325 haherentur
1376 1293 1498 1337 utique
1520 1292 1743 1336 infestissimi
1765 1301 1907 1323 cansam
1929 1288 2079 1320 dicenti-

180 1345 264 1386 bus,
299 1352 418 1390 utpote
446 1358 530 1389 quos
552 1351 735 1378 accusator
757 1347 805 1378 ad
827 1347 1048 1378 uoluntatem
1069 1358 1170 1378 suam
1190 1346 1437 1389 praelegisset,
1467 1346 1597 1377 edendo
1630 1358 1687 1377 eas
1704 1343 1928 1388 potissimum
1954 1341 2078 1380 tribus,

179 1411 266 1443 quas
288 1412 345 1432 reo
365 1400 482 1432 minus
506 1411 635 1442 aequas
648 1397 734 1442 sore
755 1399 1003 1431 arbitraretur.
1046 1398 1137 1431 Uide
1159 1404 1336 1441 praeterea
1359 1409 1444 1441 quae
1466 1409 1527 1440 ego
1553 1397 1723 1441 copiosius
1746 1395 1788 1426 de
1810 1393 1977 1426 iudicibus
2002 1392 2077 1424 edi-

177 1451 266 1483 ticiis
287 1453 422 1495 Proleg.
447 1453 490 1484 L.
514 1452 574 1483 HI.
599 1452 638 1482 C.
664 1452 725 1482 III.
751 1452 781 1493 §.
805 1453 836 1484 5.
859 1464 894 1494 p.
919 1452 1097 1484 LXXVII
1119 1462 1169 1493 sq.
1192 1451 1322 1483 monui.

266 1505 370 1545 Quod
395 1517 509 1548 genus
541 1504 768 1546 iudiciorum)
815 1504 984 1537 Offendor
1011 1514 1156 1535 numero
1186 1503 1313 1545 plurali
1340 1503 1438 1535 uerbi
1474 1503 1704 1542 indiciorum,
1738 1500 1885 1542 ideoque
1912 1505 1971 1530 aut
1997 1510 2077 1530 cum

180 1557 351 1590 Lambino
376 1558 552 1596 indicum,
574 1562 633 1588 aut
654 1557 766 1588 iudici
791 1556 1008 1588 scribendum
1030 1562 1126 1599 puto.
1172 1556 1228 1587 Sic
1250 1558 1280 1598 §.
1304 1557 1355 1599 57.
1377 1557 1552 1590 Acerbum
1574 1556 1712 1588 omnino
1731 1565 1844 1597 genus
1869 1553 1992 1584 iudici.

266 1611 307 1642 Si
329 1616 380 1643 est
401 1622 522 1642 aecum
544 1610 621 1642 ulla
643 1610 680 1641 in
708 1621 744 1641 re
765 1610 837 1642 nisi
862 1610 911 1652 in)
956 1609 1094 1641 Euertit
1114 1609 1317 1640 sententiam
1339 1610 1406 1641 loci
1431 1609 1625 1647 Ernesfius,
1660 1607 1718 1650 qui
1742 1617 1785 1637 ex
1807 1616 1997 1647 paucorum
2018 1615 2079 1635 eo-

179 1674 328 1705 rumque
350 1673 588 1705 pessumorum
611 1661 766 1693 codicum
789 1663 990 1694 auctoritate
1011 1663 1113 1695 nulla
1134 1661 1280 1704 scripsit,
1303 1662 1505 1705 particulam
1531 1662 1602 1693 nisi
1624 1666 1756 1692 tantum
1778 1664 1856 1701 post
1877 1657 1997 1690 nullus
2019 1661 2078 1687 aut

180 1729 250 1750 non
280 1717 373 1749 alins
403 1716 499 1748 ullus
527 1714 626 1757 sequi
654 1726 753 1758 Posse
782 1715 1001 1746 contendens.
1045 1715 1086 1746 In
1110 1726 1175 1757 qua
1202 1725 1240 1746 re
1262 1726 1470 1758 magnopere
1498 1713 1622 1745 falsum
1644 1724 1722 1744 eum
1745 1722 1834 1749 esse,
1869 1710 1898 1741 si
1918 1709 2076 1751 pluribus

181 1769 304 1800 docere
335 1768 501 1811 exemplis
531 1767 677 1806 uellem,
710 1767 876 1799 ridiculus
907 1765 1061 1810 profecto
1091 1779 1210 1800 essem.
1257 1768 1389 1799 Uerum
1417 1766 1555 1798 uidetur
1581 1766 1758 1798 Ernestius
1789 1763 1854 1795 hoc
1878 1761 1990 1792 dicere
2011 1772 2078 1791 uo-

180 1821 303 1861 luisse,
325 1821 530 1864 particulam
551 1820 622 1852 m'sz'
644 1826 718 1852 tum
738 1826 870 1852 tantum
892 1820 977 1864 poni
1000 1831 1120 1864 posse,
1151 1831 1230 1851 cum
1255 1831 1341 1862 quae
1364 1825 1558 1863 opponatur
1580 1817 1767 1850 enuntiatio
1790 1814 1994 1848 sententiam
2014 1823 2079 1844 ne-

260 1976 287 2015 1)
325 1977 376 2006 Sic
397 1976 612 2014 Niebuhrius3
633 1976 733 2006 codex
745 1977 857 2016 fhrma
875 1978 1055 2007 acerbitate.

257 2022 288 2060 2)
325 2025 524 2063 Diligentius
551 2035 606 2063 ego
628 2036 668 2054 ex
687 2026 869 2056 coniectura
893 2026 1006 2065 scripsi
1023 2036 1083 2065 pro
1103 2026 1267 2063 licentius,
1302 2024 1387 2065 quod
1412 2024 1447 2053 in
1467 2023 1574 2054 codice
1596 2022 1757 2062 scriptum.
1797 2018 1974 2059 Occupauit
2000 2027 2078 2047 con-

179 2071 331 2101 iecturam
350 2082 448 2101 meam
467 2072 672 2103 Niebuhrius.

255 2119 286 2158 3)
325 2120 443 2158 Supple
463 2131 558 2149 unum
578 2122 631 2150 uel
651 2122 711 2151 duo
732 2122 893 2152 uocabula.
931 2121 971 2150 A.
991 2123 1111 2151 Mnus.

257 2166 288 2206 4)
329 2167 448 2206 Supple
468 2168 623 2197 similiter.
661 2170 701 2200 A.
721 2171 843 2199 BIAws.

256 2214 287 2252 5)
326 2214 389 2243 Pro
411 2217 572 2252 mentione,
593 2219 648 2255 qni
667 2217 701 2246 in
722 2218 829 2246 codice
849 2222 896 2246 est
915 2218 1100 2245 mentionem
1120 2225 1220 2254 qaae;
1246 2215 1286 2244 A.
1301 2214 1403 2244 Maius
1424 2215 1586 2249 mentione,
1607 2223 1665 2251 quo
1685 2211 1821 2251 scripsit.
1860 2210 2005 2239 Ceterum
2025 2217 2078 2236 re-

183 2266 232 2290 cte
252 2262 377 2301 quidem
397 2263 519 2292 monuit
540 2263 745 2294 Garatonius:
780 2265 883 2302 „Non
909 2270 1031 2293 senatus
1057 2265 1158 2303 legem
1177 2269 1300 2292 secutus
1326 2263 1371 2291 ita
1391 2262 1588 2297 decreuerat,
1621 2265 1668 2289 set
1689 2265 1798 2288 contra
1824 2258 1878 2287 Iex
1897 2257 1934 2285 de
1954 2260 2078 2284 senatus

183 2310 368 2339 anctoritate
387 2311 425 2339 ad
445 2311 596 2349 populum
616 2312 678 2341 lata
697 2313 741 2342 ita
760 2314 941 2341 sanxerat.'“
978 2312 1098 2342 Uerum
1125 2311 1310 2351 interpretis
1335 2310 1410 2339 haec
1429 2309 1556 2338 uidetur
1583 2309 1737 2337 sententia
1756 2317 1839 2336 csse:
1874 2310 2014 2334 senatum
2041 2304 2077 2332 ab

184 2364 395 2432 accEssxatore,
434 2359 488 2397 qui
513 2364 696 2398 sequeretur
722 2361 823 2399 legem
854 2359 1030 2398 Liciniam,
1070 2360 1121 2390 edi
1148 2360 1287 2389 uoluisse
1314 2364 1390 2388 etc..
1434 2356 1518 2386 Uide
1546 2356 1668 2394 Proleg.
1693 2356 1731 2386 L.
1758 2355 1815 2384 III.
1844 2354 1878 2383 C.
1906 2353 1964 2382 III.
1994 2350 2022 2392 §.
2050 2352 2077 2380 3.

186 2414 215 2442 p.
267 2422 280 2432 A
301 2405 417 2434 XVIII
437 2417 498 2445 sq..
