2185 2720
785 125 891 155 CAP.
929 125 1056 154 xvul.
1075 123 1103 164 ς.
1125 129 1168 157 45.
1187 124 1326 154 —XIx.
1356 123 1384 164 §.
1408 130 1454 158 43.
2012 126 2065 155 139

172 205 338 250 Sponium
361 205 404 236 T.
428 205 488 236 III.
514 203 630 235 Itiner.
655 214 690 246 p.
718 201 808 242 145„
848 199 942 231 cuius
969 199 1056 232 mihi
1088 205 1138 232 est
1165 199 1209 231 ad
1232 199 1276 230 ΙΙ.
1306 199 1342 230 in
1366 201 1470 233 Uerr.
1492 200 1543 232 65.
1575 199 1665 232 curis
1687 201 1842 233 secundis
1864 200 2062 234 referendae

170 261 275 292 locus.
322 258 582 290 GARATONIUS.

253 312 298 344 In
321 309 456 355 operas)
501 310 541 341 In
563 306 698 351 negotia
719 305 944 350 prouincialia
966 304 1226 348 publicanorum
1234 319 1244 346 3
1280 305 1361 337 hinc
1383 317 1505 350 operas
1529 306 1613 337 dare
1635 317 1699 348 pro
1722 307 1902 351 negotium
1924 318 2060 345 curare,

168 370 322 397 tractare
345 375 426 395 rem.
449 363 664 394 MANUTIUS.
710 362 797 392 Cum
819 365 918 401 pater
939 359 1040 390 huius
1058 358 1173 389 Planci
1197 358 1287 390 inter
1309 358 1481 402 principes
1504 358 1765 401 publicanorum
1789 366 1885 400 esset,
1908 359 2060 402 plurumi

169 429 213 450 ex
236 416 353 448 eadem
375 415 468 447 tribu
492 414 679 446 Terentina
701 411 863 445 beneficio
889 413 1105 444 Planciorum
1128 411 1362 451 obtinuerant,
1398 417 1436 442 ut
1458 412 1678 443 mitterentur
1700 413 1742 444 ad
1767 425 1886 456 operas
1908 412 2062 456 publica-

166 481 292 503 norum
318 466 532 500 societatibus
556 467 680 499 dandas
703 466 739 498 in
762 466 983 508 uectigalibus
1010 463 1185 508 exigendis
1209 470 1242 495 et
1263 464 1451 496 rationibus
1475 464 1711 505 conficiendis,
1735 473 1835 508 atque
1857 466 1905 498 ita
1926 465 2061 496 fuerant

166 522 298 556 lucellis
327 519 433 556 aucti,
474 531 620 561 quorum
649 519 792 562 gratiam
823 518 887 550 Cn.
911 518 1045 549 Plancio
1079 516 1246 559 suffragiis
1277 517 1345 549 suis
1374 517 1410 548 in
1443 516 1624 548 aedilitatis
1648 519 1815 562 petitione
1839 519 2057 550 rettulerunt.

166 575 266 608 XIII.
295 573 337 605 ad
360 573 441 605 Diu.
475 583 506 615 9.
537 572 597 605 Cn.
620 573 797 616 Pupium,
831 571 891 615 qai
923 576 974 603 est
1006 572 1042 603 in
1066 571 1178 615 operis
1201 571 1275 602 eins
1304 570 1479 603 societatis
1509 576 1591 610 etc„
1625 571 1683 602 ubi
1708 572 1865 604 Cortium
1889 571 1989 611 uide,
2025 575 2059 602 et

167 639 252 672 quae
276 626 400 658 adtulit
423 636 466 656 ex
490 625 628 667 Sigonio
654 624 841 664 Graeuius,
866 629 899 655 et
919 635 1001 666 quos
1028 623 1204 655 citauimus
1231 623 1272 654 ad
1296 624 1339 654 II.
1363 624 1399 654 in
1424 624 1525 656 Uerr.
1550 634 1619 665 70..
1666 624 1930 656 GARATONIUS.

250 679 341 713 Noli
365 679 621 711 obseruantiam
643 679 778 711 sancire
797 678 920 720 poena)
966 676 1049 708 Cod.
1074 675 1174 707 Bal-h.
1197 677 1351 715 sarcire,
1382 686 1483 718 quam
1506 675 1705 710 uarietatem
1733 678 1768 709 in
1791 677 1894 709 Liuio
1922 686 2057 718 quoque

164 732 263 766 VIH.
291 743 320 774 7.
343 731 498 775 repperit
520 732 715 763 Drakenb..
761 729 829 762 Hic
850 737 963 761 autem
986 729 1243 762 obseruandum
1266 731 1404 762 sancire
1420 742 1535 773 poena
1557 730 1665 770 ualet,
1700 737 1847 763 statuere
1870 730 2056 761 obseruan-

164 786 249 819 tiam
277 785 536 816 candidatorum
568 796 694 827 poena,
734 794 819 826 qnae
844 789 959 814 manet
980 783 1164 820 ambitum,
1202 793 1272 812 esse
1301 781 1523 814 afficiendam.
1569 784 1680 826 Supra
1712 794 1739 814 c.
1774 783 1821 814 16.
1858 781 2055 819 Dabimus,

165 840 251 885 quin
273 851 330 871 eas
353 838 482 877 tribus,
515 839 551 870 in
575 837 698 881 quibus
719 847 868 879 magnas
893 836 1162 868 necessitudines
1185 835 1287 867 habet
1309 835 1500 875 Plancius,
1528 848 1604 868 cum
1628 836 1688 868 ille
1710 848 1776 868 non
1799 836 1967 874 ediderit,
1998 835 2056 866 iu-

164 893 294 926 dicarit
316 891 438 936 officiis
460 890 502 922 ab
525 890 586 921 lzoc
609 889 829 928 obseruatas,
862 902 930 921 non
954 889 1144 932 largitione
1174 891 1383 931 corruptas?
1427 889 1478 920 Ita
1505 888 1617 920 Latini
1642 889 1759 920 dicunt
1782 889 1896 932 capite
1918 887 2057 930 aliquid

162 949 320 983 sancire3
341 944 389 975 ita
412 943 530 975 Cicero
554 943 617 974 ΠΙ.
639 941 680 972 de
702 943 807 984 Legg.
831 953 881 974 20.
913 943 975 974 Uis
996 943 1128 986 capite,
1157 942 1314 973 auaritia
1336 943 1466 981 multa,
1497 943 1639 974 lionoris
1663 943 1838 986 cupiditas
1859 941 2054 985 ignominia

163 999 353 1030 sanciatur.
377 996 639 1027 GARATONIUS.
683 995 782 1026 Hanc
814 995 1022 1027 locutionem
1048 994 1299 1035 Zinzerlingius
1333 994 1369 1025 in
1393 995 1507 1026 Prom.
1541 995 1625 1026 Crit.
1657 1006 1684 1028 c.
1707 995 1828 1027 XXV.
1857 1005 1892 1037 p.
1917 993 1968 1025 81.
1999 993 2055 1023 in-

161 1048 319 1082 lustrauit
333 1048 517 1091 exempli53
542 1059 643 1090 quem
657 1047 812 1079 libellum
830 1054 944 1079 nactus
959 1048 1067 1079 multo
1083 1053 1196 1090 postea
1220 1058 1304 1086 sum,
1331 1060 1431 1090 quam
1453 1048 1586 1091 priores
1610 1048 1844 1079 adnotationes
1868 1046 2052 1078 edideram.

159 1100 350 1134 Addendus
381 1107 431 1132 est
459 1101 553 1132 locus
586 1112 630 1133 ex
653 1112 680 1133 c.
704 1101 756 1133 54.
780 1112 882 1143 quem
912 1101 1085 1142 Arusiauo
1113 1099 1335 1132 confirmante
1358 1102 1571 1142 sanauimus,
1608 1107 1691 1144 aput
1713 1112 1814 1143 quem
1839 1100 1896 1132 hic
1919 1109 2053 1142 quoque

162 1153 299 1197 legitur.
344 1154 450 1187 IDEM.

246 1205 504 1248 Haesitantem)
550 1206 638 1238 Cum
661 1205 742 1249 quid
769 1205 914 1243 diceres,
941 1217 1009 1237 non
1033 1206 1185 1238 haberes.
1232 1206 1448 1240 MANUTms.

245 1260 289 1292 In
312 1260 374 1292 hoc
397 1260 642 1292 sodaliciorum
665 1260 837 1292 tribuario
861 1260 1016 1302 crimine)
1063 1259 1202 1291 Crimen
1226 1260 1430 1291 tribuarium
1454 1265 1523 1299 est,
1549 1265 1586 1290 ut
1609 1266 1701 1292 recte
1723 1260 1764 1291 ab
1788 1260 1872 1292 ΕΓΗ.
1896 1258 1931 1290 in
1956 1258 2050 1290 Clau.

159 1312 385 1356 explicatum,
425 1325 491 1355 quo
524 1313 684 1345 obiectast
705 1313 842 1344 Plancio
873 1313 1025 1344 tribuum
1055 1312 1246 1356 corruptio,
1273 1313 1324 1344 Ea
1353 1312 1444 1355 quod
1472 1323 1535 1356 per
1565 1313 1692 1346 sodalis
1722 1313 1809 1346 facta
1837 1312 2050 1356 arguebatur,

159 1373 343 1411 propterea
364 1366 610 1398 sodaliciorum
633 1366 845 1398 tribuarium
866 1367 994 1398 crimen
1019 1366 1189 1397 dictumst.

244 1420 305 1453 Ad
331 1431 530 1452 connucnem
559 1419 709 1450 ambitus
739 1431 897 1451 caussam
926 1419 1120 1460 contulisti)
1168 1419 1384 1451 Conmunem
1415 1418 1561 1450 ambitus
1600 1430 1749 1452 caussam
1779 1419 1861 1452 dicit
1894 1423 2050 1461 respectu

159 1472 278 1506 habito
302 1471 564 1509 sodaliciorum,
590 1482 674 1513 quae
699 1471 746 1502 sic
768 1471 808 1502 ab
833 1471 962 1503 ambitu
987 1471 1193 1514 discrepant,
1217 1479 1254 1504 ut
1276 1473 1402 1516 species
1425 1484 1444 1503 a
1468 1484 1601 1515 genere.
1648 1474 1772 1505 Sensus
1798 1473 1922 1515 igitur:
1955 1476 2052 1514 post-

161 1537 263 1568 quam
285 1524 436 1556 criminis
458 1523 699 1555 sodaliciorum
723 1523 924 1557 conuincere
943 1525 1118 1556 Plancium
1148 1537 1218 1557 nou
1241 1526 1402 1569 potuisti,
1433 1526 1514 1557 talia
1536 1525 1656 1567 obicis,
1688 1537 1773 1569 quae
1796 1524 1948 1557 uniuersi
1975 1535 2049 1555 am-

159 1578 249 1610 hitus
272 1577 415 1608 crimina
437 1583 526 1608 sunt.

245 1631 275 1672 §.
299 1629 351 1661 48.
402 1630 515 1662 Unam
540 1629 670 1661 tribum
692 1630 819 1675 delige)
864 1631 999 1663 Scilicet
1025 1643 1158 1671 earum,
1182 1644 1262 1674 quas
1282 1632 1361 1664 tulit
1387 1632 1554 1664 Plancius.

243 1683 316 1716 Per
339 1694 438 1726 qziem
461 1682 582 1713 tulerit
605 1683 738 1725 docebo)
764 1684 841 1725 Qua
860 1685 991 1716 ratione
1014 1685 1168 1717 Plancius
1192 1697 1267 1717 eam
1290 1685 1355 1717 sibi
1375 1686 1617 1728 suffragantem
1639 1685 1808 1717 habuerit.
1832 1686 2047 1719 MANUTIUS.

156 1735 292 1769 Acerba
314 1735 392 1767 satis
414 1734 541 1774 ironia,
569 1747 636 1778 per
666 1749 763 1780 quem
796 1737 928 1776 dicens,
961 1738 1125 1780 significat
1157 1740 1377 1771 Laterensem
1408 1739 1539 1781 ipsum3
1574 1738 1746 1770 neminem
1769 1739 1891 1777 alium,
1925 1736 2047 1778 inquit,

156 1789 195 1821 in
217 1789 351 1831 culpam
374 1798 476 1826 uoca3
500 1793 573 1818 tute
595 1794 653 1820 tua
676 1791 835 1833 superbia
856 1802 895 1822 ac
915 1792 1112 1823 morositate
1137 1791 1266 1830 fecisti,
1291 1803 1357 1834 quo
1382 1792 1493 1823 minus
1517 1792 1687 1823 aedilitate
1711 1798 1744 1823 te
1771 1792 1913 1823 donaret
1933 1800 2049 1833 popu-

157 1842 211 1873 lus
240 1841 433 1878 Romanus,
478 1840 579 1871 nimis
609 1853 628 1872 a
658 1848 690 1873 te
724 1844 946 1886 posthabitus.
986 1845 1189 1876 ORELLIUS.
1235 1845 1429 1887 Simplicius
1463 1845 1619 1885 uidetur,
1649 1857 1715 1889 per
1747 1859 1846 1890 quem
1876 1843 2048 1887 explicare

157 1894 259 1926 cuias
282 1894 414 1932 stadio,
437 1898 476 1924 ut
500 1892 562 1924 hae
585 1894 701 1926 eadem
724 1897 872 1928 sectione
895 1897 976 1929 dicit
999 1903 1134 1936 orator,
1159 1899 1293 1941 possis,
1318 1910 1464 1942 quorum
1486 1899 1602 1930 studio
1626 1900 1766 1939 tuleris,
1800 1899 1983 1943 explicare.

241 1947 342 1980 Num
360 1958 504 1990 possum
524 1963 567 1969 —
589 1951 664 1987 ant)
690 1948 760 1980 Cfr.
786 1951 854 1982 Cic.
878 1950 919 1981 ad
946 1950 1025 1982 Diu.
1049 1952 1081 1990 I,
1107 1962 1142 1993 9,
1171 1952 1218 1982 15.
1243 1950 1343 1983 ZVum
1362 1952 1465 1994 potui
1486 1952 1600 1994 magis
1624 1952 1660 1983 in
1683 1964 1797 1985 arcem
1823 1953 1920 1984 illius
1946 1962 2047 1982 caus-

156 2013 216 2034 eae
239 2001 417 2038 inuadere,
436 2006 500 2032 aut
521 2001 635 2043 magis
651 2000 809 2035 obliuisci
832 2010 1023 2047 temporum
1045 2017 1197 2037 meorum
1209 2005 1226 2035 Ρ
1250 2010 1282 2034 et
1302 2004 1505 2035 Ramsliorn.
1521 2006 1583 2036 Gr.
1596 2006 1637 2037 L.
1652 2006 1682 2047 ξ.
1700 2006 1768 2047 174.
1783 2011 1853 2037 not.
1868 2005 1898 2036 4.
1911 2015 1944 2047 p.
1960 2002 2045 2034 504..

237 2051 401 2095 Conferre
421 2054 554 2096 pedem)
599 2053 742 2097 Proprie
767 2055 873 2088 dictus
896 2059 923 2088 is
948 2063 1014 2096 est,
1048 2058 1106 2100 qui
1129 2063 1198 2088 tam
1219 2068 1328 2098 prope
1351 2057 1479 2088 accedit
1503 2057 1544 2088 ad
1567 2058 1800 2091 aduersarium
1823 2058 1880 2089 uel
1900 2057 2044 2093 hostem,

156 2112 194 2138 ut
218 2105 254 2137 in
278 2105 398 2136 eodem
420 2106 562 2148 uestigio
585 2113 666 2146 stet,
703 2120 770 2150 quo
799 2110 1032 2151 aduersarius,
1068 2121 1179 2152 neque
1201 2110 1297 2152 prius
1319 2109 1471 2149 recedat,
1510 2122 1611 2153 quam
1631 2118 1690 2143 aut
1712 2111 1834 2143 uicerit
1855 2116 1913 2142 aut
1937 2109 2044 2140 uictus

154 2158 211 2192 sit.
258 2157 330 2190 Cfr.
352 2158 483 2189 Erasm.
507 2158 616 2201 Adag.
641 2172 675 2203 p.
701 2162 773 2194 24..

240 2211 410 2251 Insector)
455 2209 528 2242 Erf-
558 2212 728 2257 insequor.
772 2216 952 2258 Uolgatam
984 2222 1099 2247 tuetur
1121 2215 1241 2247 similis
1265 2216 1360 2247 locus
1377 2226 1442 2257 pro
1466 2215 1566 2247 Font.
1594 2228 1621 2248 1.
1644 2217 1799 2249 Ins-ector
1823 2217 1916 2249 ultro
1939 2220 2042 2258 atque

156 2265 246 2296 insto
268 2265 498 2303 accussatori,
521 2264 671 2305 iudices;
693 2267 851 2307 insector,
875 2269 1025 2313 inquam,
1049 2283 1090 2302 ac
1111 2270 1240 2314 flagito
1262 2269 1370 2301 testis.
1415 2268 1513 2301 Uidit
1536 2270 1711 2301 Ernestus.
1756 2270 1814 2301 Set
1839 2269 1958 2300 Cicero
1981 2277 2041 2297 ua-

157 2315 245 2347 riare
272 2316 402 2358 potuit,
442 2323 558 2358 estque
582 2320 714 2360 optumi
737 2321 861 2352 codicis
886 2327 1025 2363 optuma
1056 2323 1168 2354 lectio.
1214 2322 1304 2355 Uide
1332 2321 1373 2361 ad
1400 2333 1426 2352 c.
1451 2322 1480 2353 6.
1510 2333 1574 2364 pro
1607 2323 1735 2354 Sextio.
1779 2323 2039 2354 GARATONJUS.

157 2368 372 2410 Quamquam
397 2370 559 2413 insequor
580 2379 671 2403 recte
694 2375 806 2416 potuit
829 2374 912 2413 dici,
936 2381 974 2405 ut
996 2375 1089 2407 locus
1112 2375 1341 2418 supplementi
1369 2386 1432 2418 pro
1454 2375 1573 2406 Flacco
1598 2375 1628 2407 5.
1656 2374 1707 2405 ed.
1731 2374 1812 2406 Mai.
1845 2386 1879 2417 p.
1902 2373 1953 2405 53.
1986 2371 2038 2402 ed.

158 2422 310 2453 Cramer.
333 2433 367 2464 p.
389 2422 458 2465 98.,
494 2423 537 2454 ab
559 2424 692 2456 Orellio
714 2426 862 2467 adlatus,
897 2435 1150 2462 accussatorem
1175 2429 1303 2473 urgebo
1326 2435 1430 2473 atque
1453 2428 1634 2471 insequar,
1673 2433 1706 2460 et
1728 2428 1821 2460 ultro
1845 2427 1974 2460 crimen
1996 2425 2038 2459 ab

1563 2486 1599 2512 30
1612 2482 1626 2496 “’
