2185 2720
757 124 782 154 c
802 123 830 153 A
852 125 890 154 Ρ.
927 123 1037 154 XVH.
1057 121 1083 164 §.
1103 129 1148 158 43.
1169 140 1206 147 —
1221 124 1347 155 xvln.
1367 123 1394 166 §.
1414 130 1461 158 44.
2000 135 2053 162 135

161 201 323 234 iudicium
347 200 395 233 ita
418 199 552 240 fecisse,
588 206 627 232 ut
651 212 715 232 reo·
734 206 767 232 et
789 212 885 232 suam
908 205 942 231 et
963 199 1004 231 ab
1028 211 1068 231 eo
1092 201 1285 233 obseruatas
1308 201 1417 233 tribus
1440 213 1509 233 non
1533 201 1659 235 ederet.
1704 204 1837 237 Uerum
1861 205 1960 237 aliam
1984 212 2054 237 sta-

160 256 223 287 tim
247 254 349 286 huius
374 254 424 285 rei
448 254 615 286 rationem
637 254 769 293 reddit,
793 265 895 296 quam
918 264 1009 292 eam,
1037 265 1103 295 qua
1126 253 1245 286 ductus
1269 255 1465 287 Laterensis
1487 257 1568 288 alias
1592 256 1700 289 tribus
1725 257 1888 289 ediderat.
1933 260 2052 292 Cicero

160 308 252 340 enim
277 307 384 350 fingit,
418 319 486 339 non
511 307 657 339 delectos
688 320 708 339 a
728 309 912 340 Laterense
940 305 1054 337 Planci
1083 307 1218 339 tribulis
1252 319 1323 339 esse
1347 307 1492 348 iudices,
1529 310 1618 352 quod
1642 310 1836 342 Laterensis
1859 318 1942 353 aput
1966 312 2053 356 illos,

161 361 220 404 qui
241 372 404 393 maxume
421 360 535 391 Planci
561 360 791 393 innocentiam
813 359 927 390 testati
950 365 1069 399 essent,
1095 359 1125 391 ei
1147 360 1387 392 sodaliciorum
1411 362 1541 393 crimen
1564 362 1698 395 obicere
1721 376 1790 395 non
1812 376 1955 396 ausurus
1980 364 2056 396 fue-

159 414 221 454 rit,
259 426 335 445 cum
366 424 486 445 reuera
508 414 702 446 Laterensis
732 418 916 457 propterea
945 412 1110 445 noluisset
1133 412 1211 445 illos
1233 414 1361 446 iudices
1389 414 1555 458 deligere,
1589 417 1681 458 quod
1711 417 1820 449 omnis
1850 430 1868 450 a
1891 430 1950 449 reo
1978 430 2056 449 cor-

160 473 279 510 ruptos
303 465 541 498 arbitrabatur.

245 521 350 561 Quod
370 531 428 551 eas
452 519 582 559 tribus,
612 520 736 564 quibus
758 520 815 552 lzic
837 532 998 552 maxume
1020 523 1140 558 notus,
1170 532 1238 552 non
1261 521 1423 563 edideris)
1469 521 1524 553 Sic
1547 533 1608 564 ego
1631 521 1763 565 primus
1787 522 1917 565 scripsi.
1961 523 2056 555 Ante

159 584 215 606 me
238 572 458 615 uolgabatur:
498 574 592 616 quod
619 586 686 604 non
711 564 926 612 eas—tribus,
961 572 1085 616 quibus
1107 573 1163 605 hic
1185 575 1336 606 maxime
1358 581 1460 607 notus
1485 581 1579 614 erat,
1613 576 1775 608 edideris.
1820 576 1857 606 ln
1883 588 1948 618 qua
1970 576 2056 608 scri-

159 632 262 670 ptura
283 627 472 658 necessario
496 626 639 658 debebat
660 627 806 658 editores
837 625 1023 657 conlocatio
1047 638 1113 658 non
1137 627 1340 668 particulae,
1377 635 1455 660 ante
1479 642 1536 661 eas
1560 628 1708 671 positae,
1743 627 1927 660 offendere.
1973 630 2054 661 Non

158 679 309 723 pertinet
333 679 424 709 enin]
446 679 613 721 particula
635 679 694 710 illa
716 680 759 710 ad
781 690 972 722 pronomen
1002 691 1076 718 eas,
1109 687 1160 711 set
1181 679 1223 711 ad
1246 681 1392 712 uerbum
1415 682 1582 720 edideris,
1615 694 1635 713 a
1654 694 1720 724 quo
1745 693 1785 713 eo
1808 682 1920 713 minus
1946 682 2056 713 inter-

159 731 254 764 iectis
277 732 351 763 aliis
375 731 486 762 uerbis
509 732 642 774 seiungi
665 731 821 771 debebat,
847 744 914 773 quo
938 731 1148 764 manifestius
1171 739 1239 771 est,
1273 733 1309 764 in
1332 745 1434 765 unam
1458 746 1537 766 cum
1560 735 1666 766 uerbo
1690 735 1754 766 isto
1777 735 1954 766 notionem
1977 746 2056 765 coa-

159 784 305 824 lescere,
338 784 386 815 sic
409 790 446 815 ut
468 795 584 816 sensus
608 785 669 816 sit:
705 786 939 817 recussnueris
968 786 1077 817 edere.
1122 787 1244 828 Neque
1266 798 1349 818 uero
1370 787 1595 819 aduersantur
1617 788 1696 819 huic
1718 787 1975 830 transpositioni
1997 798 2056 818 co-

160 837 270 876 dices,
308 848 431 868 uerum
454 849 615 869 maxume
636 837 763 869 fauent.
808 839 897 870 Nam
929 839 1081 881 plurumi
1104 839 1197 881 iique
1224 840 1357 883 optumi
1380 840 1459 871 libri
1482 847 1604 872 neutro
1628 841 1664 872 in
1687 841 1761 871 loco
1784 840 1988 883 particulam
2011 839 2056 870 il-

160 890 230 922 lam
253 890 397 928 habent,
438 896 475 921 ut
496 902 535 921 eo
560 890 595 921 iu
618 890 692 920 loco
717 890 949 932 reponendam
973 903 1046 922 eam
1079 898 1209 923 certum
1232 893 1291 932 sit,
1330 894 1365 924 in
1389 905 1455 935 quo
1480 892 1653 926 sacillumo
1678 893 1796 925 librari
1822 903 1939 924 errore
1961 891 2056 923 exci-

163 943 243 974 dere
264 943 427 986 potuerit.
473 943 610 974 Poterat
628 949 742 974 autem
764 942 937 974 facillume
961 944 1116 976 excidere
1138 951 1216 977 ante
1239 947 1389 978 edideris
1412 947 1636 989 praecedente
1659 958 1744 978 uoce
1767 952 1880 984 notus,
1903 945 1950 976 sic
1972 944 2056 976 scri-

162 1003 238 1040 pta,
272 1000 354 1029 not’.
399 996 576 1027 Praeterea
603 996 701 1034 uide,
739 1008 824 1038 quae
856 996 897 1027 de
927 997 1095 1039 scriptura
1119 999 1220 1031 huius
1248 1000 1315 1031 loci
1338 1001 1472 1041 Proleg.
1496 1001 1538 1032 L.
1562 1001 1588 1031 Ι.
1614 1001 1652 1032 C.
1676 1001 1736 1032 ΙΙΙ.
1770 1000 1800 1042 §.
1824 999 1854 1031 8.
1878 1010 1912 1041 p.
1936 997 2055 1030 XXII.

162 1055 197 1082 et
218 1051 260 1081 L.
283 1050 326 1080 ΙΙ.
355 1049 393 1080 C.
416 1049 442 1080 I.
469 1049 498 1090 ξ.
527 1060 574 1079 11.
598 1060 633 1091 p.
656 1050 824 1081 XLYJII.
849 1050 1004 1091 exposui.

246 1103 391 1134 Etenim
414 1103 491 1147 quis
516 1108 549 1134 te
572 1108 645 1134 tum
668 1104 809 1135 audiret
831 1103 1012 1144 z'llorzmae)
1063 1105 1154 1142 Tum
1175 1105 1270 1137 addit
1292 1105 1502 1148 significans,
1528 1105 1557 1137 si
1578 1105 1706 1138 iudices
1731 1116 1775 1137 ex
1797 1104 1865 1136 illis
1888 1102 2055 1143 tribubus,

163 1167 245 1199 quas
268 1167 339 1187 non
363 1155 517 1193 edidisti,
545 1154 736 1197 delegisses.

246 1209 324 1243 Aut
347 1210 433 1253 quid
455 1209 611 1240 dic-eres?
634 1215 886 1253 sequestremne
908 1209 1123 1243 Plancium?
1149 1216 1351 1255 respuerent
1373 1224 1488 1251 aures,
1511 1225 1608 1245 nemo
1631 1214 1869 1257 adgnosceret,
1892 1213 2058 1256 repudia-

164 1268 260 1296 rent:
292 1275 338 1294 an
359 1262 582 1305 gratiosum?
613 1262 670 1294 illi
693 1262 849 1294 lubenter
870 1263 1054 1302 audirent,
1077 1277 1137 1296 nos
1159 1277 1227 1297 non
1251 1265 1372 1296 timide
1395 1265 1663 1309 confiteremur.)
1709 1267 1797 1298 Cum
1821 1266 1903 1297 olim
1927 1266 2059 1308 legere-

162 1322 233 1355 tur,
255 1316 502 1359 repudiaretur
524 1325 588 1357 pro
613 1315 851 1358 repudiarent,
874 1316 1009 1346 monuit
1027 1318 1232 1349 Garatonius
1255 1318 1296 1348 ad
1319 1318 1354 1349 h.
1379 1318 1511 1351 locum:
1536 1319 1634 1359 „Erf-
1659 1325 1691 1350 et
1704 1319 1786 1350 Bau.
1810 1319 2057 1362 repudiarent3

162 1381 274 1412 neque
296 1368 332 1400 id
357 1367 506 1400 refertur
525 1367 566 1398 ad
591 1369 708 1407 auris,
731 1374 800 1407 set,
827 1368 919 1410 quod
943 1370 1074 1401 nemini
1096 1370 1305 1402 contrarium
1329 1377 1396 1410 est,
1425 1384 1538 1404 omnes
1561 1372 1742 1404 subaudire
1764 1377 1939 1403 necessest.
1983 1372 2057 1402 Lo-

165 1421 293 1465 quendi
315 1421 436 1452 ratiost
458 1421 682 1462 exquisitior,
717 1432 818 1463 quam
841 1421 920 1452 huic
938 1421 1013 1452 loco
1035 1423 1255 1465 aptissumam
1279 1428 1440 1456 censeo.“
1484 1426 1559 1457 Etsi
1580 1438 1651 1457 non
1675 1424 1809 1463 dubito,
1847 1424 1929 1466 quin
1953 1435 2058 1467 repu-

164 1476 326 1507 diaretur
347 1473 467 1504 librari
490 1485 608 1505 errore
631 1485 674 1505 ex
698 1475 924 1518 repudiarent
945 1474 989 1506 sit
1010 1474 1148 1515 sactum,
1173 1478 1372 1519 praesertim
1396 1489 1473 1509 cum
1496 1479 1561 1510 hoc
1581 1479 1618 1509 in
1643 1477 1792 1521 optumis
1816 1476 1914 1507 codd.
1937 1487 2058 1518 reper-

163 1534 238 1560 tum
261 1527 325 1565 sit,
349 1533 464 1557 tamen
487 1538 549 1557 nec
571 1527 636 1558 hoc
658 1539 676 1558 a
698 1528 863 1559 Cicerone
885 1533 970 1570 puto
993 1529 1157 1572 scriptum
1181 1541 1270 1568 esse,
1302 1536 1352 1561 set
1376 1530 1557 1574 interpreti
1581 1531 1713 1569 deberi,
1745 1542 1764 1561 a
1787 1541 1853 1572 quo
1877 1540 1980 1571 super
2003 1540 2058 1560 re-

165 1585 329 1626 spuerent
356 1578 463 1611 fuerit
493 1580 655 1622 positum.
700 1581 808 1622 quue
834 1581 943 1612 tribus
972 1581 1199 1623 potissumum
1232 1583 1273 1614 de
1303 1583 1425 1614 caussis
1448 1585 1753 1626 persuasissumum
1778 1583 1898 1614 habeo.
1944 1581 2058 1612 Prima

164 1634 247 1667 haec
269 1639 329 1672 est,
355 1632 445 1675 quod
469 1634 697 1676 repudiarent
718 1634 765 1665 sic
786 1633 947 1676 positum,
975 1640 1012 1666 ut
1033 1636 1129 1666 nullo
1153 1636 1291 1667 uinculo
1314 1635 1455 1677 reliquis
1479 1637 1592 1669 uerbis
1615 1638 1787 1668 adnexum
1811 1636 1865 1667 sit.
1907 1635 2057 1666 Tantum

165 1687 258 1719 enim
280 1686 392 1725 abest,
422 1692 461 1717 ut
483 1686 621 1718 omissio
645 1687 793 1718 nominis
816 1698 947 1725 omnes,
983 1688 1074 1729 quod
1099 1688 1305 1720 Garatonius
1328 1689 1558 1731 supplendum
1581 1697 1696 1733 putat,
1731 1688 1901 1732 exquisita
1922 1688 1986 1728 sit,
2019 1693 2059 1719 ut

164 1751 327 1774 maxume
350 1739 500 1771 hiulcam
525 1738 646 1770 reddat
668 1739 870 1771 orationem.
914 1741 1037 1772 Altera
1059 1741 1199 1783 positast
1222 1742 1257 1773 in
1283 1741 1528 1783 significatione
1550 1744 1665 1781 uerbi,
1706 1754 1791 1785 quae
1813 1742 1888 1774 talis
1913 1748 1980 1782 est,
2018 1747 2059 1773 ut

164 1793 359 1838 praemissis
383 1791 496 1822 uerbis
518 1799 720 1835 respuerent
741 1805 857 1832 aures,
879 1806 977 1826 nemo
999 1795 1225 1838 adgnosceret
1246 1801 1324 1838 apte
1348 1794 1427 1826 addi
1450 1796 1545 1827 nullo
1573 1803 1670 1838 pacto
1699 1795 1859 1839 potuerit.
1905 1795 2057 1834 Constat,

166 1847 273 1879 uerbo
297 1845 483 1888 respuendi
505 1855 582 1875 cum
609 1846 715 1877 uerbo
740 1848 952 1890 repudiandi
974 1848 1039 1879 hoc
1060 1859 1229 1879 conrnune
1252 1859 1341 1887 esse,
1375 1848 1467 1890 quod
1490 1850 1657 1881 reiciendi
1678 1849 1735 1880 uel
1757 1848 1930 1881 obiciendi
1951 1847 2059 1890 signi-

166 1900 302 1932 ficatum
328 1899 440 1929 liabet-
486 1899 576 1930 Nam
599 1911 760 1942 respuere
783 1906 935 1931 notumst
957 1901 1097 1944 proprie
1121 1901 1187 1932 dici
1211 1912 1299 1938 eum,
1327 1901 1385 1942 qui
1408 1901 1454 1940 id,
1479 1902 1570 1943 quod
1595 1902 1631 1933 in
1653 1914 1688 1934 os
1707 1901 1901 1944 sumpserit,
1927 1906 1964 1932 ut
1985 1906 2059 1932 sto-

166 1953 287 1986 macho
310 1952 461 1983 taedium
483 1952 782 1992 mouensareiciat,
807 1954 994 1997 repudiare
1014 1966 1108 1994 uero,
1133 1954 1191 1996 qui
1214 1954 1260 1993 id,
1285 1953 1379 1985 cuius
1403 1965 1480 1985 eum
1504 1954 1647 1996 pudeat,
1673 1955 1824 1986 dimittat
1845 1954 1901 1984 uel
1925 1953 2057 1985 abiciat.

167 2005 302 2049 Quodsi
322 2004 495 2043 translate,
516 2010 554 2035 ut
576 2004 642 2035 hoc
662 2004 748 2043 loco,
773 2013 983 2049 usurpantur
1004 2008 1086 2039 haec
1109 2007 1214 2038 uerba
1236 2013 1270 2038 et
1285 2013 1536 2049 conponuntur,
1562 2019 1601 2039 eo
1624 2014 1717 2050 patet
1744 2007 1882 2038 differre
1905 2013 2059 2038 tantum-

165 2059 269 2095 modo
292 2068 401 2100 posse,
424 2063 463 2087 ut
485 2069 646 2100 respuere
664 2058 830 2101 significet
851 2060 984 2092 abicere
1006 2059 1147 2102 aliquid,
1171 2060 1265 2092 cuius
1291 2071 1353 2091 nos
1376 2059 1524 2099 taedeat,
1550 2061 1736 2104 repudiare
1758 2072 1852 2099 uero,
1877 2061 1971 2092 cuius
1995 2072 2056 2093 nos

164 2113 304 2158 pudeat.
349 2111 467 2151 Itaque
489 2116 590 2141 erunt
611 2109 779 2151 fortassis,
814 2113 873 2155 qui
895 2113 960 2144 hoc
983 2125 1060 2144 cum
1082 2113 1126 2144 sit
1148 2112 1327 2155 utriusque
1348 2113 1446 2144 uerbi
1466 2114 1666 2152 discrimen,
1697 2120 1774 2156 apte
1795 2114 1850 2144 hic
1872 2114 1976 2145 uerba
1998 2114 2058 2145 illa

167 2164 321 2210 copulari
350 2163 502 2206 potuisse
535 2163 730 2206 opinentur.
777 2165 911 2207 Quibus
932 2166 982 2197 uti
1006 2166 1171 2206 concedo,
1210 2166 1371 2208 coniungi
1394 2166 1507 2208 aliqua
1532 2166 1664 2198 ratione
1687 2167 1791 2197 uerba
1816 2166 1875 2198 illa
1896 2167 2057 2210 potuisse,

165 2221 214 2252 ita
236 2217 375 2250 omnino
399 2227 503 2257 neg0‚
528 2215 575 2247 sic
596 2217 696 2248 ambo
719 2218 774 2249 hic
796 2219 909 2250 locum
932 2219 1083 2261 potuisse
1105 2225 1239 2259 tenere,
1268 2225 1307 2250 ut
1328 2219 1442 2250 uerbis
1468 2231 1565 2251 nemo
1588 2220 1814 2263 adgnosceret
1836 2220 2058 2263 seiungeren-

166 2279 235 2304 tur.
281 2269 367 2312 Quis
390 2269 491 2306 enim,
516 2269 574 2311 qui
596 2277 688 2302 recte
710 2271 881 2312 loquatur,
905 2279 1085 2315 postquam
1109 2271 1237 2303 dictum
1260 2271 1398 2313 aliquod
1422 2274 1640 2304 accussatoris
1661 2274 1701 2303 ab
1726 2273 1893 2304 iudicibus
1913 2279 1951 2305 ut
1974 2284 2058 2304 con-

168 2324 387 2356 tumeliosum
416 2322 599 2362 reiectum,
637 2329 671 2354 et
692 2329 731 2354 ut
759 2323 875 2355 fictum
903 2325 1057 2356 habitum
1086 2325 1130 2356 iri
1153 2324 1299 2363 dixerit,
1334 2325 1516 2366 postmodo
1539 2331 1577 2356 ut
1600 2325 1799 2368 pudendum
1822 2326 1987 2357 reiectum
2013 2326 2057 2358 iri

170 2376 293 2408 addet?
338 2376 448 2407 Immo
471 2375 577 2406 uerba
598 2389 696 2408 nemo
709 2377 936 2419 adgnosceret
957 2379 1143 2410 necessario
1167 2377 1265 2409 finire
1281 2378 1473 2410 membrum
1490 2378 1666 2418 debebant,
1691 2379 1853 2421 quoniam
1875 2381 1939 2412 hoc
1961 2391 2057 2411 sum-

170 2440 266 2460 mum
287 2434 374 2468 erat,
412 2429 441 2460 si
463 2428 590 2459 iudices
614 2429 691 2461 ficta
713 2435 746 2461 et
769 2429 853 2461 falsa
874 2432 1092 2464 accussatoris
1115 2431 1258 2463 crimina
1279 2432 1460 2463 habebant.
1505 2431 1624 2463 Tertia
1645 2443 1775 2473 caussa,
1810 2433 1852 2464 ob
1877 2443 1978 2475 quam
2001 2444 2058 2465 re-
