2185 2720
931 157 970 186 L.
996 158 1053 186 ΙΙΙ.
1108 157 1142 187 C.
1171 158 1228 186 ΙΙΙ.
1273 156 1301 197 5.
1328 169 1355 188 2.
1949 165 2081 193 LXXV

268 230 319 258 De
339 229 471 258 ueritate
490 230 554 266 rei,
575 241 664 270 (1113111
685 231 826 271 exposui,
845 231 1044 271 persuadebit
1063 231 1134 268 sibi,
1155 231 1209 271 qui
1228 231 1286 260 hos
1307 232 1458 262 orationis
1478 235 1664 264 Plancianae
1682 236 1768 265 locos
1788 237 1912 267 adtente
1931 239 2075 278 perlege-

191 277 243 306 rit.
283 277 317 306 C.
340 278 452 306 XXII.
472 276 499 317 §.
521 279 566 307 54.
592 281 677 308 N'am
699 280 783 318 qnod
799 286 924 318 questas
947 290 993 315 es,
1019 279 1124 317 pluris
1144 284 1174 307 te
1193 281 1279 307 testis
1299 279 1412 309 habere
1432 282 1468 310 de
1493 283 1651 322 Uoltinia,
1677 295 1771 323 qnam
1790 292 1863 323 quot
1882 288 1917 314 in
1937 297 1972 314 ea
1993 287 2076 316 triba

187 332 313 363 puncta
333 327 452 355 tuleris.
472 325 511 354 ad
531 336 607 364 quae
628 326 814 354 conferenda
835 337 912 365 quae
932 326 965 355 in
986 326 1103 355 Comm.
1125 327 1265 365 exposui.
1306 328 1341 357 C.
1361 328 1488 357 XVIII.
1509 328 1536 368 5.
1557 330 1603 358 45.
1630 343 1728 370 neque
1748 333 1805 362 hoc
1830 333 1936 362 liberis
1962 337 2077 363 nostris

188 373 487 409 interdicendnmst,
513 384 550 402 ne
570 374 732 402 obser-nent
752 374 876 402 tribalis
894 384 980 411 saOS,
1009 384 1047 402 ne
1073 374 1229 411 diligant,
1264 385 1310 404 ne
1337 377 1550 414 conficere
1579 381 1829 409 necessariis
1856 383 1942 410 suis
1967 392 2077 410 snam

187 420 337 448 tribum
357 423 540 457 possint,
569 431 607 449 ne
623 431 686 458 par
705 420 744 448 ab
764 423 805 449 iis
825 431 938 449 munus
963 423 998 449 in
1023 431 1083 448 sna
1104 423 1258 458 petitione
1285 429 1466 461 respectent.
1507 424 1542 453 C.
1561 425 1657 454 XIX.
1685 425 1712 465 5.
1732 428 1778 456 46.
1806 428 1873 466 Ego
1892 429 2076 464 Plancium,

185 467 384 501 Laterensis,
412 473 441 495 et
460 469 562 504 ipsnm
577 469 754 505 gratiosum
774 479 837 497 esse
857 468 925 495 dieo
945 473 974 495 et
993 467 1137 495 habuisse
1157 469 1190 496 in
1205 471 1359 506 petitione
1386 472 1535 500 multos
1555 474 1725 510 cupidos
1750 477 1816 503 sni
1837 486 1913 513 gra
1924 479 2077 511 tiosos;

185 525 281 553 qnos
301 520 340 542 tn
361 516 396 542 si
414 515 573 543 sodalis
593 526 730 549 nocas,
752 515 996 554 officiosam
1016 516 1245 544 amicitiam
1266 521 1421 548 nomine
1445 521 1648 559 inquinas
1667 524 1904 557 criminoso;
1924 526 1982 559 sin,
2002 526 2078 563 qnia

183 563 323 600 gratiosi
341 563 420 595 sint,
448 563 655 591 accussandos
670 569 788 601 putas,
810 563 875 591 noli
893 564 1022 596 mirari,
1051 568 1080 590 te
1100 562 1149 598 id,
1177 565 1261 601 quod
1277 572 1335 595 tna
1355 568 1496 606 dignitas
1510 569 1703 605 postularit,
1729 570 1933 606 repudiandis
1949 573 2076 609 gratio-

183 620 288 638 sorum
307 610 456 637 amicitiis
476 621 537 638 non.
557 620 620 638 esse
640 611 832 639 adsecutum.
870 610 942 638 Iam
961 616 998 638 ut
1017 620 1071 647 ego
1091 610 1197 647 doceo,
1213 615 1392 649 gratiosum
1412 617 1447 644 in
1467 625 1526 644 sua
1547 616 1631 644 triba
1652 618 1839 650 Plancium,
1868 619 1952 655 qnod
1968 620 2075 647 mullis

186 657 318 694 benigne
335 656 472 694 fecerit,
502 667 564 695 pro
585 658 693 685 multis
712 657 927 694 spoponderit,
953 660 989 687 in
1008 668 1117 695 operas
1130 659 1298 696 plurumos
1314 663 1420 698 patris
1440 665 1630 692 anctoritate
1651 669 1679 692 et
1695 666 1807 701 gratia
1826 666 1962 697 miserit,
1994 666 2077 702 qnod

184 705 315 742 denique
335 704 475 732 omnibns
496 705 605 743 officiis
619 714 679 741 per
698 715 744 738 se,
761 714 819 741 per
834 711 976 742 patrem,
1003 716 1064 743 per
1083 707 1216 735 maiores
1235 718 1305 736 snos
1325 714 1424 737 totam
1442 710 1608 738 Atinatem
1623 712 1862 750 praefecturam
1883 712 2074 750 conprehen-

180 752 280 781 derit:
310 753 356 780 sio
383 758 417 780 ta
445 752 534 785 doce,
562 758 747 790 sequestrem
765 751 887 789 fnisse,
915 753 1070 791 largitum
1095 764 1173 787 esse,
1203 757 1436 794 conscripsisse,
1465 758 1590 786 tribulis
1618 759 1804 788 decuriasse.
1845 759 1915 796 Quo
1942 759 1976 787 111
2003 760 2073 788 1000

180 799 408 828 adtendendum
429 800 466 828 ad
486 800 637 838 egregiam
659 798 790 827 oratoris
810 803 923 836 artem,
957 811 1016 838 qua
1036 800 1165 839 cupidos
1186 807 1306 831 tantum
1325 803 1423 832 fuisse
1446 803 1554 832 Planci
1581 809 1613 834 et
1638 807 1790 844 gratiosos
1811 806 1916 836 studet
1935 815 2072 845 conpro—

179 848 270 884 bare,
299 858 375 886 quos
398 858 461 876 non
482 847 640 876 dubiumst
659 846 735 885 quin
753 850 838 874 recte
858 846 1038 875 Laterensis
1058 848 1171 877 sodalis
1191 850 1288 879 fuisse
1309 850 1436 880 dixerit.

254 896 318 924 Iam
345 900 475 933 utraque
503 894 669 923 ambeundi
696 893 777 922 ratio
804 893 863 922 etsi
891 894 1067 932 periculosa
1094 895 1142 924 rei
1168 897 1314 935 publicae
1335 903 1417 935 erat,
1455 903 1557 928 tamen
1576 899 1726 930 maiorem
1747 901 1775 929 ei
1796 901 1991 937 candidatos,
2019 902 2071 940 qui

179 954 344 984 operarlun
364 954 470 972 manus
490 943 528 971 ad
547 942 611 970 uim
632 942 791 977 emebant,
826 951 916 979 (1113111
937 942 990 981 qui
1009 942 1074 970 sola
1094 943 1261 981 largitione
1280 946 1433 984 populum
1453 948 1713 986 corrumpebant,
1747 949 1869 978 adferre
1888 949 2070 988 perniciem,

178 1002 244 1022 11011
262 997 388 1031 poterat
413 991 580 1020 obscurum
601 998 675 1017 esse.
715 987 932 1018 Nihilominus
959 990 1014 1018 diu
1040 990 1073 1018 in
1095 991 1328 1030 quaestionibus
1356 992 1394 1020 (10
1413 994 1532 1022 ambitu
1551 995 1638 1023 nulla
1657 996 1847 1025 discriminis
1866 997 1952 1026 1111113
1973 996 2071 1025 habe-

178 1041 271 1070 batur
290 1040 387 1076 ratio‚
420 1049 478 1067 1100
498 1038 615 1073 11131113,
652 1036 705 1075 (1111
734 1035 918 1073 largitione,
953 1047 1043 1076 quam
1065 1039 1111 1074 ei,
1146 1038 1199 1077 qui
1219 1039 1253 1067 ui
1272 1039 1383 1078 populi
1402 1041 1546 1079 suffragia
1566 1048 1750 1072 consecutus
1771 1049 1854 1080 erat,
1880 1043 2071 1083 inpendebat

176 1087 363 1128 perieulum.
403 1087 544 1116 Tandem
564 1095 633 1115 cum
653 1084 850 1112 intellectum
870 1089 966 1121 esset,
994 1091 1109 1124 quanto
1130 1087 1201 1125 plus
1221 1086 1298 1114 haec
1318 1087 1416 1116 altera
1440 1090 1607 1118 ambeundi
1625 1092 1705 1120 ratio
1726 1091 1763 1119 ad
1784 1092 1984 1120 euertendam
2002 1101 2069 1120 rem

177 1136 336 1176 publicam
362 1135 536 1170 conferret,
563 1138 698 1162 exeunte
726 1132 848 1161 saeculo
878 1137 1021 1171 septumo
1047 1133 1172 1172 grauius
1198 1133 1232 1162 in
1260 1143 1313 1163 eos
1342 1136 1485 1166 exerceri
1510 1137 1662 1167 iudicium
1689 1138 1809 1178 coepit,
1836 1138 1890 1177 qui
1916 1139 2068 1168 sodalium

176 1195 274 1225 opera
292 1183 427 1212 honores
448 1181 608 1211 consecuti
628 1190 694 1209 esse
715 1179 932 1218 arguebantur.

251 1232 380 1259 Factum
407 1231 441 1259 id
466 1235 513 1258 est
539 1229 606 1267 lege
633 1227 761 1256 Licinia
787 1226 825 1255 (10
854 1227 1027 1264 sodaliciis,
1054 1238 1131 1267 quae
1156 1228 1224 1267 ipsa
1249 1232 1285 1257 nt
1310 1229 1464 1267 ferretur,
1498 1237 1621 1262 senatus
1649 1237 1758 1262 auctor
1783 1232 1845 1262 fuit
1871 1231 1940 1272 (cfr.
1960 1232 2065 1262 Plane.

176 1281 213 1311 C.
230 1279 307 1308 XV.
327 1277 354 1318 §.
374 1279 420 1308 36.
441 1279 487 1313 37.
508 1278 541 1306 C.
561 1275 654 1304 XVI.
675 1273 702 1314 5.
722 1275 759 1313 39
780 1280 859 1303 extr.
881 1275 915 1304 C.
935 1276 1045 1304 XVII.
1066 1274 1094 1315 5.
1114 1276 1160 1305 41.
1182 1276 1216 1305 C.
1239 1276 1366 1306 XVIII.
1386 1276 1414 1317 §.
1434 1279 1481 1308 44.
1501 1278 1588 1319 45..),
1615 1281 1669 1319 qui
1694 1280 1754 1309 iam
1774 1291 1855 1309 anno
1876 1286 1961 1317 ante,
1981 1281 2065 1309 refe-

173 1333 263 1359 rente
285 1327 437 1356 Cicerone
464 1325 501 1354 ad
522 1325 560 1361 Q.
581 1324 619 1352 sr.
640 1323 687 1359 Π,
707 1324 741 1359 3,
762 1322 788 1351 6.
810 1322 863 1362 (T.
884 1323 924 1351 ΙΙ.
944 1334 975 1362 p.
995 1325 1041 1362 59.
1063 1324 1109 1352 ed.
1131 1323 1202 1352 Sch.
1222 1322 1335 1363 mai..),
1363 1324 1560 1364 decreuerat,
1587 1333 1622 1355 ut
1648 1329 1831 1357 sodalitates
1850 1329 2065 1367 decuriatique

175 1375 384 1408 discederent,
407 1375 515 1411 lexque
537 1373 572 1400 de
592 1373 631 1400 iis
642 1371 804 1410 serretur,
825 1376 876 1404 nt,
896 1373 951 1408 qni
970 1381 1032 1398 non
1052 1372 1278 1409 discessissent,
1299 1383 1335 1400 ea
1348 1383 1469 1410 poena,
1489 1386 1569 1412 quae
1589 1381 1632 1403 est
1653 1375 1689 1403 de
1709 1376 1760 1408 ui,
1784 1381 1971 1404 tenerentur.

250 1423 357 1461 Itaque
377 1422 438 1450 lata
456 1420 513 1448 hae
533 1420 617 1458 lege,
647 1418 700 1457 qui
720 1418 872 1446 honorem
892 1418 1142 1454 adfectauerant,
1171 1418 1219 1447 bis
1239 1423 1385 1457 poteraut
1403 1422 1572 1459 postulari,
1593 1427 1625 1451 et
1644 1422 1681 1450 de
1701 1422 1819 1450 ambitu
1840 1428 1870 1451 et
1890 1423 1927 1452 de
1947 1423 2064 1452 sodali-

175 1471 242 1501 ciis.
280 1471 385 1508 Atque
405 1469 519 1497 factum
539 1466 600 1495 hoc
620 1477 730 1495 reuera
750 1476 980 1504 nonnumquam
1000 1476 1084 1502 esse,
1119 1471 1242 1494 ueteres
1263 1467 1431 1506 scriptores
1450 1470 1618 1498 memoriae
1637 1470 1852 1509 prodiderunt.
1892 1470 1939 1498 Ita
1958 1471 2061 1499 Asco-

174 1519 246 1548 nius
265 1517 420 1546 Pedianus
440 1515 474 1543 in
493 1514 568 1552 Arg.
590 1524 634 1542 or.
654 1514 723 1542 Mil.
751 1524 782 1552 p.
806 1522 868 1551 190.
889 1514 935 1542 ed.
956 1513 1055 1552 Lugd.
1078 1519 1108 1543 et
1127 1525 1158 1553 p.
1179 1515 1243 1543 205.
1264 1515 1418 1545 Milonem
1438 1522 1470 1546 et
1489 1517 1527 1546 de
1546 1518 1665 1547 ambitu
1686 1523 1716 1547 et
1737 1518 1774 1546 de
1794 1517 1951 1546 sodaliciis
1971 1522 2002 1546 et
2023 1517 2061 1545 de

173 1567 208 1596 ui
228 1569 416 1595 accussatum
437 1561 547 1591 scribit
567 1571 642 1590 esse.
681 1561 766 1589 Idem
786 1561 854 1589 sine
875 1561 969 1589 dubio
989 1562 1034 1590 M.
1054 1562 1218 1591 Messallae
1239 1562 1369 1600 accidit,
1403 1565 1456 1603 qui
1477 1575 1547 1593 cum
1566 1576 1637 1594 reus
1658 1566 1790 1594 ambitus
1811 1571 1892 1594 esset
1911 1566 2009 1594 factus
2030 1570 2062 1594 et

171 1613 308 1653 turpiter
328 1610 467 1640 iudicum
486 1609 650 1637 sententiis
671 1609 847 1645 absolutus,
880 1609 1044 1648 postmodo
1064 1609 1132 1647 lege
1152 1609 1277 1638 Licinia
1298 1611 1335 1639 de
1356 1612 1513 1641 sodaJiciis
1533 1613 1706 1651 postulatus
1727 1617 1782 1641 est.
1821 1613 1901 1641 Nam
1921 1613 1955 1641 in
1974 1612 2060 1641 hunc

171 1671 295 1691 sensum
321 1658 483 1687 manifesto
511 1656 694 1695 accipiunda
714 1657 801 1686 Caeli
821 1658 918 1686 uerba
938 1662 1026 1693 sunt,
1053 1668 1128 1696 quae
1149 1657 1183 1686 111
1212 1658 1302 1697 epist.
1331 1659 1370 1688 ad
1390 1661 1574 1689 Ciceronem
1596 1660 1714 1699 scripta
1734 1660 1786 1700 (ad
1804 1660 1879 1689 Diu.
1901 1660 1997 1697 VIII,
2016 1659 2060 1698 2.)

169 1710 331 1747 leguntur:
352 1706 438 1743 Quid
455 1707 533 1734 alios
547 1704 671 1744 putas?
690 1704 878 1733 clamoribus
898 1706 1017 1734 scilicet
1035 1707 1191 1734 maxumis
1210 1707 1328 1735 iudices
1348 1710 1586 1746 eorripuerunt;
1605 1714 1634 1737 et
1654 1709 1864 1741 ostenderunt,
1878 1709 1977 1745 plane
1998 1717 2059 1735 esse

168 1755 351 1796 quodferri
370 1764 431 1782 non
447 1759 557 1791 posset.
596 1753 746 1790 Itaque
764 1754 941 1781 relictus
959 1754 1046 1791 lege
1066 1754 1238 1782 Licinia
1257 1757 1411 1784 maiore
1431 1757 1723 1793 essepericzilo
1743 1756 1920 1784 uidetur.
1948 1754 2061 1794 Neque

168 1803 252 1831 enim
272 1803 400 1830 relictas
419 1801 472 1829 hic
491 1805 595 1840 potest
615 1809 681 1828 esse
701 1799 877 1834 absolutus,
905 1812 965 1840 quo
986 1810 1078 1829 sensu
1097 1801 1257 1830 Manutius
1277 1802 1472 1842 Kortiusque
1492 1808 1688 1842 acceperunt.
1728 1804 1857 1831 Sensum
1877 1808 1962 1831 recte
1981 1813 2056 1841 per-

168 1851 273 1890 spexit
292 1849 475 1885 Ernestius‚
496 1848 548 1887 (1111
569 1858 626 1887 pro
647 1848 712 1884 lege
732 1848 862 1876 Licinia
882 1847 1079 1877 scribendum
1100 1850 1166 1886 legi
1183 1850 1330 1878 Liciniae
1350 1851 1444 1889 idque
1464 1850 1502 1879 ad
1521 1852 1648 1879 relictas
1667 1851 1867 1880 referendum
1885 1850 2017 1889 putauit.

246 1899 321 1927 Post
340 1907 391 1932 ea,
412 1906 489 1935 quae
510 1894 726 1934 exposuimus,
755 1895 808 1923 uel
828 1900 939 1934 sponte
959 1895 1176 1934 intellegetur,
1202 1906 1266 1925 non
1286 1903 1372 1927 recte
1391 1898 1569 1928 Manutium
1589 1898 1626 1926 de
1646 1898 1740 1938 Legg.
1762 1899 1852 1926 Rom.
1874 1908 1898 1926 c.
1919 1899 1964 1926 30.
1985 1897 2054 1935 lege

169 1946 207 1975 de
227 1944 383 1974 sodaliciis
404 1945 465 1973 lata
484 1943 635 1973 sancitum
656 1953 720 1971 esse
742 1943 854 1979 dicere,
875 1954 912 1971 ne
933 1945 1002 1981 quis
1022 1946 1117 1972 coiret
1136 1947 1344 1983 magistratus
1367 1946 1565 1984 adipiscendi
1585 1956 1706 1979 caussa,
1726 1946 1931 1983 similiterque
1951 1945 2055 1973 Erne-

167 1992 261 2021 stium
282 2001 400 2027 errare,
434 1991 539 2030 quiin
559 1991 633 2029 Arg.
661 2001 705 2020 or.
726 1991 911 2020 Plancianae
937 1989 1012 2018 haec
1039 1991 1215 2029 scripserit:
1247 1994 1339 2031 „Qua
1364 1995 1420 2023 ille
1446 1993 1618 2031 ignominia
1645 1998 1806 2021 conmotus
1826 1992 1986 2021 Plancium
2013 2001 2053 2019 ex

165 2038 235 2076 Iege
254 2038 381 2067 Licinia
400 2039 436 2067 de
454 2040 631 2076 sodaliciis,
658 2037 688 2066 h.
709 2048 735 2067 e.
756 2039 946 2068 coitionibus
967 2038 1005 2067 ad
1025 2040 1251 2077 corrumpenda
1276 2041 1390 2080 populi
1417 2042 1561 2080 suffragia
1587 2041 1676 2070 factis
1705 2040 1786 2080 (nam
1807 2051 1936 2079 quorum
1958 2049 2053 2077 opera

165 2087 268 2117 tribus
296 2086 590 2125 corrumpebantur,
616 2086 735 2114 sodales
764 2091 795 2115 et
820 2091 994 2126 sequestres
1023 2085 1221 2124 dicebantur,
1249 2088 1313 2117 uid.
1332 2099 1392 2128 pro
1413 2089 1519 2119 Caelio
1540 2099 1566 2117 c.
1587 2087 1627 2128 7.)
1648 2089 1835 2124 3003333011,
1866 2087 1948 2126 quod
1968 2087 2050 2115 inter

164 2133 298 2163 ambitus
318 2133 449 2162 crimina
467 2134 688 2172 grauissumum
708 2136 784 2163 est.“

241 2180 314 2208 Nisi
333 2181 416 2209 forte
436 2181 525 2209 ambo
545 2181 579 2209 in
599 2191 635 2210 eo
657 2187 776 2210 tantum
795 2187 982 2223 peccarunt,
1019 2181 1101 2220 quod
1121 2181 1252 2212 uerbum
1272 2184 1404 2212 coeundi
1429 2188 1461 2213 et
1480 2185 1623 2213 coitionis
1642 2184 1719 2213 falso
1740 2195 1830 2212 sensu
1849 2186 2049 2221 usurparunt,

163 2229 308 2267 idemque
328 2230 491 2258 coitionem
510 2228 592 2267 quod
619 2229 771 2261 sodalicia
791 2230 966 2268 significare
988 2229 1197 2259 crediderunt.
1239 2231 1331 2268 Quod
1350 2231 1429 2260 mihi
1450 2242 1486 2260 eo
1506 2231 1701 2271 probabilius
1721 2232 1864 2266 uidetur,
1894 2240 1963 2258 cum
1982 2229 2046 2257 Er-

164 2276 283 2305 nestius
312 2275 345 2303 111
366 2276 452 2304 Clau.
474 2275 538 2304 Cic.
566 2275 658 2304 etiam
685 2276 749 2305 uim
774 2277 909 2306 nominis
937 2279 1081 2306 coitionis
1106 2288 1170 2306 non
1196 2283 1283 2307 recte
1310 2279 1500 2318 exposuerit.
1539 2279 1667 2308 Monuit
1693 2279 1748 2307 ille
1775 2278 1836 2306 ibi:
1864 2277 1941 2312 „Est
1961 2276 2044 2304 enim

165 2325 272 2358 coitio,
293 2333 362 2351 cum
381 2322 522 2351 homines
544 2329 767 2361 congregantur
786 2325 834 2353 rei
855 2324 951 2353 malae
971 2325 1200 2363 perficiundae,
1220 2325 1322 2354 ueluti
1341 2326 1480 2355 nibuum
1501 2327 1795 2365 corrumpendarum
1817 2325 1951 2354 caussa.“

238 2371 283 2399 At
301 2370 361 2399 hoc
380 2381 444 2399 non
464 2381 538 2399 uere
559 2370 685 2398 dictum.
724 2371 802 2399 Nam
822 2373 954 2401 uerbum
973 2376 1118 2402 coitionis
1145 2373 1288 2412 quotiens
1310 2374 1347 2402 (10
1367 2374 1499 2402 ambitus
1519 2373 1580 2401 reis
1601 2378 1783 2411 usurpatur,
1809 2382 1872 2401 non
1892 2371 2046 2410 significat

164 2417 296 2456 aliquam
316 2418 493 2446 societatem
521 2417 676 2446 candidati
705 2428 774 2446 cum
801 2419 956 2449 sodalibus
982 2421 1035 2449 uel
1061 2421 1167 2460 operis
1195 2422 1416 2460 campestribus
1450 2422 1488 2450 ad
1513 2420 1739 2458 corrumpenda
1766 2420 1875 2459 populi
1902 2418 2044 2456 suffragia

163 2464 291 2501 initam,
310 2475 419 2494 uerum
439 2465 691 2494 coniunctionem
712 2466 867 2495 candidati
888 2477 956 2495 cum
975 2468 1172 2507 conpetitore
1191 2479 1229 2498 eo
1250 2469 1382 2498 consilio
1403 2469 1531 2504 factam,
1559 2472 1594 2495 ut
1613 2468 1753 2506 reliquos
1772 2467 1982 2506 conpetitore-s
2003 2465 2041 2493 (10

1563 2520 1598 2546 10
1609 2516 1623 2529 *
