2185 2720
117 180 170 205 111
768 162 1342 195 COMMENTARIUS.

114 246 271 279 sitionem
293 243 424 275 uncinis
447 254 513 274 non
535 241 682 272 inclusit.
726 241 776 272 Ea
798 240 887 271 enim
912 240 1032 271 omissa
1054 238 1137 270 dura
1158 237 1343 269 admodum
1366 236 1482 270 existit
1504 237 1622 269 oratio.
1667 238 1818 283 Supplex
1841 245 1890 272 est
1912 253 1989 272 cum

117 298 345 343 supplicabat.
391 294 461 327 Cfv.
494 306 556 337 pro
585 294 693 325 Sestio
728 306 755 325 c.
780 294 831 326 24.
862 294 892 335 §.
916 295 967 325 54.
997 292 1128 332 Gener,
1164 296 1197 322 et
1217 291 1302 322 Piso
1327 301 1436 333 gener
1464 303 1486 323 a
1508 291 1649 322 Pisonis
1672 293 1820 324 consulis
1846 293 1991 336 pedibu-s·

118 352 262 396 supplex
286 348 499 381 reiciebatzcr.

204 402 376 439 Secundo,
409 407 447 432 ut
481 400 719 440 existumat-er)
764 399 882 431 Monet
906 398 1114 430 Goerenzius
1141 395 1183 427 ad
1207 395 1276 427 Cic.
1309 395 1349 426 de
1372 395 1476 437 Legg.
1500 396 1534 436 I,
1566 397 1614 429 15.
1637 408 1672 439 p.
1695 396 1748 429 54.
1776 408 1883 428 unum
1903 397 1994 430 hunc

119 457 232 489 10011111
254 455 318 486 sibi
341 453 543 490 innotuisse,
568 452 602 482 111
629 464 694 493 (1110
718 452 865 483 secando
888 463 956 482 non
979 450 1093 481 addito
1117 448 1254 480 nomine
1277 449 1349 480 loco
1371 448 1520 490 positum
1542 449 1596 481 sit.

206 507 412 547 Ambitioni)
459 505 576 537 Multis
609 504 700 535 0111111
728 504 951 535 ambientibus
980 504 1087 535 honos
1117 501 1233 539 datur3
1266 507 1317 532 set
1338 501 1379 533 iis
1404 500 1584 533 iucundior
1607 511 1678 533 esse
1700 500 1816 542 debet,
1850 512 1995 544 quorum

123 561 278 606 dignitati
301 560 411 591 datur.
456 558 671 590 MANL'TIUS.

910 644 940 678 C
966 642 998 678 A
1021 644 1062 677 P.
1114 640 1217 675 XXI.

211 723 240 762 §.
264 721 315 752 51.
337 718 493 762 Appium
515 714 712 758 Claudium)
759 714 852 757 Quid
875 721 941 755 est,
976 713 1067 756 quod
1089 713 1244 755 Appium
1267 710 1348 743 dicit
1370 713 1517 745 aedilem
1537 725 1604 745 non
1630 725 1700 745 esse
1713 712 1880 756 factam?
1915 723 1998 744 con-

124 781 189 807 stat
219 773 310 804 enim
339 784 382 802 ex
413 782 439 801 c.
470 781 516 801 12.
548 769 589 799 de
614 769 697 799 Har.
725 769 828 811 Resp.
859 775 984 811 gestam
1013 766 1052 796 ab
1076 765 1192 807 Appio
1222 765 1286 796 hoc
1311 765 1429 796 eodem
1459 765 1665 796 aedilitatem
1687 765 1800 798 fnisse.
1844 767 1998 797 Tantane

124 827 298 860 hominem
329 824 590 855 nobilis-sumum
619 821 782 863 cupiditas
812 819 1003 863 sumptuosi
1032 819 1243 860 magistratus
1268 823 1300 848 et
1322 818 1475 849 minume
1503 818 1668 849 necessari
1698 819 1823 859 tenuit,
1860 825 1899 850 ut
1921 830 1999 850 eum

124 887 240 924 petere
263 879 387 909 iterum
411 875 580 907 uoluerit?
625 874 703 905 Alia
728 874 852 905 etenim
875 873 961 904 ratio
993 878 1042 903 est
1070 872 1107 902 C.
1131 871 1236 909 Mari,
1270 871 1353 901 noui
1381 871 1549 910 hominisg.
1584 882 1685 912 quem
1711 877 1824 902 tamen
1851 883 1921 902 non
1948 870 1999 902 bis

125 933 296 966 aedilitate
320 930 430 961 curuli
450 928 632 965 deiectum,
663 933 713 958 set
734 927 837 958 semel
859 925 987 965 curuli,
1025 924 1128 956 semel
1149 923 1281 966 plebeia
1304 923 1460 955 discimus
1484 936 1527 955 ex
1549 924 1638 954 Plut.
1660 923 1695 954 in
1719 924 1789 955 eins
1813 923 1882 955 uita
1908 934 1935 954 c.
1958 924 2000 962 5.,

126 992 165 1018 ut
186 985 254 1016 iam
280 990 419 1025 optumo
446 979 626 1022 repugnari
649 979 841 1011 Erfnrtensi
863 990 930 1009 non
953 976 1077 1019 possit,
1108 976 1200 1006 cuius
1223 975 1321 1006 lectio
1344 986 1416 1007 rem
1440 977 1525 1007 hanc
1546 981 1641 1006 notat
1663 976 1815 1019 adposite
1836 975 2002 1018 ponitque

126 1044 203 1070 ante
226 1036 360 1073 oculos,
400 1033 457 1074 qui
481 1032 613 1064 duabus
635 1032 873 1064 aedilitatibus
896 1030 1064 1074 repulsus.
1109 1029 1167 1059 Set
1191 1029 1252 1059 hac
1276 1039 1341 1058 una
1364 1029 1502 1059 omnino
1525 1029 1655 1059 ratione
1678 1030 1714 1061 hi
1738 1030 1804 1060 duo
1829 1027 2001 1060 Ciceronis

127 1090 194 1122 loci
224 1086 396 1119 conciliari
424 1090 575 1128 possunt.
620 1084 723 1115 Forte
752 1095 829 1114 cuin
849 1083 983 1114 Tullius
1013 1081 1167 1124 Appium
1191 1080 1287 1119 dicit,
1325 1080 1408 1112 ιιίιιο
1428 1086 1529 1123 patre
1553 1092 1631 1119 suo,
1666 1081 1809 1113 aedilem
1839 1092 1908 1112 non
1931 1091 2002 1111 esse

127 1143 271 1181 factum,
304 1138 469 1179 intellegit
497 1143 592 1179 patre
619 1143 754 1168 mortuo
783 1135 909 1166 factum
939 1146 1027 1173 esse3
1061 1146 1136 1165 cum
1167 1138 1279 1163 autem
1307 1131 1404 1171 dicit,
1441 1134 1584 1164 eundem
1607 1134 1680 1166 siae
1709 1135 1848 1178 repulsa
1861 1132 2003 1177 factum

129 1208 199 1229 esse
222 1193 412 1229 consulem,
442 1189 623 1232 intellegit,
654 1189 796 1220 aedilem
820 1188 956 1230 quidem
978 1187 1100 1226 fuisse,
1133 1192 1182 1217 set
1203 1190 1280 1227 post
1302 1184 1483 1226 repulsam.
1526 1185 1643 1227 Itaque
1665 1187 1803 1229 Pighius
1829 1184 1925 1227 Appi
1946 1195 2004 1214 ae-

130 1248 297 1280 dilitatem
333 1244 485 1275 conlocat
519 1254 606 1273 anno
639 1242 797 1273 DCLXI.
837 1240 1029 1282 factumque
1060 1245 1156 1282 putat
1184 1237 1326 1269 aedilem
1356 1248 1443 1268 anno
1473 1238 1586 1269 statim
1616 1244 1693 1280 post
1721 1238 1903 1280 repulsam.
1947 1237 2006 1268 Set

132 1300 225 1344 quod
250 1299 296 1329 ait
318 1296 492 1339 repulsum
517 1294 635 1333 fuisse,
672 1295 749 1336 quia
772 1306 847 1325 cum
873 1294 957 1325 Gaio
981 1292 1085 1324 fratre
1107 1291 1261 1335 petierit,
1299 1290 1334 1321 id
1358 1289 1423 1321 Gai
1449 1291 1624 1322 consulatu
1646 1291 1873 1330 subuertitur,
1903 1300 2005 1332 quem

132 1355 193 1386 ille
216 1364 291 1383 011111
314 1350 420 1381 altero
445 1349 482 1379 C.
509 1347 650 1379 Claudio
683 1347 806 1377 horum
834 1346 987 1389 patruele
1018 1344 1204 1377 confundit.
1251 1342 1378 1375 Confer
1406 1354 1490 1385 quae
1518 1343 1667 1375 diximus
1692 1343 1733 1374 ad
1757 1343 1779 1374 l.
1803 1354 1831 1374 c.
1856 1342 1897 1373 de
1918 1342 2003 1373 Har.

133 1408 257 1448 Resp..
283 1405 542 1435 GARATONH‘S.
588 1398 659 1430 Cfr.
683 1400 783 1430 etiam
808 1399 848 1430 de
867 1399 983 1441 Appio
1008 1398 1149 1430 Claudio
1174 1397 1242 1428 Cic.
1267 1396 1308 1427 de
1331 1397 1383 1427 Re
1405 1407 1439 1438 p.
1463 1397 1494 1435 I,
1523 1408 1571 1439 19.
1595 1397 1709 1438 ibique
1731 1396 1776 1428 A.
1799 1394 1941 1426 Maium.

219 1459 262 1491 In
286 1458 354 1489 ista
377 1453 557 1485 aedilitate
580 1451 829 1495 offensiuncula
851 1451 1003 1495 (acccepta)
1048 1450 1235 1480 Priscianus
1258 1461 1292 1491 p.
1311 1449 1383 1480 614.
1415 1449 1505 1490 [Lib.
1529 1451 1588 1481 Ill.
1610 1461 1637 1480 0.
1662 1450 1690 1480 6.
1714 1460 1747 1491 p.
1777 1449 1845 1480 151.
1868 1446 2004 1487 Krehl.]

137 1514 207 1546 ista
231 1512 266 1542 in
289 1507 487 1543 aedilitate,
514 1510 551 1534 ut
573 1506 632 1543 sit,
656 1505 725 1536 ista
747 1505 1016 1549 offensiuncula,
1044 1514 1127 1544 quae
1150 1513 1220 1532 uox
1244 1501 1413 1542 sequitur,
1439 1503 1474 1534 in
1498 1503 1677 1534 aedilitate
1699 1506 1850 1545 accepta.
1881 1500 2009 1531 GARA-

138 1573 287 1597 Toxlus.
330 1558 429 1591 Nihil
459 1557 678 1594 mutandmm
713 1558 749 1588 ia
773 1558 841 1588 ista
863 1557 1042 1588 aedilitate
1071 1566 1146 1585 011111
1179 1553 1277 1593 dicit,
1311 1554 1421 1585 eleuat
1449 1555 1540 1586 1111110
1569 1555 1750 1593 honorem,
1784 1559 1823 1584 ut
1848 1552 1884 1583 in
1906 1552 2008 1584 Uerr.

139 1618 217 1650 Act.
241 1616 276 1653 I,
314 1613 362 1645 15.
397 1623 459 1654 ego
481 1616 596 1641 (alitem
619 1610 702 1651 (ero)
729 1610 872 1647 aedilis,
905 1609 965 1640 hoc
988 1613 1056 1646 est,
1084 1607 1193 1650 paulo
1216 1608 1365 1650 amplius
1389 1619 1492 1650 quam
1510 1608 1695 1651 ρνίιιαέιιες
1729 1612 1762 1637 et
1790 1605 1826 1636 111
1848 1606 1910 1637 hac
1937 1604 2010 1647 ipsa

141 1668 295 1701 oratione
323 1677 350 1696 0.
375 1664 404 1696 5.
436 1664 489 1695 his
520 1662 705 1694 leuioribus
736 1662 902 1700 comitiis3
938 1671 965 1691 0.
990 1661 1020 1692 5.
1050 1661 1152 1692 istam
1181 1660 1404 1691 aedilitatem.
1444 1659 1645 1690 ORELLIUS.
1692 1659 1906 1699 Quamquam
1933 1655 2011 1687 Pri-

141 1720 245 1754 sciani
267 1718 433 1760 scriptura
459 1727 477 1746 a
499 1727 597 1746 sensu
626 1726 693 1745 non
719 1714 826 1744 aliena
853 1719 919 1752 est,
956 1712 1051 1743 nolui
1074 1718 1203 1752 tamen,
1240 1712 1302 1744 etsi
1324 1711 1440 1743 eadem
1462 1711 1497 1743 in
1519 1712 1547 1743 E
1570 1717 1752 1754 repertast,
1785 1711 1820 1741 in
1842 1721 1880 1741 re
1911 1708 2012 1740 dubia

142 1787 161 1807 a
182 1774 424 1817 plurumorum
446 1768 599 1800 codicum
622 1766 819 1797 anctoritate
843 1764 1035 1796 desciscere.

225 1826 383 1857 Summos
405 1820 560 1864 honores)
606 1820 845 1851 Consulatum:
874 1817 902 1848 is
925 1817 1015 1848 enim
1036 1829 1186 1849 summus
1208 1818 1318 1848 honor
1339 1816 1415 1849 fuit.
1462 1819 1519 1849 Set
1538 1816 1662 1853 miror,
1691 1827 1750 1846 cur
1773 1813 1914 1852 dixerit,
1946 1813 2012 1846 Ui-

145 1880 199 1912 dit
216 1883 320 1921 pater
343 1882 444 1914 tuus3
478 1886 554 1905 cum
585 1879 768 1913 utrumque
798 1870 988 1902 Laterensis
1017 1869 1134 1900 uidere
1166 1871 1333 1912 potuerit3
1371 1881 1572 1913 quamquam
1602 1868 1780 1899 aedilitatis
1811 1867 2012 1910 petitionem

144 1928 432 1964 adulescentulus,
465 1933 497 1957 et
519 1925 659 1956 fortasse
681 1935 766 1967 puer
788 1923 886 1954 uidit.
909 1923 1122 1954 MANUTIUS.
1166 1924 1245 1954 Non
1267 1923 1301 1954 id
1325 1935 1415 1954 nunc
1440 1923 1565 1965 agitur,
1601 1934 1682 1964 qnos
1706 1921 1798 1952 uiros
1820 1920 2013 1952 Laterensis

145 1983 235 2016 filius
259 1993 335 2012 cum
355 1979 525 2010 aedilitate
547 1977 666 2008 deiecti
689 1981 798 2008 essent
819 1987 967 2006 summos
989 1975 1135 2006 honores
1158 1987 1226 2006 esse
1249 1976 1387 2019 adeptos
1410 1976 1535 2007 uiderit
1556 1981 1614 2006 aut
1637 1974 1753 2005 uidere
1773 1973 1942 2016 potuerit,
1964 1979 2015 2004 set

147 2047 231 2078 quos
253 2033 446 2065 Laterensis
476 2037 572 2073 pater
594 2029 735 2068 uiderit,
771 2039 870 2069 quern
895 2028 1011 2058 Cicero
1036 2028 1200 2070 exemplis
1223 2028 1289 2059 illis
1318 2029 1492 2068 edoctum,
1527 2027 1764 2060 nobilissumos
1794 2037 1892 2068 saepe
1921 2026 2014 2058 uiros

148 2086 392 2120 offensiuncula
413 2085 449 2115 111
467 2083 636 2115 aedilitate
658 2087 790 2123 accepta
811 2092 959 2111 summos
983 2091 1001 2110 a
1022 2080 1150 2122 populo
1173 2081 1216 2112 R.
1245 2080 1391 2112 honores
1414 2086 1607 2111 consecutos
1631 2091 1712 2119 esse,
1737 2079 1898 2118 minume,
1923 2077 2013 2121 quod

148 2139 237 2173 filius
261 2149 350 2169 nuuc
371 2136 574 2180 praeteritus
596 2133 653 2170 sit,
680 2145 749 2164 esse
767 2133 969 2164 miraturum
989 2133 1145 2164 ostendit.

235 2191 337 2224 Auus
368 2202 449 2222 uero
480 2194 560 2220 taus
589 2193 622 2219 et
644 2187 688 2218 P.
708 2186 844 2218 Nasica
866 2186 929 2217 tibi
950 2186 1147 2217 aediliciam
1168 2187 1390 2229 praedicaret
1412 2183 1597 2229 repulsam)
1643 2184 1796 2215 Totum
1827 2183 1906 2214 hoc
1926 2200 1966 2206 —
1991 2183 2015 2223 ²)

151 2242 436 2276 sufficienter
459 2239 662 2283 impleuit
683 2257 725 2263 ·—
746 2240 775 2276 Ζ)
810 2238 1010 2282 quoniam
1042 2238 1208 2269 fecerat
1236 2238 1315 2269 ille
1344 2237 1734 2280 quaestiunculam,
1767 2242 1812 2268 ut
1833 2235 2013 2267 ambisse

231 2398 257 2437 1)
294 2398 474 2426 [cx-siculus
495 2408 616 2426 uacuus.
654 2398 692 2425 A.
712 2398 830 2426 Mnus.

227 2451 258 2490 2)
295 2450 475 2479 L‘crsieulus
496 2460 564 2478 cum
584 2450 711 2478 dimidio
733 2460 854 2478 uacuus.
892 2449 929 2477 A.
952 2451 1071 2479 Mnus.
