2185 2720
133 153 183 180 102
771 147 1347 179 COMMENTARIUS.

132 221 220 252 ctina
250 222 428 255 coniuncta
455 223 686 267 metaphorice
712 235 812 256 sensu
840 230 1001 268 usurpata
1031 235 1122 264 esse,
1158 224 1268 255 multo
1290 224 1402 256 minus
1425 230 1538 255 autem
1561 224 1693 257 indicia
1714 231 1772 256 aut
1795 223 1907 256 solida
1930 232 2008 252 um—

132 284 232 315 quam
254 281 312 306 aut
337 288 495 319 expressa
518 277 585 308 sint
599 277 695 317 dicta,
719 283 835 308 contra
854 276 1138 319 frequentissnme
1161 277 1265 319 signa
1286 277 1474 319 similisque
1497 276 1748 319 significationis
1770 276 1875 307 uerba
1896 274 2009 307 solida

132 332 165 357 et
187 339 346 370 expressa
369 328 540 368 dicantur,
568 341 672 371 eaque
695 329 767 372 ipsa
789 330 954 362 adiectiua
976 336 1014 361 ut
1037 330 1092 361 hic
1114 340 1249 371 quoque
1271 329 1311 360 ad
1335 330 1479 361 uerbum
1502 331 1607 372 signa
1627 327 1832 368 referamus,
1864 338 2008 369 sequen-

131 379 178 410 tia
208 392 275 411 non
299 380 430 423 sticata
450 399 493 404 —-
518 383 681 415 ueritatis
710 382 888 414 manifesto
916 383 1108 425 postulent:
1152 381 1311 423 equidem
1340 383 1476 413 nullum
1506 381 1683 413 dubitandi
1716 382 1830 412 locum
1861 376 2011 420 relinqui

131 432 250 472 credo,
286 432 367 474 quin
392 433 564 466 Ciceronis
596 435 703 466 oratio
726 435 766 465 ab
791 435 1033 477 interpretibus
1062 433 1283 475 interpolata,
1321 445 1426 476 eaque
1449 445 1486 465 re
1510 445 1595 475 quae
1620 433 1725 465 uerba
1746 431 1931 474 antiquitus
1953 441 2012 461 co·-

131 485 313 517 haeserunt
334 486 530 518 arctissuma
551 499 707 530 pessume
735 499 755 518 a
776 499 811 519 se
835 487 984 518 diiuncta
1008 487 1086 519 sint.
1132 485 1331 517 Ciceronem
1354 494 1466 518 autem
1492 487 1539 518 ita
1567 486 1653 518 mihi
1675 489 1906 529 persuasumst
1928 482 2012 514 scri-

135 538 259 579 psisse:
285 538 399 580 Atqui
419 540 502 571 haec
524 546 621 579 sunt,
644 540 796 579 iudice-³,
822 540 934 572 solida
956 545 989 571 et
1011 551 1171 582 expressa
1194 539 1298 581 signa
1320 539 1523 583 probitatis,
1549 551 1616 571 non
1629 538 1760 582 fucata
1772 535 1913 580 sorensi
1936 545 2013 578 spe·-

137 590 202 628 cie,
242 595 291 620 set
321 590 515 623 domesticis
547 593 666 624 inusta
693 594 784 625 notis
814 593 988 624 ueritatis.
1034 592 1130 632 Quae
1153 591 1320 633 scriptura
1343 603 1442 634 quam
1470 591 1602 633 egregie
1627 596 1661 621 et
1682 591 1757 621 usui
1780 588 1959 621 conueniat
1980 593 2015 619 et

136 641 239 672 totius
262 641 329 672 loci
351 643 550 683 sententiae,
582 645 617 676 in
640 650 837 687 promptust
858 644 986 675 nidere.
1032 642 1103 675 Csr.
1128 643 1197 675 Cic.
1220 655 1284 686 pro
1306 644 1357 676 M.
1382 643 1496 675 Caelio
1518 644 1571 682 V,
1599 653 1646 674 12.
1682 642 1820 674 Habuit
1841 642 1932 674 eizim
1953 640 2014 673 ilie

133 695 308 737 permulta
330 707 572 728 maxumarum
596 710 663 729 non
695 708 901 740 expressa
928 697 1079 739 signa,
1117 701 1168 727 set
1189 697 1398 729 adumbrata
1422 697 1608 728 uirtutum.
1638 695 1675 726 in
1699 695 1835 727 Consol.
1858 706 1893 737 p.
1920 693 2013 725 1181.

135 745 186 776 ed.
211 746 295 777 Ern.
318 747 361 778 Ia
383 761 452 791 qna
476 761 544 780 noa
558 749 654 792 ficta
676 756 709 782 et
731 748 956 787 adumbrata,
995 754 1035 780 ut
1065 748 1101 779 ia
1129 749 1268 788 multis,
1302 754 1352 780 set
1375 759 1536 780 maxume
1564 749 1710 780 solida
1739 753 1779 780 et
1809 757 2014 790 expressa

135 799 328 830 uirtutis
358 800 512 832 elucebat
541 801 746 845 effigies.
783 801 825 831 de
849 800 917 832 Off.
942 801 1008 838 ΙΙΙ,
1040 811 1094 841 17,
1121 801 1172 842 69.
1205 802 1263 833 Set
1286 813 1346 833 nos
1369 801 1446 832 ueri
1468 801 1557 832 iuris
1577 811 1832 843 germanaeque
1856 798 2015 830 iustitiae

135 852 329 883 solidam
359 857 396 883 et
426 864 672 896 expressam
698 852 911 896 effigiem
941 853 1077 885 nullam
1108 858 1279 884 tenemus.-
1312 853 1434 885 umbra
1463 858 1496 884 et
1526 851 1740 895 imaginibus
1767 852 1911 883 utimur.
1946 861 2014 892 pro

133 904 242 936 Arch.
270 910 361 943 poet.
394 905 480 944 XII,
517 905 568 936 50.
597 905 657 937 Aa
687 918 765 937 cum
790 912 926 938 statuas
953 911 986 937 et
1009 905 1199 947 imagiaeS,
1234 916 1301 935 noa
1329 906 1525 937 animorum
1547 905 1737 936 simulacra
1760 909 1812 936 set
1833 914 2015 947 corporum

135 957 287 988 studiose
315 956 418 988 multi
448 957 573 988 summi
604 957 756 989 homines
786 959 1022 1001 reliquerunt.-
1062 957 1285 989 consiliorum
1311 968 1352 988 ac
1380 958 1555 989 uirtutum
1576 962 1776 988 nostrarum
1805 955 2015 1000 effigiem

135 1021 245 1039 norme
267 1010 375 1040 multo
398 1010 501 1041 malle
524 1009 680 1040 debemus
703 1011 846 1042 summis
868 1011 1019 1053 ingeniis
1042 1020 1288 1052 expressam
1310 1013 1343 1040 et
1359 1009 1536 1052 politam?
1560 1009 1600 1039 de
1616 1010 1695 1040 Nat.
1711 1009 1817 1039 Deor.
1837 1010 1862 1047 I,
1886 1019 1936 1049 27,
1962 1007 2013 1048 75.

135 1061 224 1092 Illnt
254 1061 354 1092 uideo
378 1073 542 1103 pugnare
568 1067 616 1098 te,
651 1062 778 1103 spes-ies
807 1068 845 1093 ut
877 1063 1046 1105 quaedam
1067 1062 1114 1093 sit
1136 1062 1295 1099 deorum,
1332 1072 1419 1104 quae
1440 1061 1532 1093 nihil
1553 1061 1701 1092 conc-reti
1723 1060 1865 1099 habeat,
1898 1059 2013 1092 nihil

136 1113 222 1143 soli
234 1113 294 1150 di,
317 1113 430 1144 nillil
452 1113 672 1156 expressi,
695 1114 786 1145 nihil
806 1115 996 1153 eminentis,
1020 1120 1100 1145 etc..
1144 1113 1223 1144 Sola
1246 1113 1327 1143 haec
1349 1113 1506 1156 exempla
1528 1114 1584 1144 uel
1611 1124 1665 1144 me
1686 1124 1756 1144 non
1779 1118 1939 1144 monente
1960 1121 2014 1143 sa·-

136 1164 179 1195 tis
203 1164 389 1203 docebunt,
419 1165 523 1206 signa
546 1164 611 1196 dici
635 1166 764 1204 solida,
796 1177 880 1207 quae
903 1178 947 1197 ex
968 1166 1109 1197 materia
1138 1171 1229 1196 arcte
1252 1170 1285 1195 et
1306 1164 1451 1197 firmiter
1474 1166 1674 1197 cohaerente
1693 1171 1864 1204 constent,
1901 1169 1936 1195 et
1958 1175 2017 1195 ex·-

135 1228 272 1260 pressa,
311 1227 396 1259 quae
427 1216 568 1258 figuram
597 1217 734 1259 plenam
771 1229 808 1248 ac
837 1219 985 1261 singulas
1016 1219 1086 1250 eius
1119 1217 1224 1261 partis
1254 1217 1432 1249 eminentis
1461 1224 1495 1249 et
1527 1218 1721 1261 perspicuas
1750 1220 2016 1260 repraesentent.

139 1268 310 1300 Continuo
333 1267 462 1300 facilest
490 1269 683 1309 intellectu,
712 1271 1067 1302 accommodatissume
1089 1270 1141 1302 his
1164 1269 1337 1301 adiectiuis
1360 1270 1585 1313 respondere,
1611 1282 1695 1312 quae
1716 1268 1932 1301 accuratioris
1954 1278 2018 1299 ex·

139 1321 329 1363 plicationis
353 1333 465 1353 caussa
486 1334 504 1352 a
529 1323 691 1354 Cicerone
711 1323 825 1354 addita
847 1329 942 1363 sunt,
972 1336 1039 1356 noa
1052 1322 1184 1367 fucata
1197 1323 1339 1366 forensi
1361 1324 1485 1366 specie,
1517 1328 1568 1354 set
1589 1324 1784 1355 domesticis
1809 1323 1928 1354 inusta
1949 1333 2013 1352 no·-

141 1374 185 1404 tis
216 1374 387 1405 ueritatis.
431 1374 483 1405 Ac
511 1374 681 1416 prioribus
712 1375 870 1416 quidem,
903 1388 971 1408 non
990 1376 1121 1420 siccata
1138 1376 1281 1419 forensi
1308 1377 1436 1419 specie,
1468 1375 1646 1407 manifesto
1670 1375 1885 1418 explicantur
1912 1374 2016 1416 signa

141 1438 311 1468 expressa.
355 1427 444 1457 Nam
467 1432 503 1457 ut
526 1438 668 1469 corpora
691 1439 918 1469 maxumeque
937 1430 1051 1460 uoltus
1075 1429 1234 1460 dicuntur
1247 1429 1381 1472 fucati,
1405 1427 1463 1469 qui
1486 1427 1622 1459 obducti
1644 1433 1723 1459 sunt
1744 1427 1858 1469 aliqua
1878 1437 1926 1466 re,
1950 1436 2017 1468 qua

140 1489 241 1508 uerus
268 1489 386 1508 eorum
408 1478 540 1510 habitus
563 1490 600 1509 ac
622 1478 731 1510 forma
754 1480 956 1520 occultetur,
988 1481 1035 1512 sic
1056 1481 1150 1522 signa
1162 1480 1294 1523 fucata
1316 1486 1395 1511 sunt
1417 1491 1484 1512 non
1506 1492 1684 1523 expressa,
1717 1479 1885 1521 siquidem
1905 1478 2017 1522 spec-ie

141 1530 218 1568 illa,
245 1540 310 1571 qua
332 1536 411 1561 sunt
433 1530 594 1570 obducta,
632 1532 791 1571 efficitur,
828 1538 865 1563 ut
895 1533 1106 1574 singularum
1132 1533 1282 1574 partium
1313 1530 1423 1562 forma
1452 1538 1605 1563 accurate
1629 1532 1784 1574 cognosci
1806 1544 1874 1564 non
1896 1531 2015 1575 possit».

143 1582 271 1613 Contra
300 1582 421 1613 solidis
443 1583 556 1625 signis
585 1584 793 1626 respondent
814 1585 997 1627 aptissume
1028 1585 1223 1616 domesticis
1246 1584 1365 1615 inusta
1385 1585 1478 1616 notis
1500 1585 1680 1623 ueritatis,
1709 1584 1743 1615 id
1768 1591 1817 1616 est
1838 1583 2015 1624 eiusmodi,

142 1634 262 1675 quibus
285 1633 428 1664 firmiter
449 1634 620 1676 inpressae
643 1643 722 1668 sunt
744 1637 945 1667 domesticae
966 1643 1067 1668 notae
1094 1635 1257 1667 ueritatis.
1302 1635 1601 1676 Quemadmodum
1626 1642 1738 1667 autem
1758 1636 1916 1679 forensis
1939 1647 2016 1680 spo-

142 1687 210 1718 cies
231 1691 281 1716 est
302 1692 459 1726 esterna,
493 1698 557 1728 qua
579 1687 710 1720 fallitur
731 1689 878 1731 populus
902 1690 1108 1731 omninoque
1130 1689 1173 1728 ii,
1204 1687 1324 1730 quibus
1347 1699 1415 1719 non
1442 1689 1522 1719 licet
1543 1689 1730 1719 adtrectare
1753 1688 2017 1731 diligentiusque

142 1737 354 1769 considerare
369 1738 483 1780 signa,
510 1739 556 1770 sic
579 1741 782 1772 domestic-ae
803 1747 905 1774 notae
926 1743 1088 1775 ueritatis
1110 1747 1189 1773 sunt
1210 1741 1372 1779 internae,
1398 1740 1519 1782 quibus
1541 1751 1622 1771 uere
1645 1740 1799 1782 cognosci
1820 1741 1915 1783 signa
1934 1752 2016 1784 pos—-

142 1797 232 1822 sunt.
251 1808 293 1814 —
338 1791 424 1822 Cum
447 1792 578 1834 egregie
600 1793 800 1824 sententiam
824 1806 867 1825 ex
889 1802 1004 1826 nostra
1026 1793 1261 1826 emendatione
1285 1792 1470 1835 procedere
1493 1792 1809 1832 demonstrarimus,
1843 1805 1949 1825 unum
1972 1794 2017 1826 il-

143 1843 195 1874 lut
224 1848 364 1873 monere
394 1850 515 1883 restat,
550 1845 721 1886 quomodo
752 1846 931 1889 deprauari
959 1848 1104 1889 genuina
1133 1856 1252 1877 manus
1285 1844 1457 1876 Ciceronis
1489 1850 1666 1886 tantopere
1693 1845 1856 1886 potuerit.
1899 1847 2017 1889 Atque

143 1896 208 1927 hoc
230 1894 367 1936 quidem
390 1895 500 1936 quiuis
523 1897 712 1940 intelleget,
737 1891 879 1929 uerbum
898 1900 1029 1932 indicia
1052 1896 1245 1942 explicandi
1268 1897 1372 1939 signa
1394 1907 1507 1927 caussa
1528 1895 1720 1937 adpositum
1744 1908 1825 1928 esse.
1871 1899 1908 1930 Id
1932 1895 2016 1931 uero

143 1959 221 1978 cum
245 1952 331 1978 esset
353 1957 371 1976 a
393 1947 540 1980 librariis
563 1961 602 1980 eo
625 1950 717 1989 loco,
751 1962 817 1991 quo
842 1957 934 1982 extat
954 1951 991 1982 in
1014 1951 1201 1988 codicibus,
1234 1954 1408 1991 receptum
1430 1958 1575 1989 cumque
1597 1958 1636 1978 eo
1659 1947 1825 1979 adiectiua
1849 1950 1961 1982 solida
1984 1955 2018 1982 et

143 2011 304 2044 expressa
325 1998 512 2037 coniuncta,
534 2001 746 2043 pronominis
760 2004 843 2035 llaec
863 2003 990 2035 additio
1013 2003 1055 2033 ad
1077 2002 1261 2033 sententiae
1284 2000 1511 2042 integritatem
1533 1998 1718 2030 necessaria
1740 1999 1881 2033 debebat
1894 2002 2016 2035 uideri.

227 2051 361 2083 Facilis
383 2057 433 2082 est
456 2053 520 2085 illa
543 2054 734 2086 occursatio
757 2062 790 2087 et
813 2055 985 2088 blanditia
1002 2054 1201 2099 popularis)
1247 2055 1334 2086 Cum
1363 2052 1400 2083 in
1421 2050 1694 2083 antecedentibus
1721 2051 1839 2084 Cicero
1863 2055 2015 2096 Probita-

143 2111 213 2136 tem
235 2102 382 2134 hominis
407 2103 546 2135 dixisset
570 2117 613 2136 ex
637 2118 675 2137 eo
699 2107 975 2139 luculentissume
996 2119 1174 2150 apparere,
1198 2107 1226 2138 si
1251 2106 1324 2148 quis
1347 2116 1422 2136 cum
1446 2103 1647 2147 propinquis
1670 2109 1703 2134 et
1726 2106 1920 2138 necessariis
1940 2117 2015 2138 ma·—

143 2155 256 2187 xumis
279 2154 403 2186 amoris
426 2156 547 2187 uinclis
569 2158 701 2190 iunctus
725 2164 828 2198 esset,
865 2158 1010 2200 ideoque
1032 2170 1171 2190 suorum
1194 2170 1342 2190 amorem
1368 2168 1405 2188 ac
1426 2157 1653 2188 reuerentiam
1675 2156 1822 2198 aliquem
1847 2158 2016 2200 probitate

144 2214 276 2240 tantum
298 2206 478 2238 conciliare
503 2208 566 2239 sibi
588 2221 685 2252 posse
711 2211 927 2242 ostendisset:
951 2212 1133 2254 aptissume
1156 2222 1232 2242 eum
1256 2215 1349 2253 patet
1369 2209 1417 2241 sic
1437 2218 1597 2251 pergere,
1621 2214 1660 2239 ut
1684 2208 1787 2247 dicat,
1817 2209 1950 2241 Facilis¹
1971 2225 2014 2233 —·—

140 2260 342 2303 popularis,
376 2258 441 2289 hoc
462 2271 577 2293 sensu:
614 2262 744 2294 facilest
765 2264 893 2306 populo
917 2275 1090 2294 occursare
1120 2269 1153 2294 et
1175 2262 1352 2294 blanditias
1374 2261 1503 2299 dicere,
1543 2260 1662 2302 quibus
1684 2259 1837 2291 fauorem
1859 2260 1930 2292 eius
1951 2261 2014 2292 tibi

145 2311 318 2349 concilies,
352 2311 387 2341 id
416 2318 480 2350 est,
516 2312 645 2345 facilest
674 2315 800 2347 ciuium
832 2315 1102 2348 beneuolentiam
1131 2314 1302 2345 blanditiis
1334 2320 1368 2345 et
1390 2312 1595 2353 occursando
1619 2311 1802 2353 conligere,
1837 2311 1918 2342 licet:
1938 2312 2012 2354 quis

145 2374 227 2395 uera
248 2362 376 2393 uirtute
403 2373 470 2394 non
492 2364 536 2395 sit
557 2366 740 2407 praeditus.
784 2368 875 2400 Hinc
895 2374 1016 2411 sponte
1040 2367 1266 2408 intellegitur,
1295 2365 1545 2398 alienissmnam
1572 2374 1642 2395 esse
1665 2363 1749 2395 Baki
1773 2361 2011 2405 coniecturam,

146 2427 210 2459 pro
221 2414 350 2458 facilis
370 2415 436 2457 legi
447 2415 604 2459 fragilis
624 2417 781 2452 iubentis.
