2185 2720
803 97 811 108 ι

149 161 258 193 LVIII
816 147 1348 180 PROLEGOMENA.

149 242 275 275 optume
294 231 371 261 mihi
393 231 423 259 in
445 225 632 258 emendando
659 224 720 253 hoc
738 224 808 253 loco
831 224 986 252 Orellium
1014 222 1117 251 uideri
1143 226 1299 250 uersatum
1319 229 1400 256 esse,
1433 220 1488 258 qui
1507 220 1535 249 si
1553 221 1598 250 eis
1618 222 1824 260 argumentis,
1856 221 1969 261 quibus
1989 226 2021 251 et

149 286 270 323 poterat
297 285 327 308 et
355 278 498 310 debebat,
527 280 593 303 tum
620 273 761 312 priorum
789 271 945 299 editorum
971 269 1139 298 sententias
1164 269 1344 303 refutasset,
1379 271 1446 295 tum
1473 277 1557 296 suam
1582 268 1696 307 ipsius,
1731 281 1821 309 quam
1845 268 2020 308 proposuit,

148 331 239 360 huius
259 327 321 356 loci
340 322 514 360 corrigendi
534 321 685 350 rationem
705 319 924 353 confirmasset,
944 316 1026 345 nihil
1046 316 1188 355 equidem
1208 315 1362 350 haberem,
1383 314 1466 352 quod
1484 314 1636 344 adderem.
1675 315 1796 346 Uerum
1814 316 1848 346 id
1867 327 1937 345 cum
1955 326 2020 344 non

147 379 188 407 sit
209 378 336 408 factum,
364 371 494 408 ideoque
514 369 584 404 alii,
612 368 665 406 qni
684 364 847 406 postmodo
869 364 907 392 de
926 363 986 392 hoc
1006 364 1076 392 Ioco
1097 367 1241 401 egerunt,
1271 362 1301 390 ei
1321 361 1482 390 adsensum
1501 372 1590 390 suum
1611 362 1806 401 denegarint,
1839 374 1940 392 meum
1959 373 2020 402 pu—

147 424 220 458 taui,
241 433 275 450 ca
294 421 327 448 in
347 417 482 446 medinm
500 416 651 454 proferre,
672 414 782 453 quibus
803 422 893 450 quam
912 420 987 439 uere
1007 411 1146 439 Orellius
1168 409 1358 448 corruptelas
1378 407 1471 437 huius
1490 408 1554 437 loci
1572 410 1757 446 sustulisset,
1776 410 2020 449 intellegeretur.

218 485 264 512 Ac
298 481 433 520 primum
467 477 591 516 quidem
624 480 710 505 recte
745 484 850 503 omnes
886 473 1038 509 editores,
1076 472 1129 511 qui
1164 471 1283 510 aliquid
1309 470 1401 499 adh.
1429 470 1534 499 locum
1568 471 1770 508 adnotarunt,
1804 473 1900 502 uerba
1925 474 2021 502 nostis

147 539 247 562 cetera
266 530 348 558 inter
369 537 417 561 ea,
445 536 520 564 qnae
541 523 742 558 antecedunt,
778 521 982 559 uigilandum
1000 536 1039 541 -
1059 520 1164 553 bonis,
1191 524 1222 547 et
1242 528 1319 557 quae
1339 522 1505 554 secuntur,
1532 528 1633 547 nonne
1651 535 1689 540 —
1708 521 1892 555 inuideant,
1917 520 2023 548 locum

146 589 236 620 posse
255 577 368 606 habere
388 578 546 611 negarunt.
586 570 723 599 Primum
744 569 826 596 enim
852 577 974 607 semper
994 567 1126 595 Romani
1154 565 1260 595 uerbis
1287 566 1369 592 nosti·
1394 571 1496 594 cetera
1521 565 1574 593 uel
1598 565 1768 602 similibus,
1803 567 1836 596 id
1864 566 1946 605 quod
1971 575 2022 594 res

148 629 214 666 ipsa
234 626 310 659 fert,
336 627 401 651 tum
428 624 576 653 utuntur,
607 627 676 645 cnm
701 621 752 645 aut
779 616 876 645 uerba
900 615 979 645 alius
1005 614 1136 654 amplius
1162 614 1282 643 referre
1309 616 1361 641 aut
1387 611 1513 641 omnino
1540 611 1579 641 de
1604 622 1638 641 re
1659 613 1800 653 quapiam
1818 614 1910 654 le‘a
1928 612 2025 643 uerba

155 708 572 725 “f-.—

149 779 197 806 ille
214 783 267 803 etc.
290 775 413 807 scripsit,
439 780 491 797 non
517 775 547 795 ut
565 775 617 796 etc.
641 769 688 795 sed
710 773 741 794 ut
762 773 814 796 etc.
839 766 994 794 excitaret?
1024 767 1081 801 Ego
1105 775 1173 792 uero
1201 765 1238 792 ita
1265 765 1431 791 scribendum
1455 764 1587 798 suspicor:
1615 764 1793 800 Uigilondum
1815 771 1856 793 est
1871 774 1975 801 semper
1991 780 2024 785 —

147 821 256 850 Dlultae
279 818 395 844 insidiae
419 820 483 841 sunt
508 814 592 841 bonis.
628 814 682 839 Sed
698 817 724 838 te
743 814 797 846 (aut
814 813 920 846 Nonne)
944 812 973 837 id
998 811 1069 846 quod
1092 810 1173 836 multi
1196 810 1340 835 inuideant
1357 822 1391 829 —
1409 808 1495 833 nostis
1521 813 1619 835 cetera.
1654 811 1730 845 Quae
1753 811 1862 846 scrip-sit
1884 810 1980 846 grauis
1997 814 2024 835 et

149 866 305 901 ingeniosus
319 866 414 895 poeta,
434 863 536 884 non‘ut
554 864 614 883 etc..
650 857 910 883 GARATONIUS.

218 907 328 941 „Nostri
347 905 399 930 loci
419 903 593 928 constituendi
613 902 711 934 duplex
731 901 816 926 adhuc
833 900 1005 933 potissumum
1024 898 1135 924 innaluit
1157 897 1241 923 ratio:
1274 897 1354 923 altera
1375 896 1528 922 Graeuiana
1548 895 1593 929 [de
1613 905 1664 930 qua
1681 898 1807 925 monitum
1826 908 1840 924 a
1857 907 1900 923 me
1917 898 2021 932 supra];

149 957 231 982 altera
249 950 384 978 Lambini,
411 947 554 978 Garatoni,
573 945 691 977 Weiski,
719 944 843 976 Schutzi,
862 945 906 978 qni
924 944 973 978 ipsi
999 952 1102 977 quoque
1119 943 1217 967 leuiter
1235 941 1361 966 dissident
1378 941 1404 966 in
1423 941 1592 974 quibusdam,
1612 947 1652 966 set
1669 943 1696 968 in
1714 952 1747 968 eo
1766 943 1928 976 conspirant,
1953 942 2026 975 quod

149 999 235 1025 nostis
252 1001 340 1020 cetera
358 996 538 1024 transponunt.
574 991 689 1023 Optume
709 990 815 1023 quidem
833 988 903 1012 inter
921 988 969 1013 hos
987 993 1104 1012 uersatus
1129 991 1169 1011 est
1189 985 1356 1010 GaratoniuS.
1393 984 1525 1010 NVeiskius
1544 994 1559 1010 e
1577 985 1700 1012 Sextiana
1723 987 1868 1020 profecisse
1886 986 1937 1011 sibi
1953 985 2025 1010 uisus

150 1042 246 1069 edidit:
278 1036 456 1071 Z‘igilondum
474 1048 508 1055 —
525 1033 610 1060 honis.
644 1034 737 1059 Nostis
755 1037 853 1057 celera.
889 1032 942 1057 Sed
964 1036 990 1056 te
1007 1031 1036 1055 id
1054 1030 1125 1065 quod
1144 1029 1225 1055 multi
1241 1029 1395 1055 inuideant.
1430 1029 1526 1054 Cetera
1551 1038 1610 1054 cum
1637 1030 1770 1062 Graeuio,
1800 1030 1867 1055 haec
1884 1034 2025 1064 praeterea

150 1087 290 1113 adnotans-
314 1080 435 1107 Nostis
460 1083 577 1103 cetera
603 1079 700 1103 rectius
718 1078 747 1101 in
758 1077 821 1111 fine
835 1081 958 1110 ponatur
971 1080 1035 1110 post
1052 1074 1253 1100 inuideant.
1288 1073 1429 1098 Posterius
1453 1070 1602 1106 scripsit
1626 1078 1681 1105 est,
1705 1074 1816 1107 opinor,
1835 1074 2024 1100 inducendum.

151 1128 293 1157 Schmzius
311 1134 389 1150 ΠΒῙὉῘ
413 1123 474 1157 sig·
493 1136 525 1142 ···
544 1120 628 1146 1⁷⁰111'S.
664 1123 725 1146 Non
743 1125 770 1145 te
787 1135 821 1139 -
843 1120 997 1146 inuideant.
1015 1133 1048 1139 ·-·
1066 1133 1099 1139 ——
1116 1119 1210 1145 Nostis
1228 1121 1333 1146 ceter-ai
1352 1125 1420 1150 quae
1437 1117 1533 1151 grauis
1550 1116 1599 1142 ille
1616 1122 1642 1142 et
1660 1117 1715 1152 ing·
1728 1123 1812 1151 Poeta
1827 1117 1952 1152 scripsit,
1969 1127 2025 1144 non

150 1180 181 1201 uf
200 1179 261 1203 erc„
280 1170 347 1195 male
366 1169 436 1201 prius
455 1167 515 1191 illut
532 1165 641 1199 scripsit
659 1165 760 1190 delens.
795 1164 928 1190 Manutius
946 1165 1017 1189 inter
1036 1164 1163 1188 utrumuis
1181 1161 1357 1187 inducendum
1375 1161 1527 1186 fluctuabat.
1559 1162 1656 1187 Uerum
1676 1160 1778 1187 Weiski
1797 1163 1851 1188 Sed
1867 1167 1894 1187 ie
1911 1162 2027 1187 arbitra-

150 1220 233 1247 rium,
259 1224 288 1239 ac
306 1221 382 1237 sensu
401 1219 500 1235 cassum
518 1214 556 1234 est
575 1210 636 1234 Non
660 1213 687 1233 te
705 1208 827 1239 Schutzi,
853 1209 960 1242 insuper
986 1209 1128 1233 refutatum
1152 1207 1213 1232 loco
1238 1205 1394 1235 Sextianae3
1420 1205 1590 1238 transpositio
1615 1211 1701 1231 autem
1717 1206 1759 1231 his
1777 1206 1897 1231 omnibus
1914 1205 2027 1240 probata

151 1261 240 1288 inuitis
260 1259 288 1283 fit
307 1256 451 1281 codicibus.
486 1255 515 1278 In
535 1253 684 1278 Graeuiana
704 1261 769 1277 uero
787 1253 903 1278 lectione
922 1261 1041 1278 maxume
1060 1251 1173 1276 offendit
1195 1249 1255 1274 illut
1273 1250 1366 1274 Nostis
1383 1254 1489 1281 cetera,
1523 1249 1580 1273 aliis
1605 1253 1696 1274 tamen
1717 1255 1815 1283 poetae
1833 1250 1921 1275 uerbis
1938 1250 2027 1275 statim

153 1304 292 1333 subiectis,
313 1309 369 1325 cnm
389 1301 415 1324 in
434 1299 499 1323 locis
519 1297 645 1321 similibus
665 1302 727 1330 post
745 1296 819 1328 talia⁷
844 1301 873 1321 ut
900 1301 1105 1322 consentaneum
1130 1299 1186 1327 est,
1209 1294 1351 1319 reticentia
1378 1298 1486 1318 utantur
1509 1298 1564 1318 tum
1587 1293 1644 1327 ipse
1665 1293 1760 1330 Cicero
1779 1294 1812 1319 de
1829 1294 1913 1328 Legg.
1926 1294 1966 1327 II,
1984 1295 2027 1322 25.

153 1358 246 1383 rogum
264 1347 354 1376 ascia,
380 1353 412 1368 ne
430 1342 527 1376 polito.
563 1340 655 1365 Nostis
673 1349 741 1374 quae
759 1345 893 1365 secuntur.
929 1340 1104 1366 Discebamus
1127 1337 1197 1364 enim
1217 1340 1298 1372 pueri
1314 1340 1384 1363 XII.
1421 1338 1485 1371 (Csr.
1511 1338 1675 1371 aliquatenus
1702 1339 1780 1364 etiam
1797 1348 1847 1372 pro
1864 1338 1932 1366 Rab.
1950 1339 2026 1365 Post.

155 1406 177 1419 c.
200 1402 240 1418 ιο.
265 1392 423 1417 moreretur,
449 1385 568 1419 inquies:
595 1393 659 1409 nom
677 1383 705 1408 id
724 1384 874 1419 sequitur),·
896 1390 953 1410 tum
970 1385 1070 1410 Plinius
1086 1383 1171 1417 Epist.
1188 1383 1238 1415 111,
1264 1391 1289 1415 9.
1314 1382 1360 1416 qui
1376 1396 1411 1402 —
1428 1382 1541 1409 militem
1558 1382 1638 1408 iussit
1660 1382 1775 1408 caudam
1791 1382 1853 1416 equi
1868 1396 1903 1402 —
1920 1381 2026 1417 reliqua

155 1437 243 1464 nosti,·
262 1434 307 1459 nbi
328 1432 484 1457 Schaeserus
503 1437 590 1453 rursus
608 1427 698 1452 laudat
716 1427 874 1454 Ciceronem
893 1430 926 1454 ad
944 1430 1007 1454 Diu.
1026 1429 1091 1461 VII,
1116 1428 1158 1454 28.
1184 1427 1230 1452 ubi
1247 1437 1295 1452 nec
1312 1427 1506 1461 Pelopidarum
1524 1439 1558 1446 —
1576 1426 1648 1452 nosti
1665 1431 1762 1451 cetera.
1797 1426 1846 1451 His
1863 1426 1944 1459 igitur
1960 1435 2027 1460 per-

154 1481 242 1516 pensis
266 1479 301 1503 ita
326 1477 435 1510 primum
461 1473 596 1507 persanari
622 1471 768 1496 arbitrabar
793 1472 881 1497 locum
904 1482 967 1498 sane
993 1472 1196 1504 difficillumum,
1219 1472 1240 1497 si
1266 1472 1415 1505 legeretur:
1448 1470 1626 1505 Uigilandum
1643 1485 1677 1490 —
1694 1469 1778 1495 bonis.
1813 1470 1907 1496 Nostis
1928 1475 2027 1498 cetera·

153 1527 263 1552 Nonne.-
283 1522 327 1553 „id
346 1520 415 1553 qnod
433 1517 512 1542 multi
530 1516 691 1542 inuideont⁴‘
709 1514 762 1540 —P
780 1525 849 1550 quae
866 1516 976 1550 scripsit
992 1531 1027 1536 -
1044 1517 1198 1550 ingeniosus
1210 1521 1302 1550 poeta,
1321 1526 1375 1541 non
1395 1519 1424 1541 ut
1443 1520 1507 1541 etc..
1541 1513 1657 1540 Nonne?
1684 1514 1787 1540 scilicet
1804 1513 1856 1539 illa
1875 1514 1978 1548 nostis,
1995 1515 2026 1540 id

155 1569 225 1605 quod
244 1565 323 1592 muln·
342 1563 499 1592 inzudeant,
524 1561 568 1585 ubi
586 1560 719 1585 inuidiose
737 1560 863 1584 reticeret
880 1561 1030 1594 sequentia:
1055 1560 1186 1594 multique
1213 1566 1357 1595 expetant,
1385 1560 1496 1585 inscitia
1515 1564 1555 1584 est
1572 1564 1598 1584 te
1611 1558 1770 1593 postulare,
1802 1558 1886 1592 qualis
1902 1559 2026 1591 profecto

156 1619 243 1639 uestra
263 1610 325 1640 suit,
344 1606 493 1632 Laterensis
511 1610 537 1630 et
556 1604 644 1636 Cassi,
678 1605 721 1637 qui
740 1604 804 1628 mihi
823 1612 907 1628 meam
925 1604 1018 1630 soletis
1036 1604 1158 1629 inuidere
1176 1605 1338 1637 dignitatem.
1371 1604 1479 1629 Etenim
1499 1603 1569 1627 solet
1589 1608 1616 1627 et
1633 1603 1696 1628 alibi
1715 1602 1865 1628 dimidiatos
1881 1611 1973 1628 uersus
1989 1603 2030 1629 ita

156 1656 278 1685 laudare,
305 1658 332 1676 ut
352 1651 476 1675 inuidiam
496 1649 574 1674 faciat
594 1648 761 1679 aduersario,
794 1648 877 1672 ueluti
894 1649 920 1673 in
937 1649 993 1681 ipsa
1011 1648 1134 1673 Sextiana
1153 1648 1292 1682 aliquoties
1312 1657 1335 1674 c.
1355 1649 1398 1673 55.
1416 1648 1467 1673 56..
1503 1647 1663 1672 seruabatur
1681 1646 1717 1671 ita
1736 1646 1809 1678 loco,
1834 1646 1880 1671 ubi
1899 1646 1978 1672 codd.
1998 1647 2027 1672 id

159 1700 300 1728 exhibent,
328 1696 412 1720 nostis
435 1699 540 1724 cetera,
573 1691 728 1716 seruabatur
753 1692 896 1717 eorundem
920 1701 1027 1723 nonne5
1053 1693 1100 1717 illo
1126 1701 1178 1718 uno
1203 1701 1262 1717 mea
1290 1693 1372 1717 lectio
1398 1691 1566 1726 premebatur
1584 1690 1768 1722 incommodo,
1795 1690 1866 1723 quod
1883 1694 1945 1724 post
1968 1690 2030 1716 illut

158 1743 248 1771 Nostis
274 1745 361 1765 celera
392 1739 479 1763 denuo
509 1736 566 1762 Atti
597 1735 779 1760 inferebantur
803 1743 905 1761 uersus.
955 1736 1142 1762 Uerumtamen
1172 1737 1290 1762 consulta
1313 1737 1407 1770 Angeli
1442 1736 1560 1761 editione
1582 1735 1687 1760 Iuntina
1709 1734 1791 1760 incidi
1815 1733 1975 1768 necopinato
1999 1734 2027 1761 in

159 1788 298 1813 lectionem
317 1785 384 1808 hanc
402 1781 498 1807 nemini
516 1780 602 1805 adhuc
620 1784 801 1803 memoratam:
834 1779 1011 1813 vigilandum
1028 1794 1063 1799 --
1081 1779 1165 1806 bonis.
1201 1782 1282 1807 ,Nosti
1304 1787 1408 1811 cetera,
1434 1790 1502 1815 quae
1528 1779 1637 1814 scripsit
1652 1778 1748 1813 grauis
1765 1777 1812 1804 ille
1829 1782 1856 1803 et
1873 1778 2030 1812 ingeniosus

155 1836 251 1867 poeta,
269 1827 389 1862 scripsit,
409 1834 460 1850 non
478 1829 509 1849 ut
527 1830 588 1848 etc..
622 1823 698 1847 Haec
716 1831 781 1847 uero
799 1831 853 1848 non
870 1824 952 1849 minus
972 1833 1004 1850 ex
1022 1825 1085 1850 Msis
1104 1825 1183 1850 ducta
1201 1835 1271 1859 esse,
1291 1836 1368 1860 qnam
1386 1833 1499 1858 sequens
1511 1828 1668 1858 praestare!
1685 1824 1802 1849 eiusdem
1820 1821 1952 1855 editionis,
1970 1823 2029 1856 quis
2058 1831 2062 1843 1

158 1872 334 1902 inficiabitur?
353 1871 457 1895 Locum
474 1869 553 1902 igitur
571 1867 772 1892 uexatissumum
794 1876 851 1892 cum
868 1868 895 1893 in
914 1877 945 1894 ea
961 1878 1014 1894 non
1030 1873 1085 1893 tam
1100 1873 1248 1896 truncatum
1268 1880 1345 1904 qnam
1363 1869 1442 1903 magis
1463 1868 1618 1894 concinnum
1638 1867 1757 1894 exhiberi
1774 1867 1975 1901 perspexissem,
1995 1876 2029 1893 eo
2061 1877 2065 1880 ²

159 1920 237 1947 facile
255 1917 383 1942 adductus
400 1922 470 1943 snm,
495 1917 523 1936 ut
543 1920 681 1942 censeam,
707 1911 815 1935 Attiana
832 1912 881 1937 ista
905 1918 965 1946 post
983 1913 1056 1937 nosti
1073 1917 1161 1938 celera
1180 1914 1321 1948 antiquitus
1339 1915 1406 1947 iam,
1436 1917 1496 1939 ante
1515 1913 1620 1938 codices
1638 1916 1758 1943 nostros,
1781 1911 1879 1936 inserta
1897 1911 1977 1937 fuisse
1996 1920 2030 1937 ex

160 1965 216 1998 ipsa
241 1960 365 1986 Sextium
389 1967 403 1981 a
422 1957 599 1981 Grammatico
627 1955 702 1980 nimis
728 1954 863 1987 diligente.
897 1956 1040 1990 Egregium
1068 1965 1134 1982 uero
1160 1958 1245 1991 ipsum
1268 1958 1327 1983 illut
1345 1959 1418 1983 nosti
1441 1966 1490 1991 pro
1518 1957 1604 1982 nostis
1621 1956 1654 1980 ad
1670 1964 1750 1981 unum
1767 1955 1895 1988 Cassium,
1910 1955 2031 1989 inparem

162 2005 299 2033 Ciceronis
318 2002 434 2027 inuidum
452 2001 578 2030 refertur,
607 2008 720 2032 quocum
744 1998 802 2023 solo
827 2008 894 2024 nunc
918 2001 1062 2026 altercatur
1086 2007 1184 2028 orator.
1217 2002 1344 2027 Attamen
1367 2009 1518 2035 aegerrume
1543 2008 1661 2026 caremus
1685 1999 1732 2025 illo
1751 2007 1856 2031 nonne,
1874 1999 1902 2024 in
1918 1999 2032 2033 reliquis

163 2050 283 2077 omnibus
300 2047 380 2072 obuio
392 2065 398 2076 ‚
423 2045 472 2069 etsi
491 2045 516 2069 in
534 2044 622 2068 multis
643 2048 781 2075 corruptos
806 2042 834 2067 id
858 2049 943 2069 autem
961 2045 1005 2070 uel
1032 2054 1106 2077 casu,
1129 2045 1174 2070 nel
1192 2046 1264 2079 quod
1282 2054 1373 2079 parum
1396 2045 1560 2070 intellectum
1579 2049 1662 2076 esset,
1680 2044 1712 2069 ab
1731 2043 1842 2077 Angelio
1860 2043 2033 2076 praetermis-

162 2104 236 2125 sum,
254 2101 307 2118 non
327 2090 405 2115 modo
424 2098 501 2114 sensu
519 2089 570 2113 iam
589 2093 648 2112 ante
667 2087 782 2111 indicato
802 2092 909 2120 optume
927 2089 1026 2114 seruari
1045 2094 1147 2123 potest,
1172 2096 1213 2116 set
1236 2090 1329 2121 etiam,
1346 2094 1376 2114 ut
1393 2093 1450 2114 tota
1469 2088 1584 2113 clausula
1603 2088 1735 2114 Cicerone
1752 2096 1817 2114 uere
1834 2086 1912 2121 digna
1929 2086 2032 2119 euadat,

162 2138 244 2164 debet
261 2134 381 2161 retineri.
415 2133 453 2157 Ita
474 2141 536 2165 ergo
554 2131 637 2156 uerba
656 2131 780 2164 deinceps
800 2137 876 2156 erunt
894 2133 1089 2159 constituenda:
1107 2143 1177 2168 quae
1194 2133 1244 2159 ille
1259 2147 1292 2153 -—
1309 2132 1366 2159 suis
1378 2132 1516 2167 praecipit
1525 2131 1615 2166 filiis.-

375 2176 551 2211 L'igilandum
569 2179 609 2200 est
625 2183 743 2208 semper,⁸
761 2175 864 2201 multae
881 2176 1000 2203 insidiae
1017 2183 1080 2203 sunt
1099 2178 1186 2204 honis.
2013 2197 2017 2201 -

232 2223 311 2250 Nosti
329 2226 425 2248 cetera.
458 2218 576 2246 Nonne?
592 2228 661 2253 quoe
678 2219 787 2252 scripsit
802 2220 898 2254 grauis
915 2221 963 2247 ille
981 2227 1007 2247 et
1025 2221 1182 2256 ingeniosus
1194 2225 1287 2255 poeta,
1304 2229 1359 2246 non
1376 2224 1407 2245 ut
1425 2225 1487 2247 etc..
1516 2221 1621 2253 Nonne,
1638 2219 1696 2245 scil.
1714 2217 1809 2245 nosti?
1823 2219 1905 2244 Immo
1922 2221 2031 2251 optume

165 2275 195 2295 tu
214 2268 297 2298 nosti,
323 2265 407 2295 Cassi,
433 2264 513 2289 homo
531 2264 651 2289 nimirum
670 2264 788 2294 erudite,
815 2269 842 2288 et
859 2265 903 2297 qui
920 2265 978 2290 Atti
995 2266 1096 2292 fabulas
1113 2266 1197 2300 probe
1217 2265 1313 2296 calles,
1336 2264 1462 2290 inuidiam
1482 2265 1561 2290 etiam
1577 2265 1650 2290 illam
1667 2268 1696 2289 et
1710 2264 1852 2294 inscitiam,
1876 2271 1986 2296 quarum
2003 2263 2032 2289 in.

167 2311 336 2345 sequentibus
354 2314 434 2342 poeta
451 2308 576 2333 meminit.
610 2309 707 2333 Nonne
726 2312 813 2332 autem
830 2308 865 2333 ita
884 2309 962 2342 plane
980 2310 1095 2342 positum
1114 2314 1186 2336 extat
1203 2317 1251 2342 pro
1270 2309 1351 2334 Caec.
1378 2318 1399 2334 c.
1420 2310 1477 2335 15.:
1507 2311 1605 2334 Uerum
1623 2309 1664 2333 ita
1682 2312 1738 2339 est,
1760 2307 1802 2331 uti
1817 2306 1893 2331 dicis.
1930 2309 1966 2332 Te
1983 2307 2032 2332 de·-

167 2357 265 2381 iectum
283 2352 362 2377 debeo
381 2351 544 2385 intellegere,
563 2351 670 2377 etiamsi
687 2355 777 2376 tactus
795 2360 849 2376 non
859 2352 959 2385 fueris.
990 2352 1108 2378 Nonne?
1126 2354 1188 2387 Age
1205 2361 1276 2378 nunc
1295 2358 1355 2378 etc..
1381 2353 1517 2379 Posterius
1535 2353 1650 2386 denique
1665 2349 1782 2384 scripsit,
1800 2351 1849 2376 etsi
1866 2350 1899 2375 ab
1916 2351 2032 2385 Angelio

169 2398 364 2426 confirmatuuz‚
383 2397 509 2429 originem
528 2396 611 2420 debet
625 2395 726 2420 ‘caussis
744 2404 759 2419 a
778 2395 924 2421 Garatonio
943 2396 1050 2429 adlatis,
1068 2406 1155 2431 neque
1173 2397 1284 2431 posthac
1301 2397 1352 2422 erit
1369 2398 1551 2429 retinendum,
1570 2405 1628 2422 cum
1643 2395 1784 2421 oratoriam
1802 2395 1855 2420 uim
1871 2395 1970 2421 nullam
1986 2395 2031 2421 hic

170 2443 269 2469 habeat
284 2439 391 2466 iteratio
408 2440 485 2464 uerbi
502 2449 555 2465 non
574 2440 689 2466 ornantis
706 2448 793 2474 neque
810 2448 867 2465 rem
887 2440 1056 2475 extollentis,
1080 2446 1121 2468 set
1139 2442 1310 2468 necessarii.“
1344 2442 1544 2468 ORELLIUS.
