2185 2720
922 123 947 154 c
966 123 995 153 A
1015 123 1060 153 P.
1097 122 1207 154 xvn.
1227 121 1254 164 ς.
1273 128 1318 158 43.
2012 136 2066 163 133

170 209 221 235 set
244 200 324 233 illut
335 198 496 244 fortasse
527 199 616 231 male
639 211 695 231 me
716 198 879 240 habebat,
915 205 949 231 et
969 199 1030 231 ubi
1052 198 1245 231 coniectura
1268 198 1484 242 consisteret,
1520 212 1591 233 non
1620 201 1844 245 reperiebam.
1890 207 1952 239 Est
1974 208 2066 240 enim

169 253 381 288 Erfurtensis
406 253 525 286 ceteris
549 253 651 285 etiam
675 252 871 296 corruptior
896 252 1063 295 [minume
1085 252 1203 294 uero];
1231 263 1275 284 ex
1299 265 1365 295 quo
1389 265 1458 285 uno
1483 255 1610 288 tribum
1628 255 1797 288 Graeuius
1819 261 1975 302 sumpsit,
1999 262 2068 293 Er.

167 313 283 339 nestus
306 306 468 346 adsciuit‚
493 305 585 349 quod
609 305 644 336 id
667 311 829 348 putarent
850 305 1069 348 sequentibus
1092 311 1375 346 consentaneum,
1402 306 1438 338 in
1461 318 1528 349 quo
1552 313 1665 339 tamen
1687 308 1781 352 ipso,
1807 310 1909 344 etiam
1932 320 1971 345 ut
1992 321 2066 347 tum

169 366 242 392 erat
264 360 369 400 locus,
392 359 461 391 uiri
484 358 681 390 doctissumi
703 357 921 390 fallebantur.
965 360 1057 391 Nam
1077 357 1284 400 insperatam
1305 357 1452 409 denique
1475 371 1576 402 opem
1599 361 1679 392 tulit
1700 368 1769 394 tam
1784 362 1969 406 deprauato
1990 366 2065 398 loco

168 413 352 445 Bauaricus
379 415 534 456 [prorsus
559 411 791 443 consentiente
813 410 907 450 ΕΓΗ,
941 411 1008 443 nisi
1038 409 1129 453 quod
1153 409 1189 440 in
1211 410 1278 441 hoc
1299 411 1388 442 male
1412 412 1542 444 tribum
1566 425 1630 455 pro
1655 415 1767 447 tribus
1796 417 1997 459 scriptum]‚
2029 419 2068 451 in

169 476 237 508 quo
266 477 373 508 purus
404 471 506 507 atque
537 464 670 506 integer
700 463 748 494 ita
778 464 1022 505 perscribitur=
1058 464 1202 496 Etenim
1230 463 1263 493 si
1289 475 1369 495 reus
1393 465 1504 497 tribus
1527 467 1659 505 ederet,
1702 468 1894 502 Uoltiniam
1908 470 2069 514 fortusse

166 519 339 552 Plancius
366 524 510 562 propter·
539 516 828 550 necessitudinem
857 529 898 548 ac
928 517 1169 554 uicinitatem,
1205 527 1307 547 suam
1338 528 1421 548 uero
1444 524 1533 551 certe
1556 520 1731 554 edidisset.
1778 524 1888 554 Uerae
1911 523 2067 557 lectionis

167 570 329 612 reliquias
352 575 420 602 tres
444 568 633 602 Britannici
657 569 705 609 [et
726 567 785 598 alii
808 579 878 599 non
900 569 1013 612 pauci]
1038 574 1187 601 seruant.
1232 569 1375 609 Leuest,
1401 570 1492 611 quod
1516 582 1603 602 unus
1626 571 1744 612 habet,
1768 576 2005 608 necessitatem
2027 590 2069 609 ac

167 623 430 663 uissitudinem,
464 624 499 655 h.
523 634 552 654 e.
581 621 870 654 necessitudinem
898 634 940 654 ac
970 622 1199 654 uicinitatem.
1242 620 1327 652 Illut
1359 629 1460 665 caput
1483 629 1549 663 est,
1590 624 1680 666 quod
1706 625 1798 657 idem
1828 638 1905 659 cum
1937 628 2069 662 duobus

168 676 243 708 aliis
267 676 408 707 exhibet
434 675 614 718 negatione
637 673 765 705 deiecta
788 686 888 706 suam
910 687 993 706 uero
1021 672 1354 715 [frequentissumast
1375 687 1443 707 non
1467 682 1500 707 et
1522 689 1605 709 uero
1624 677 1869 719 particularum
1892 688 2070 723 permuta-

168 729 217 762 tio
240 729 276 760 in
299 728 398 760 codd.
422 740 507 760 saec.
529 728 632 760 XIV.
655 732 690 758 et
702 726 786 758 XV.
810 725 955 768 scriptis]
981 726 1165 765 edidisset3
1189 725 1280 768 quod
1303 726 1332 757 si
1356 726 1475 759 uidere
1501 729 1584 761 olim
1607 729 1766 769 licuisset,
1790 731 1832 762 ad
1857 734 2071 766 emendatio-

167 793 249 816 nem
270 781 391 814 fuisset
410 781 565 825 profecto
588 779 679 811 satis.
724 779 815 811 Nam
837 778 1009 820 reliquom
1036 779 1128 821 quod
1151 784 1242 816 erat,
1267 785 1378 819 certe,
1400 781 1602 814 antecedens
1625 783 1818 825 postulabat
1831 784 2011 827 fortasse3
2033 787 2071 819 in

173 847 242 878 quo
270 846 363 866 nunc
392 833 608 877 explanando
637 843 693 864 me
721 831 816 862 locus
838 832 1011 873 praeclare
1041 830 1244 862 constitutus
1267 831 1410 864 adiuuit.
1458 835 1546 866 Cum
1570 835 1725 867 Plancius
1748 838 1977 879 conpetitores
2000 850 2072 871 non

168 888 242 920 sine
264 899 324 919 sua
345 887 477 918 inuidia
499 885 639 925 uicerit,
666 896 708 915 ex
728 884 876 916 XXXV
898 884 1054 915 tribubus
1079 889 1163 925 quot
1185 884 1321 923 tulerit,
1352 896 1422 917 non
1446 892 1495 917 est
1518 887 1710 918 obscurum.
1754 889 1890 920 Harum
1912 890 2071 934 princeps

169 940 360 973 Terentina
381 945 472 970 certe
493 937 577 977 suit3
602 937 638 968 in
662 948 728 978 qua
750 935 889 978 gratiosi
913 936 1069 968 homines
1091 936 1255 968 uidentur
1277 936 1397 977 fuisse,
1422 939 1481 980 qui
1505 939 1586 971 alias
1609 940 1737 982 aliquas
1761 942 1990 975 conciliarint:
2011 956 2072 976 ne-

171 1007 237 1040 que
263 994 371 1031 enim,
393 997 432 1023 ut
453 991 501 1022 ait
526 1002 554 1021 e.
581 990 649 1030 18„
675 989 953 1022 interdicendam
976 995 1044 1030 est,
1077 1003 1119 1022 ne
1139 988 1308 1032 conficere
1329 993 1534 1024 necessariis
1559 994 1632 1024 suis
1652 1006 1752 1026 suam
1775 996 1904 1027 tribum
1921 997 2073 1040 possint,

169 1060 212 1081 ne
228 1058 300 1091 par
320 1045 363 1078 ab
387 1046 432 1077 iis
455 1056 581 1076 munus
604 1044 642 1076 in
665 1056 731 1075 sua
748 1042 919 1086 petitione
939 1049 1152 1086 respectent3
1174 1048 1293 1073 mutua
1315 1042 1397 1074 haec
1419 1050 1498 1075 sunt
1521 1044 1630 1077 officia
1652 1057 1721 1077 non
1745 1048 1933 1089 petitorum
1955 1049 2073 1089 modo,

168 1110 293 1132 uerum
319 1098 421 1129 etiam
443 1097 652 1136 amicorum,
681 1095 803 1138 quibus
826 1094 893 1126 late
916 1102 1031 1127 manet
1052 1096 1178 1142 gratia,
1202 1095 1417 1138 augescitque
1439 1109 1658 1141 magnopere.
1703 1098 1797 1130 Infra
1820 1111 1846 1132 c.
1873 1112 1921 1144 19.
1958 1102 2074 1142 Quam.

170 1153 236 1186 tibi
259 1152 473 1185 commodum
494 1155 563 1189 est,
586 1161 694 1181 unam
715 1148 846 1180 tribum
869 1148 984 1192 delige
992 1161 1005 1188 ,-
1028 1155 1067 1181 tu,
1088 1167 1131 1173 —-
1147 1161 1214 1193 per
1237 1161 1336 1192 quem
1361 1151 1502 1190 tulerit,
1532 1151 1664 1184 docebo.
1709 1152 1786 1194 Ipse
1808 1164 1891 1184 uero
1915 1154 2073 1187 Plancius

171 1211 206 1238 et
227 1205 265 1237 in
287 1215 347 1236 sua
368 1202 462 1234 tribu
485 1208 519 1233 et
539 1202 577 1233 in
601 1202 677 1234 aliis
700 1207 772 1232 erat
794 1201 980 1243 gratiosus,
1010 1214 1122 1245 neque
1144 1202 1181 1234 in
1203 1213 1271 1233 una
1294 1202 1449 1235 Uoltinia
1471 1215 1607 1247 magnas
1631 1204 1894 1238 necessitudines
1916 1206 2074 1239 habuisse

170 1257 361 1291 credendus
382 1262 442 1288 est.
489 1255 608 1287 Cicero
631 1254 754 1297 igitur,
788 1253 862 1285 siue
886 1256 1075 1297 generatim
1100 1250 1273 1298 loquitur,
1307 1255 1380 1287 siue
1404 1256 1445 1287 de
1468 1256 1542 1299 ipso
1566 1256 1722 1296 Plancio,
1753 1269 1888 1301 semper
1911 1271 1990 1291 suae
2013 1259 2076 1290 dem

171 1311 297 1355 signati
324 1310 539 1352 magistratus
573 1307 680 1340 tribui
708 1306 837 1349 primas
864 1307 937 1348 dat,
971 1309 1133 1341 secundas
1161 1307 1464 1341 coniunctim-ibus.
1511 1310 1712 1341 Generatim
1741 1322 1768 1342 c.
1798 1312 1867 1344 15.:
1900 1312 2075 1345 Acerbum

171 1365 312 1398 omnino
329 1375 442 1407 genus
465 1362 576 1394 iudici
581 1374 592 1401 ,-
615 1366 667 1393 set
691 1365 823 1401 tamen,
846 1362 878 1393 si
901 1362 960 1394 uel
981 1375 1047 1394 sua
1070 1362 1128 1394 uel
1152 1374 1212 1401 ea,
1239 1373 1328 1404 quae
1348 1374 1510 1395 maxume
1532 1369 1619 1395 esset
1643 1364 1766 1407 cuique
1789 1365 1984 1405 coniuncta,
2008 1366 2075 1398 tri-

173 1418 236 1452 bus
256 1418 434 1455 ederetur,
456 1416 518 1447 uix
542 1413 802 1447 recussanclum.
844 1414 914 1446 Hic
938 1421 1053 1446 autem
1075 1414 1197 1453 modu,
1221 1415 1252 1445 si
1265 1413 1434 1457 fecisses,
1466 1421 1506 1447 ut
1528 1416 1610 1448 lzuic
1634 1422 1667 1448 et
1689 1429 1790 1448 suam
1812 1423 1845 1449 et
1867 1418 1909 1450 ab
1932 1419 1994 1450 hoc
2017 1419 2077 1450 ob·-

173 1476 335 1504 seruatas
359 1469 471 1501 tribus
495 1469 623 1500 ederes.
668 1465 772 1508 Quod
794 1477 822 1497 c.
850 1467 898 1499 16.
922 1480 980 1500 eas
1003 1467 1135 1506 tribus,
1157 1466 1282 1508 inquit,
1305 1468 1342 1498 in
1365 1467 1489 1510 quibus
1511 1480 1659 1512 magnas
1682 1470 1951 1502 necessitudines
1973 1471 2076 1503 habet

172 1523 363 1560 Plancius,
385 1521 463 1552 ideo
488 1520 541 1560 fit,
567 1518 659 1562 quod
681 1527 853 1561 proxume
876 1520 1100 1551 Terentinam
1123 1519 1276 1562 primum
1299 1521 1557 1560 nominatim-at,
1589 1521 1712 1552 deinde
1738 1522 1949 1561 Uoltiniam,
1981 1523 2075 1556 lubet

173 1576 302 1610 etenim
325 1575 390 1607 tibi
410 1575 523 1607 nescio
547 1573 633 1617 quid
658 1572 764 1604 etiam
786 1571 828 1603 de
851 1573 917 1605 illa
939 1573 1034 1605 tribu
1057 1573 1258 1605 criminari.-
1288 1573 1380 1614 quod
1403 1585 1473 1604 non
1496 1573 1599 1605 modo
1623 1574 1704 1606 alias
1728 1586 1797 1606 non
1821 1576 1989 1616 excludit,
2013 1588 2077 1608 ue-

173 1639 253 1661 rum
280 1628 383 1659 etiam
405 1628 520 1666 docet,
545 1638 611 1669 qua
634 1625 676 1656 de
699 1635 813 1656 caussa
837 1636 906 1656 una
927 1631 1006 1667 'post
1028 1624 1253 1656 Terentinam
1276 1626 1432 1658 Uoltinia
1455 1626 1673 1666 nominetur,
1701 1633 1740 1658 ut
1762 1627 1883 1667 modo,
1917 1629 2077 1663 Uoltinia

174 1680 287 1714 tribus
310 1680 352 1712 ab
375 1681 438 1713 hoc
460 1685 638 1723 corrupta.
681 1677 738 1709 Sic
760 1677 875 1719 itaque
897 1677 1116 1709 statuendiun
1140 1683 1207 1717 est,
1233 1678 1428 1719 Plancium,
1452 1678 1480 1710 si
1506 1678 1691 1722 potuisset,
1715 1680 1939 1713 Terentinam
1962 1682 2077 1714 editu-

173 1745 254 1766 rum
276 1733 349 1765 sine
374 1734 446 1764 ulla
469 1731 682 1764 dubitatione
703 1730 826 1770 fuisse,
861 1741 946 1772 quae
977 1731 1134 1762 omnibus
1163 1730 1206 1761 de
1231 1731 1354 1762 caussis
1378 1738 1450 1763 erat
1469 1743 1547 1770 sua3
1581 1744 1658 1763 cum
1686 1737 1800 1764 autem
1828 1734 1909 1766 alias
1934 1735 2076 1767 haberet

173 1797 281 1829 aeque
303 1785 376 1817 fere
398 1785 638 1824 amidssumas,
662 1795 705 1815 an
728 1795 772 1815 ex
793 1783 833 1815 iis
849 1783 1041 1816 Uoltiniam
1062 1789 1261 1825 sumpturus
1284 1782 1400 1824 fuerit,
1426 1785 1626 1816 Ciceronem
1650 1790 1742 1816 certo
1765 1786 1850 1817 scire
1873 1798 1943 1818 non
1965 1799 2076 1830 posse,

175 1845 359 1883 propterea
372 1838 532 1882 fortasse
555 1838 701 1876 dixisse3
727 1848 921 1869 sermonem
945 1836 1093 1878 denique
1117 1835 1158 1866 de
1175 1835 1303 1868 duabus
1327 1843 1460 1868 tantum
1482 1837 1550 1868 illis
1574 1837 1717 1877 institui,
1745 1839 1837 1880 quod
1859 1839 1950 1870 solae
1972 1851 1991 1870 a
2005 1841 2078 1872 La-

178 1898 313 1924 terense
335 1890 540 1923 nominatim
562 1896 800 1933 arguerentur.
844 1890 900 1921 Ex
922 1889 975 1920 his
1000 1900 1107 1933 porro
1130 1888 1260 1931 aliquid
1287 1901 1343 1921 me
1365 1890 1514 1921 arbitror
1534 1889 1694 1922 adiecisse
1716 1892 1879 1934 ponderis
1902 1893 1933 1923 ei
1957 1893 2078 1936 dispu-

176 1944 315 1984 tationi,
349 1944 386 1975 iu
418 1955 519 1986 quam
549 1943 655 1975 incidi
683 1954 710 1974 c.
739 1943 809 1981 16„
842 1942 903 1974 ubi
926 1942 1054 1973 iudices
1084 1941 1127 1972 de
1149 1940 1316 1973 sodalitiis
1346 1942 1446 1974 trinis
1469 1955 1512 1975 ex
1534 1943 1691 1974 tribubus
1715 1943 1836 1976 delecti
1858 1945 2075 1979 uidebantur.

176 1996 404 2039 Praecipuum
426 1997 506 2028 illut
528 2002 588 2035 est,
615 2008 715 2028 suam
729 2001 763 2028 et
777 1995 820 2027 ab
835 1996 898 2028 lzoc
921 1995 1122 2027 obseruatas
1146 1994 1268 2027 tribus.
1312 1995 1439 2026 Nonne
1465 1995 1547 2027 duas
1569 2007 1648 2027 suae
1670 1996 1758 2029 adici
1781 1997 1905 2029 debere
1926 2005 2024 2042 putas
2035 2001 2076 2037 ’.Μ

179 2051 251 2083 Cur
276 2062 358 2083 uero
380 2049 475 2081 uncis
497 2049 715 2089 incluserim,
745 2048 879 2090 Proleg.
903 2049 945 2080 L.
969 2048 1013 2079 ΙΙ.
1042 2048 1080 2079 C.
1104 2048 1131 2078 Ι.
1155 2049 1183 2088 §.
1207 2047 1237 2079 8.
1262 2058 1296 2089 p.
1320 2047 1531 2080 XXXVIII.
1555 2047 1640 2079 dixi.

264 2104 315 2136 Et
338 2104 369 2135 si
392 2102 568 2146 quaesitor
589 2103 671 2135 huic
697 2103 849 2135 edendus
863 2099 1013 2144 fuisset)
1058 2100 1255 2131 Pronomen
1278 2100 1379 2139 huic,
1403 2100 1495 2141 quod
1517 2100 1582 2131 soli
1603 2101 1631 2132 Β
1655 2107 1688 2132 et
1707 2102 1737 2133 E
1761 2103 1903 2142 habent,
1933 2105 1975 2136 ad
1998 2118 2078 2138 sen-

177 2156 305 2190 tentiae
327 2155 558 2197 integritatem
587 2154 815 2186 necessarium
837 2153 924 2184 mihi
947 2152 1096 2185 uidetur.
1141 2153 1194 2184 Eo
1218 2152 1311 2184 enim
1336 2153 1460 2185 omisso
1480 2153 1684 2193 uerborum,
1718 2156 1751 2187 si
1776 2158 1952 2200 quaesitor·
1974 2159 2078 2191 eden-

177 2210 244 2243 dus
258 2208 412 2254 fuisset,
434 2208 521 2239 hane
543 2212 637 2250 patet
657 2206 862 2238 sententiam
884 2217 966 2246 esse,
991 2212 1031 2238 ut
1054 2205 1175 2237 Cicero
1196 2205 1336 2237 omnino
1360 2217 1429 2237 non
1453 2205 1557 2237 fuisse
1579 2207 1806 2248 quaesitorem
1830 2209 2001 2242 edendum
2022 2211 2078 2243 di-

178 2269 241 2294 cat.
286 2262 396 2304 Atqui
419 2259 527 2291 edidit
548 2259 775 2301 quaesitorem
798 2265 997 2290 accussator.
1042 2259 1162 2301 Itaque
1185 2264 1225 2289 ut
1245 2258 1280 2289 id
1304 2258 1469 2290 indicaret
1492 2259 1623 2298 Cicero,
1648 2259 1739 2301 quod
1763 2261 1835 2292 uolt
1857 2262 2018 2304 indicare,
2045 2266 2077 2297 si

178 2315 327 2348 Plancio
350 2315 501 2347 edendus
527 2312 704 2356 quaesitor
718 2309 874 2354 fuisset.-
908 2323 994 2354 opus
1017 2317 1108 2350 erat,
1142 2316 1181 2342 ut
1204 2310 1320 2342 Planci
1343 2322 1469 2342 nomen
1492 2311 1549 2342 uel
1573 2322 1765 2353 pronomen
1788 2313 1858 2345 eius
1881 2314 2075 2348 adderetur.

181 2367 285 2410 Quod
308 2368 370 2399 etsi
397 2365 650 2409 quodammodo
674 2376 718 2396 ex
740 2363 1018 2396 antecedentibus
1041 2363 1196 2407 suppleri
1218 2363 1349 2406 potuit,
1373 2363 1490 2406 negari
1516 2369 1630 2394 tamen
1653 2376 1723 2396 non
1744 2372 1867 2408 potest,
1894 2369 2015 2411 aptius,
2039 2375 2078 2401 ut

180 2419 291 2452 omnis
313 2420 514 2463 ambiguitas
537 2423 795 2458 remoueretur‚
830 2427 921 2448 nuuc
944 2416 1058 2449 denuo
1080 2416 1276 2461 adpositum
1299 2427 1381 2449 esse.
1425 2416 1604 2448 Praeterea
1634 2416 1858 2461 interpretem
1881 2421 2076 2453 credibilius
