2185 2720
147 134 199 160 150
807 129 1379 160 COMMENTARIUS.

146 220 166 238 a
187 206 302 238 Plotio
321 205 430 237 Pedio
457 209 518 234 etc-
546 201 611 233 dici
635 202 798 236 debuisse.
840 204 998 245 Accedit,
1025 204 1134 247 quod,
1161 204 1189 237 si
1211 211 1353 247 utraque
1375 205 1482 237 tribus
1504 205 1681 238 Laterensi
1702 217 1874 239 concessae
1896 214 2016 249 essent,

147 260 266 291 Cicero
290 270 358 290 non
380 257 443 288 tibi
465 268 534 287 esse
556 268 747 288 concessam
770 256 927 297 dixisset,
952 269 1073 289 uerum
1096 258 1160 290 tihi
1181 270 1250 290 csse
1272 271 1456 291 concessus.

230 313 416 345 Aniensem
438 322 459 341 a
482 309 598 341 Plotio
621 308 744 352 Pedio)
788 310 961 349 Fortasse,
997 311 1201 342 Garatonius
1230 311 1351 353 inquit,
1377 311 1413 343 in
1436 311 1527 343 tribu
1549 310 1693 343 Aniensi
1718 311 1762 344 Α.
1786 312 1915 345 Plotius
1937 324 2018 344 cen-

145 366 292 398 sebatur.
336 364 470 394 Reuera
492 362 654 393 censitum
678 375 755 394 eum
777 362 813 393 111
837 362 899 393 ista
920 363 1011 394 tribu
1034 362 1153 403 fuisse,
1186 364 1318 397 disertis
1341 364 1453 396 uerbis
1476 370 1618 395 testatur
1642 364 1780 404 Cicero,
1810 366 1922 396 statim
1943 372 2021 408 post

147 419 279 450 dicens:
304 419 364 449 lios
390 415 578 457 (Plancium
602 420 634 445 et
657 415 819 458 Plotium)
844 417 1016 449 iacturam
1046 429 1223 449 suarum
1252 417 1405 449 tribuum
1425 416 1565 460 fecisse.
1609 418 1698 449 Nam
1727 430 1792 449 sua
1822 417 1931 449 tribus
1961 423 2020 456 est,

147 471 182 503 in
209 482 271 511 qna
296 470 368 511 quis
392 474 557 498 censetur.
603 466 672 499 Csr.
697 480 723 499 e.
755 470 802 500 15.
828 469 857 510 §.
880 469 929 510 57.
954 470 1125 502 Acerbum
1149 471 1284 502 omnino
1304 482 1416 514 genus
1439 469 1566 508 iudici,
1589 475 1638 501 set
1662 475 1792 508 tamen,
1817 470 1848 500 si
1870 469 1927 501 uel
1945 481 2021 508 sua,

151 524 209 556 uel
232 536 290 561 ea,
314 534 400 565 quae
422 533 580 552 maxume
603 527 688 552 esset
712 523 833 565 cuique
856 522 1055 561 coniuncta,
1082 522 1191 554 tribus
1213 524 1389 561 ederetur,
1412 523 1473 554 uix
1494 522 1750 554 recussaszclum.

233 575 320 606 Esse
348 572 552 615 concessam)
597 573 689 614 Quid
720 575 764 605 sit
795 574 923 606 tribum
949 575 1006 606 uel
1039 575 1231 607 centuriam
1259 576 1368 608 alicui
1390 575 1588 614 concedere,
1628 574 1743 606 multis
1773 574 1916 618 exponit
1945 573 2023 608 Nic.

153 627 324 660 Gruchius
348 626 388 656 de
412 626 508 657 Com.
532 625 632 656 Rom.
656 626 733 659 Lib.
755 627 781 658 Ι.
805 638 832 657 c.
855 627 885 658 4.
908 639 942 670 p.
967 629 1025 660 622
1050 639 1098 669 sq.
1126 628 1228 660 Thes.
1253 630 1398 660 Graeu..

235 680 293 712 3Νέ
317 680 352 710 iu
375 684 565 722 angustum
587 679 757 722 uenirent)
802 679 910 722 Ipsius
933 680 1125 712 Laterensis
1155 680 1235 712 haec
1264 681 1368 712 uerba
1388 680 1507 721 fuisse,
1543 680 1662 723 quibus
1692 680 1949 724 significauerit,
1979 692 2024 713 ne

150 733 316 774 suffragiis
346 731 539 762 necessariis
570 730 803 773 priuarentur,
838 743 882 764 ex
903 733 1119 775 sequentibus
1143 734 1369 776 intellegitur,
1404 733 1440 765 iu
1463 733 1583 776 quibus
1608 734 1725 766 Cicero
1755 734 1937 766 ridiculum
1959 734 2024 766 hoc

150 785 313 828 loquendi
336 796 439 826 genus
463 782 588 815 reddit.

236 838 404 871 Nondum
425 836 564 878 cognita
581 836 706 879 populi
728 837 920 880 uoluntate)
965 837 1204 880 Superioribus
1230 839 1390 878 comitiis,
1414 851 1491 871 cum
1514 838 1643 870 Plotius
1667 844 1700 869 et
1721 838 1874 870 Plancius
1895 837 1937 869 de
1957 849 2023 881 po-

150 890 224 934 puli
248 901 325 932 erga
347 901 381 920 se
404 889 593 926 uoluntate,
622 900 722 929 quam
745 896 860 931 postca
883 889 957 921 latis
980 890 1146 932 suffragiis
1170 898 1413 933 cognouerant,
1438 892 1520 923 certi
1543 892 1630 923 1111111
1654 891 1787 922 scirent.
1810 892 2023 923 MANUTIUS.

235 943 293 974 Set
316 949 427 974 tamen
453 947 490 973 tu
512 940 558 973 A.
583 941 757 981 Plotium,
790 944 907 975 uirum
929 944 1217 982 ornatissumum‚
1250 945 1287 976 in
1310 946 1400 977 idem
1422 946 1549 977 crimen
1579 944 1731 976 uon-ando
1761 943 1914 983 iudicas,
1947 956 2024 977 eum

153 1001 185 1028 te
207 996 416 1038 arripuisse,
447 1007 469 1026 α
493 1006 556 1037 quo
579 1006 645 1026 non
667 996 714 1026 sis
737 996 906 1038 rogatus.)
949 996 1041 1027 Ante
1066 997 1289 1028 Garatonium
1312 998 1366 1029 hic
1387 999 1478 1029 locus
1502 997 1535 1028 iu
1556 996 1710 1027 omuibus
1736 1006 1842 1038 paene
1865 995 2027 1026 editioni-

154 1048 214 1078 bus
246 1047 292 1078 sic
319 1048 462 1090 scriptus
496 1046 650 1077 extabat:
695 1048 753 1079 Set
782 1054 895 1080 tamea
925 1054 963 1080 tu
989 1061 1035 1080 cm
1056 1049 1232 1088 Plotium,
1266 1051 1383 1082 uirum
1406 1051 1692 1086 ornatissumnm,
1725 1048 1761 1079 iu
1784 1049 1874 1080 idem
1896 1049 2025 1081 crimen

154 1101 348 1133 novandum
377 1100 537 1132 iudicas?
574 1112 619 1131 cm
649 1101 753 1139 (lic-is,
789 1114 866 1133 eum
897 1106 928 1134 te
957 1101 1165 1144 arripuisse,
1205 1114 1227 1134 a
1250 1114 1315 1145 quo
1336 1115 1403 1135 non
1425 1104 1472 1135 sis
1496 1102 1666 1145 rogatus?
1709 1101 1794 1131 Eam
1822 1100 2026 1143 scripturam

155 1164 357 1195 quamquam
389 1152 488 1183 nimis
512 1152 653 1183 uerbose
679 1160 766 1184 recte
790 1160 902 1184 tamen
927 1153 962 1185 111
985 1166 1072 1192 eam,
1113 1166 1211 1196 quam
1236 1155 1363 1197 recepi,
1400 1155 1612 1187 hortantibus
1637 1152 1805 1184 codicibus
1829 1153 2027 1185 mutandam

156 1218 225 1238 esse
253 1206 456 1237 Garatonius
480 1204 611 1245 docuit,
644 1206 724 1237 haec
746 1218 904 1239 mouens:
946 1207 1121 1246 „Nullum
1143 1206 1296 1249 profecto
1319 1209 1452 1250 signum
1475 1205 1702 1249 corruptionis
1724 1212 1874 1248 apparet.
1919 1206 2029 1240 Uide-

155 1271 227 1291 ram
258 1259 375 1301 utique
410 1258 538 1290 codices
567 1270 659 1290 meos
688 1265 720 1290 et
746 1265 821 1290 ante
846 1259 1055 1301 Naugerium
1083 1259 1190 1291 editos
1219 1262 1489 1303 praetermittere
1519 1273 1564 1292 an
1588 1260 1691 1299 dicis,
1726 1258 1815 1301 quod
1839 1259 1939 1290 etiam
1966 1270 2027 1291 sex

159 1313 298 1344 Oxonn.
332 1313 378 1353 [et
401 1323 506 1354 paene
532 1324 646 1342 omnes
670 1311 752 1350 mei3
792 1311 870 1342 uide
894 1312 994 1343 etiam
1025 1312 1155 1354 I‘roleg.
1179 1314 1219 1344 L.
1244 1315 1287 1346 II.
1322 1315 1359 1346 C.
1383 1315 1409 1345 I.
1439 1314 1558 1355 §.1..]
1581 1311 1718 1343 faciunt.
1765 1312 1881 1354 Quom
1909 1311 1947 1344 hi
1974 1312 2030 1343 lo-

158 1377 233 1396 cum
264 1366 336 1396 sine
364 1365 451 1396 iusto
475 1376 573 1395 sensu
601 1365 849 1406 relinquerent,
887 1376 946 1395 cur
969 1377 1037 1396 non
1067 1368 1343 1399 contemnerem?
1389 1368 1447 1398 Set
1469 1366 1594 1405 multa,
1628 1376 1711 1408 quae
1733 1365 1912 1404 uidentur,
1945 1376 2030 1396 con-

158 1418 339 1450 temnenda
368 1429 437 1447 non
470 1423 558 1448 sunt.
604 1419 692 1448 Nam
720 1417 821 1453 simul
848 1417 941 1448 acin
962 1418 1123 1449 Bauarico
1155 1418 1225 1449 uidi
1249 1431 1318 1451 esse
1342 1420 1512 1459 necando,
1545 1419 1658 1451 statim
1679 1417 1850 1457 intellexi,
1884 1418 2029 1449 uerbum

159 1483 177 1502 a
198 1471 310 1514 primo
336 1470 539 1501 accussatiuo
563 1470 771 1501 antecedenti
793 1471 1082 1502 accommodatum
1104 1471 1293 1504 inconsulto
1316 1473 1436 1513 fuisse,
1469 1479 1508 1504 ut
1529 1484 1626 1515 saepe
1651 1471 1788 1511 accidit,
1820 1469 1959 1510 deinde,
1987 1481 2031 1501 ne

159 1535 274 1555 sensus
304 1522 508 1566 inperfectus
538 1529 637 1562 esset,
673 1523 781 1566 perite
811 1524 888 1554 satis
911 1536 955 1555 an
979 1525 1065 1556 dicis
1088 1525 1265 1556 adiectum.
1312 1527 1404 1558 Haut
1426 1533 1539 1557 tamen
1571 1524 1664 1557 omni
1688 1530 1777 1555 caret
1798 1523 1929 1554 macula
1958 1522 2031 1566 ipse
2063 1550 2067 1553 ,

158 1577 260 1616 Bau.,
303 1577 360 1618 qui
388 1588 522 1608 sensum
554 1576 625 1607 sine
656 1576 841 1606 adiectione
872 1576 933 1607 ista
964 1578 1031 1618 [au
1062 1578 1169 1618 dit-is]
1202 1579 1332 1622 egregie
1361 1580 1558 1611 continuans
1592 1579 1716 1610 retinet
1742 1584 1856 1609 tamen
1885 1578 2031 1616 iudicas,

162 1641 263 1671 quom
290 1641 359 1660 esse
384 1635 536 1671 oporteat
559 1630 702 1661 indicas.
746 1628 847 1670 Quod
869 1628 903 1659 in
926 1630 1140 1671 sequentibus
1164 1630 1287 1662 iterum
1310 1633 1478 1674 peccauit,
1507 1632 1566 1663 ubi
1593 1637 1682 1662 recte
1705 1631 1844 1671 legitur,
1883 1631 2029 1669 indicas,

160 1687 223 1713 aut
246 1694 299 1713 eos
324 1682 418 1713 testis
443 1687 474 1712 te
496 1682 682 1714 adducere.-
722 1692 866 1722 namque
896 1681 942 1712 ibi
974 1683 1074 1714 habet
1096 1683 1152 1714 ille
1176 1696 1251 1715 Cum
1275 1684 1347 1715 Ers.
1372 1691 1510 1727 optume
1526 1684 1734 1728 producere,
1767 1694 1922 1725 pessume
1945 1694 2027 1714 uero

161 1745 237 1764 cum
261 1733 390 1764 duobus
415 1734 552 1765 Oxonn.
577 1736 721 1767 iudicas.
765 1735 822 1766 Set
844 1734 907 1765 hoc
930 1735 1166 1769 leuissumum:
1201 1744 1320 1769 tantast
1345 1738 1434 1768 enim
1455 1736 1713 1768 conmutationis
1743 1735 1842 1766 huius
1872 1746 1914 1766 ex
1944 1734 2029 1766 saci-

160 1787 255 1818 litate
278 1785 484 1827 frequentia,
518 1793 554 1818 ut
576 1799 643 1818 11011
667 1787 786 1824 modo,
821 1793 937 1817 utrum
960 1787 1052 1820 locus
1075 1791 1239 1832 postulet,
1274 1790 1361 1822 sumi
1380 1790 1453 1820 iure
1476 1789 1597 1832 possit,
1632 1799 1752 1819 uerum
1775 1788 1874 1819 etiam
1899 1788 2027 1819 debeat.

163 1839 217 1871 Sic
239 1839 351 1881 itaque
374 1840 552 1881 legendum
575 1840 728 1872 uidetur:
757 1841 815 1872 Set
838 1846 949 1872 tamen
976 1846 1013 1874 tu
1037 1855 1081 1875 an
1103 1844 1278 1883 Plotium,
1301 1844 1418 1875 uirum
1441 1855 1532 1882 orm,
1555 1843 1590 1874 in
1613 1842 1703 1873 idem
1724 1841 1851 1873 crimen
1874 1842 2027 1874 uocando

163 1893 316 1930 indicas,
340 1905 415 1923 eum
439 1899 470 1924 te
493 1895 693 1937 arripuisse,
716 1907 737 1925 α
761 1906 825 1936 quo
847 1906 913 1925 non
938 1894 984 1926 sis
1007 1898 1175 1938 rogatus?
1220 1897 1333 1938 Quom
1356 1894 1546 1927 Laterensis
1573 1894 1752 1925 coitionem
1777 1893 1951 1925 Plancium
1974 1894 2029 1925 in-

162 1951 215 1977 ter
237 1957 274 1975 ac
297 1945 443 1976 Plotium
468 1945 586 1976 factam
610 1946 822 1984 criminetur,
858 1946 938 1988 quin
962 1947 1076 1978 eadem
1101 1960 1213 1979 caussa
1242 1948 1417 1990 utriusque
1440 1948 1497 1987 sit,
1531 1947 1678 1979 dubitari
1700 1958 1767 1978 non
1790 1952 1911 1989 potest.
1955 1947 2031 1980 Uo-

163 2004 257 2029 catur
278 1997 382 2040 igitur
404 1997 438 2027 iu
455 1997 544 2028 idem
568 1998 695 2030 crimen
719 1999 856 2030 omnino
875 2000 1020 2039 Plotius3
1044 2013 1108 2042 qua
1131 2013 1196 2032 una
1219 2013 1255 2032 re
1270 2001 1422 2032 Bauarici
1445 2000 1543 2032 lectio
1562 2011 1721 2031 maxume
1741 2005 1897 2042 praestat.
1945 2000 2031 2033 Uol·-

163 2057 237 2093 gata
261 2051 350 2081 enim
383 2050 626 2082 dubitationem
657 2051 771 2090 habet,
806 2063 889 2094 quae
912 2053 1003 2083 nulla
1027 2060 1092 2092 est3
1129 2060 1228 2095 atque
1252 2053 1375 2085 idcirco
1406 2055 1441 2085 111
1464 2055 1567 2085 altera
1595 2059 1710 2096 parte,
1749 2063 1833 2094 quae
1854 2051 2030 2084 coniuncta

164 2103 287 2134 debent
310 2113 378 2133 esse
400 2102 542 2134 diuellit.
586 2105 659 2141 An,
690 2104 817 2145 inquit,
848 2105 974 2136 socium
999 2106 1148 2137 criminis
1172 2106 1307 2137 Plancio
1331 2106 1482 2149 adiungis
1506 2106 1675 2138 Plotium?
1712 2116 1753 2135 an
1777 2116 1878 2144 uero,
1911 2105 1939 2136 si
1961 2116 2029 2136 non

164 2155 332 2197 adiungis,
358 2166 457 2196 quem
482 2156 541 2186 tibi
565 2156 778 2187 commodum
806 2155 884 2196 suit,
910 2158 1107 2200 arripuisti?
1152 2159 1251 2191 Ualet
1275 2159 1338 2190 hoc
1361 2159 1395 2190 iu
1419 2171 1531 2191 caussa
1552 2158 1645 2202 pari,
1671 2158 1706 2189 in
1729 2157 1855 2200 dispari
1877 2168 1946 2188 non
1968 2168 2029 2187 ua-

163 2209 220 2240 let.
265 2209 321 2239 Set
344 2214 456 2239 manet
477 2209 585 2240 adhuc
607 2222 668 2248 cm,
691 2210 747 2240 ubi
771 2222 899 2249 nonne,
929 2211 984 2240 uel
1007 2223 1072 2242 non
1096 2211 1263 2252 requiras,
1296 2218 1333 2242 ut
1355 2212 1397 2243 sit
1419 2211 1619 2243 adfirmatio.
1664 2212 1713 2242 Ita
1736 2222 1790 2241 me
1812 2209 1853 2240 ad
1875 2208 1946 2240 fere
1968 2220 2028 2239 ne-

165 2262 339 2292 cessariam
369 2261 638 2293 emendationem
666 2262 750 2293 ratio
781 2262 934 2302 deducit,
970 2274 1033 2305 qua
1062 2263 1213 2305 sequenti
1237 2263 1355 2295 similis
1386 2263 1441 2295 fiat
1464 2264 1518 2295 hic
1539 2264 1575 2295 111
1601 2263 1809 2296 adfirmando
1832 2261 1934 2291 locus.
1979 2262 2029 2292 Ea

164 2325 247 2344 uero
271 2320 338 2344 tam
361 2321 550 2356 promptast
573 2326 669 2357 quam
698 2315 892 2357 probabilis.
938 2316 1050 2357 Quom
1080 2315 1169 2346 enim
1194 2315 1273 2346 huic
1297 2316 1407 2347 Plotio
1431 2328 1638 2359 praenomen
1661 2315 1763 2346 suerit
1783 2313 1894 2352 Aulo,
1932 2312 2030 2345 facil-

165 2366 257 2397 lume
286 2366 375 2397 illius
406 2373 485 2397 nota
505 2367 553 2399 A.
582 2368 616 2398 in
639 2380 683 2399 an
714 2368 864 2399 conuerti
888 2369 1015 2410 potuit3
1058 2368 1146 2410 quod
1168 2369 1232 2399 erit
1259 2375 1348 2400 certe
1370 2370 1478 2401 multo
1500 2369 1702 2405 modestius,
1742 2377 1840 2408 quam
1863 2378 1930 2397 non
1952 2372 2030 2398 ante

166 2419 299 2451 indicas
322 2418 455 2450 addere.
500 2420 554 2451 Sic
576 2419 678 2462 igitur
700 2420 963 2462 interrogatione
986 2421 1115 2451 sublata
1136 2421 1263 2463 placet:
1287 2423 1346 2454 Set
1369 2428 1481 2455 tamen
1504 2428 1542 2455 tu
1563 2423 1608 2456 A.
1633 2420 1790 2456 Plotium
1812 2424 1874 2449 etc·
1918 2420 2029 2464 supra
