2185 2720
133 157 184 185 18ss
779 146 1354 176 COMMENTARIUS.

132 238 216 261 rona
238 223 455 268 appellatur,
484 234 587 265 quam
608 222 697 254 ciuis
723 222 811 261 ciui,
834 234 856 254 a
878 233 944 265 quo
966 226 1126 254 seruatus
1149 227 1199 253 est
1222 222 1259 254 in
1274 222 1430 266 praelio,
1457 227 1576 255 testem
1597 224 1692 257 uitae
1713 226 1905 269 salutisque
1927 236 2011 269 per-

131 285 248 323 ceptae
270 278 344 309 dut.
390 275 610 307 Condiciones
639 287 680 307 ex
705 274 855 307 Masurio
879 273 1003 306 Sabino
1026 274 1105 305 duas
1128 272 1254 306 adfert:
1298 274 1326 305 si
1347 274 1395 315 is,
1432 275 1491 318 qui
1520 275 1629 307 ciuem
1651 278 1856 317 seruauerit,
1893 277 2014 308 eodem

133 339 289 374 tempore
312 330 411 361 eiiam
443 328 575 360 hostem
608 328 782 366 occiderit,
823 338 933 369 neque
955 327 1068 358 locum
1089 326 1124 357 in
1148 337 1185 357 ea
1205 338 1319 369 pugna
1339 327 1529 370 reliquerit.
1571 328 1702 360 Plinius
1724 330 1822 361 aliter
1843 330 1943 362 XVI.
1967 329 2014 361 H.

133 386 178 418 N.
202 386 233 415 4.
266 388 370 425 utque
392 394 469 413 eum
494 382 627 420 locum,
655 382 692 413 in
718 393 784 425 quo
806 381 853 412 sit
874 386 1008 420 actum,
1039 379 1205 412 obtineret
1227 380 1335 412 hostis
1357 393 1394 413 eo
1417 381 1484 413 die.
1525 381 1636 423 Atqui
1657 381 1730 413 siue
1752 381 1900 414 hostium
1922 380 2016 411 locus

132 437 252 475 fuerit.
277 436 348 466 siue
372 445 459 473 non,
489 432 672 477 pugnando
694 433 860 465 tenendus
884 440 965 465 erat.
1009 432 1124 474 Pergit
1144 442 1247 465 uero:
1276 438 1316 465 ut
1338 439 1498 465 seruatus
1512 433 1697 477 fateatur,
1726 435 1817 468 alias
1840 439 1940 466 testes
1965 433 2017 465 nil

136 491 274 524 ualent.-
305 487 394 528 quod
419 487 485 518 huc
506 498 668 518 maxume
689 486 849 529 pertinet.
895 485 1060 529 Superior
1086 484 1200 526 itaque
1223 484 1407 518 Africanus
1429 498 1589 518 coronam
1611 487 1767 527 ciuicam,
1800 498 1900 529 quam
1922 490 2019 527 patre

136 543 320 583 eodemque
343 542 538 584 inperatore
559 545 692 572 seruato
716 545 900 578 meruerat,
930 550 1001 570 non
1022 537 1167 581 petiuit,
1195 537 1284 577 siue,
1313 544 1353 569 ut
1374 538 1504 570 Plinius
1528 539 1700 582 loquitur,
1737 538 1948 575 recussauit,
1974 546 2019 568 ne

136 594 297 640 pietatem
327 593 417 637 patri
447 594 488 624 ab
511 604 546 624 se
568 592 714 623 debitam
741 591 782 623 ab
805 603 845 622 eo
867 591 1044 623 uideretur
1073 601 1267 634 exposcere.
1312 591 1532 625 Scholiastes:
1569 605 1674 637 quam
1696 593 1850 624 traditur
1871 591 1912 623 de
1932 601 2021 633 gra-,

137 650 228 682 mine
243 647 332 691 fieri
355 647 503 678 solitam.
548 644 751 684 Hominem,
789 644 847 687 qui
870 644 1010 675 ciuicam
1038 644 1185 686 inperite
1207 654 1284 675 cum
1308 643 1507 675 obsidionali
1531 644 1726 684 confundit,
1766 645 1844 675 satis
1867 641 2019 685 egregius

139 703 247 734 editor
281 699 479 731 confutauit.
524 699 582 731 An
606 698 710 740 igitur
733 698 805 740 ipse
829 708 964 739 quoque
991 697 1040 728 M.
1064 695 1200 727 Tullius
1231 695 1372 736 errauit,
1409 707 1510 739 quom
1537 697 1600 729 IV.
1623 697 1660 728 in
1682 698 1782 730 Uerr.
1805 697 1857 728 56.
1883 694 2020 739 grami-

139 767 220 787 neas
244 754 362 785 hastas
387 751 560 794 Syracusis
594 762 637 782 ex
660 751 741 781 aede
764 750 942 781 Blineruae
970 761 989 780 a
1013 750 1050 780 C.
1073 750 1186 781 Uerre
1207 748 1353 780 sublatas
1382 755 1431 780 est
1452 749 1666 790 criminatus,
1706 751 1744 783 in
1766 749 1888 795 quibus
1915 758 2022 791 neque

138 804 401 849 manufactum
423 805 623 848 quidquam,
645 816 753 847 neque
768 803 996 847 pulchritudo
1019 807 1095 834 erat
1117 802 1203 838 zalla,
1228 807 1280 832 set
1301 807 1437 834 tantum
1457 803 1663 846 magnitudo
1685 802 1923 835 incredibilis?
1967 801 2022 832 De

141 865 230 891 tanto
255 858 330 890 uiro
356 857 429 899 quis
453 856 590 888 credat?
631 867 740 897 neque
762 862 875 887 tamen
907 866 987 898 quas
1013 854 1122 885 hastas
1145 854 1336 897 intellegat,
1374 861 1576 898 conpertum
1603 862 1662 887 est.
1706 855 1906 888 Lectionem
1926 853 2022 884 illam

140 912 317 944 communit
340 910 477 942 Seruius
501 909 539 940 ad
559 909 661 950 Uerg.
685 909 731 940 V.
754 908 843 940 Aen.
869 908 958 949 287.‚
999 906 1056 948 qui
1078 906 1164 937 bene
1186 907 1234 938 ait
1254 919 1273 938 a
1295 908 1412 939 Tullio
1435 908 1499 939 dici
1521 909 1742 951 gramineas,
1770 909 1802 940 71.
1824 919 1852 938 e.
1874 918 1915 938 ex
1934 917 2022 948 gra-

139 967 252 1003 mine:
275 963 451 995 communit
472 962 572 993 etiam
595 962 636 993 L.
658 961 838 1004 Ampelius
862 972 933 1003 cap.
957 960 1053 992 VIII.
1077 959 1116 990 de
1137 960 1341 992 Atheniensi
1362 961 1540 993 Mineruae
1562 961 1657 1003 signo
1679 961 1837 998 scribens,
1861 960 1938 1003 ipsa
1959 970 2024 990 (zu-.-

141 1024 206 1050 tem
231 1017 293 1048 dea
322 1016 423 1048 habet
445 1017 582 1047 hastam
604 1016 645 1046 de
665 1016 836 1058 gramine.
880 1014 1023 1046 Ueteres
1046 1012 1166 1054 igitur,
1201 1012 1289 1054 quod
1312 1013 1408 1045 nobis
1431 1014 1585 1055 ignotum
1609 1019 1675 1052 est,
1711 1018 1889 1044 nouerant.
1932 1011 2024 1042 Bur-

140 1081 284 1102 mannus
307 1067 347 1099 ad
369 1068 468 1098 illuni
490 1067 589 1098 Serui
611 1067 722 1098 locum
746 1078 875 1108 nosque
897 1066 933 1097 in
954 1071 1071 1096 uetere
1094 1065 1356 1104 commentario,
1380 1065 1578 1096 commentis
1601 1065 1747 1096 aliorum
1769 1063 1938 1107 perlectis,
1962 1073 2025 1093 ex·-

141 1122 265 1166 plorati
287 1120 375 1152 nihil
397 1119 587 1151 habuimus.
632 1119 763 1151 Deinde
792 1130 895 1161 quom
918 1117 1081 1150 Uerrinas
1109 1117 1233 1149 iterum
1258 1118 1450 1149 intermissa
1479 1118 1625 1149 editione
1656 1117 1859 1155 reuiserem,
1894 1114 2025 1147 Plinius

141 1188 197 1210 me
220 1176 284 1207 hoc
310 1174 351 1205 de
371 1172 462 1214 ligno
487 1178 704 1214 quaerentem
726 1172 768 1203 ad
787 1172 917 1203 Indicos
941 1170 1084 1201 calamos
1106 1170 1178 1201 siue
1200 1170 1378 1201 arundines
1400 1170 1590 1210 reuocauit,
1621 1171 1679 1214 qui
1698 1170 1815 1202 XVII.
1838 1169 1884 1201 H.
1907 1169 1953 1200 N.
1972 1168 2024 1199 55.

143 1243 197 1262 cos
222 1229 364 1260 calamos
388 1226 569 1257 bustarum
594 1226 704 1257 uicem
720 1225 887 1268 praebere
911 1223 958 1255 ait
980 1223 1112 1254 additis
1135 1223 1354 1266 cuspidibus3
1389 1223 1470 1254 haec
1498 1230 1628 1263 autem,
1663 1223 1783 1265 quibus
1813 1230 2027 1262 summopere

143 1281 314 1314 monebar,
339 1278 507 1320 adiungit:
529 1278 711 1311 Arundini
733 1279 871 1321 quidem
892 1277 1035 1311 Indicae
1056 1275 1200 1308 arborea
1222 1276 1428 1320 amplitude,
1451 1282 1490 1308 ut
1512 1277 1616 1320 uolgo
1640 1277 1676 1308 in
1700 1275 1835 1318 templis
1857 1273 2025 1306 uidemus.

143 1335 218 1369 Alii
241 1343 376 1375 quoque
400 1342 419 1362 a
440 1331 675 1374 Theophrasto
698 1331 761 1363 IV.
790 1331 881 1362 Hist.
905 1330 1014 1361 Plant.
1045 1339 1092 1361 12.
1124 1328 1242 1358 calami
1267 1335 1563 1360 conmemorantur
1584 1328 1828 1372 magnitudine
1850 1326 1902 1357 ita
1920 1335 2028 1368 prue-

144 1394 274 1421 stantes
299 1399 339 1418 ας
362 1385 498 1423 robore,
532 1390 571 1416 ut
588 1397 656 1428 pro
678 1384 805 1416 iaculis
834 1383 916 1416 usui
941 1382 1022 1414 sint.
1066 1382 1200 1413 Locum
1227 1392 1408 1424 perperam
1436 1381 1635 1413 emendabat
1656 1380 1829 1418 Bodaeus,
1871 1376 2026 1420 quamuis

145 1453 188 1472 ex
212 1440 304 1471 India
327 1439 379 1470 illi
400 1450 469 1470 non
491 1437 576 1469 sint:
611 1436 772 1468 differunt
794 1436 884 1467 enim
907 1432 1064 1468 ἀκόντιον
1090 1440 1121 1465 et
1143 1430 1234 1478 δόρυ.
1280 1434 1417 1466 Gratius
1439 1434 1587 1466 Faliscus
1614 1432 1761 1475 denique
1784 1431 1936 1471 accessit,
1965 1441 2026 1462 cu-

145 1494 196 1525 ius
218 1492 255 1525 hi
278 1497 356 1525 sunt
379 1502 494 1522 uersus
517 1490 554 1521 in
578 1490 783 1533 Cynegetico
808 1489 848 1520 ab
875 1499 933 1530 127
956 1488 995 1519 ad
1021 1488 1110 1520 155.:

602 1559 699 1587 Disce
719 1558 852 1597 agedum
871 1562 899 1585 et
919 1556 1036 1585 ualidis
1056 1556 1206 1585 delectum
1224 1555 1390 1585 hastilibus
1409 1565 1533 1583 omnem.

604 1607 748 1635 Plurima
773 1605 910 1633 Threicii
929 1604 1070 1631 nutritur
1089 1604 1224 1632 uallibus
1243 1603 1345 1632 Hebri

603 1653 737 1686 Cornus,
757 1658 786 1681 et
806 1652 964 1680 umbrosae
988 1652 1117 1679 Ueneris
1131 1662 1190 1688 per
1209 1653 1304 1681 litora
1323 1656 1450 1689 myrtzw,

609 1700 765 1738 Taxique,
781 1701 956 1738 pinusque,
976 1699 1194 1737 Altinatesque
1210 1701 1364 1738 genistae,

604 1747 646 1775 Ec
666 1749 768 1786 magis
791 1749 963 1785 incomptus
983 1757 1092 1784 operae
1111 1747 1243 1776 Lutoser
1262 1746 1398 1784 agrestis

611 1795 749 1832 Termes,
776 1795 814 1823 ab
834 1796 906 1826 Eois
927 1794 1086 1823 descendet
1105 1796 1199 1832 uirga
1217 1793 1354 1828 Sabaeis,

605 1842 715 1872 illator
735 1843 857 1871 odorati
875 1844 972 1872 multo
988 1842 1204 1880 pulcherrima
1224 1841 1336 1870 thuris.

150 1912 244 1943 Haec
266 1911 393 1941 arundo
416 1909 531 1941 Indica
553 1910 692 1941 omnino
716 1916 780 1950 est,
817 1910 970 1942 admixta
995 1910 1037 1941 de
1059 1911 1158 1942 thure
1179 1909 1311 1949 fabula,
1353 1920 1437 1952 quae
1458 1914 1531 1940 tum
1551 1906 1734 1939 ferebatur.
1778 1905 1894 1947 Quom
1915 1903 2029 1945 itaque

152 1964 193 1996 de
214 1964 388 1995 hastarum
409 1974 530 2005 genere
549 1963 742 2005 cogitarem,
770 1963 859 2005 quod
881 1962 1150 2004 magnitudinem
1173 1962 1312 1994 haberet
1331 1973 1410 1993 cum
1431 1961 1649 1993 admiratione
1671 1959 1894 1997 coniunctam,
1916 1956 2029 1988 animo

152 2017 264 2049 statim
293 2016 494 2047 arundineae
525 2015 790 2047 obuersabantur
822 2022 855 2047 et
876 2016 1010 2058 penitus
1039 2014 1240 2046 insidebant.
1287 2015 1346 2046 Set
1367 2025 1426 2046 cur
1448 2015 1676 2052 arundineas,
1716 2023 1819 2054 quom
1842 2016 1930 2041 certe
1950 2020 2032 2052 pos-

153 2075 246 2108 sent,
283 2080 335 2100 eas
360 2069 478 2100 Cicero
510 2074 543 2099 et
566 2068 746 2110 Ampelius
769 2080 836 2099 non
862 2067 1103 2110 appellarunt?
1137 2078 1198 2097 cur
1221 2067 1359 2098 Seruius
1381 2068 1499 2099 hastas
1521 2079 1562 2099 ex
1581 2066 1743 2109 gramine
1764 2070 1938 2105 tamquam
1957 2073 2031 2095 rem

153 2122 255 2164 uolgo
280 2127 492 2164 perspectam
513 2132 582 2153 non
606 2120 812 2163 explicauit‘?
860 2120 975 2161 Quom
996 2119 1032 2151 id
1055 2130 1125 2150 non
1147 2119 1359 2162 expedirem,
1383 2119 1567 2161 Iosephum
1592 2119 1765 2158 Corream,
1790 2116 1848 2159 qui
1868 2115 1954 2147 mihi
1975 2125 2032 2146 re-

155 2181 254 2217 pente
275 2173 405 2205 adstitit
435 2185 453 2204 e
475 2172 665 2212 Lusitania,
704 2184 820 2204 rerum
849 2172 1052 2204 naturalium
1076 2171 1332 2214 peritissumum
1359 2171 1475 2203 uirum
1496 2170 1543 2202 ita
1571 2171 1743 2211 consului,
1779 2176 1818 2201 ut
1839 2165 2030 2206 celauerim‚

158 2226 239 2269 quid
261 2226 453 2258 meditarer.
496 2226 529 2257 Is
552 2224 743 2262 confestim,
776 2225 971 2265 arundines,
1000 2224 1127 2267 inquit,
1156 2224 1289 2256 Indicae
1310 2230 1399 2256 sunt.
1442 2224 1516 2266 Ego
1539 2235 1641 2257 uero:
1677 2223 1790 2256 itane?
1833 2225 2032 2262 usurpatum

158 2291 221 2322 pro
240 2278 406 2310 arundine
427 2289 565 2321 gramen
588 2280 712 2321 putas?
757 2278 848 2309 Tum
870 2278 945 2310 ille:
979 2277 1121 2320 quidni?
1158 2288 1238 2308 nam
1261 2276 1375 2308 eadem
1396 2276 1433 2308 in
1454 2275 1583 2308 familia
1604 2275 1788 2319 antiquitus
1809 2272 2031 2317 ponebantur.

159 2333 299 2366 Ueteres
323 2331 413 2362 euim
437 2342 539 2372 quom
561 2343 683 2374 genera
704 2331 898 2374 plantarum
919 2342 989 2362 non
1010 2330 1212 2363 articulatim
1243 2329 1382 2361 dissecta
1407 2336 1665 2372 cognoscerent,
1699 2335 1750 2360 set
1772 2338 1814 2358 ex
1836 2325 2033 2366 cognatione

161 2384 304 2427 quadam
327 2384 366 2414 ad
380 2395 485 2414 unum
506 2384 600 2425 quasi
623 2390 722 2426 caput
743 2383 851 2415 multa
872 2383 1047 2424 referrent,
1070 2382 1241 2426 gramineo
1264 2393 1386 2425 genere
1407 2381 1636 2415 frumentacea
1656 2380 1710 2424 (de
1724 2379 1844 2422 quibus
1859 2378 2033 2420 Uergilius

160 2438 242 2470 VII.
265 2437 353 2470 Aen.
379 2437 451 2468 308.
474 2437 544 2468 Illa
567 2439 624 2470 uel
647 2439 798 2470 intactae
819 2437 945 2479 segetis
961 2449 1027 2481 per
1056 2448 1191 2470 summa
1210 2436 1347 2470 uolaret
1371 2435 1575 2478 Gramina),
1610 2434 1779 2471 miliacea,
1814 2431 2033 2463 arundinacea
