2185 2720
93 148 145 178 118
735 134 1314 168 COMMENTARIUS,

175 216 320 248 Primus
342 214 447 247 sciuit
470 213 580 256 legem
601 213 643 246 de
659 212 874 257 publicanis)
921 211 991 255 Qui
1011 211 1047 243 in
1069 211 1173 251 tribu,
1197 209 1288 252 quod
1303 207 1513 253 principium
1523 208 1601 248 fuit,
1621 209 1755 252 primus
1777 210 1975 253 suffragium

93 267 189 307 tulit,
218 264 412 311 segemque‚
445 277 530 308 quae
559 264 747 306 ferebatur,
778 264 938 307 suffragio
966 276 1026 296 suo
1050 262 1284 306 conprobauit.
1328 263 1447 294 Festus
1475 261 1513 293 in
1537 262 1844 306 Niquisciuitx
1877 263 1976 297 N‘am

93 321 228 352 sciscito
251 318 432 364 significat
455 319 661 350 sententiam
682 319 790 351 dicito
811 330 852 350 ac
877 317 1091 361 siffragium
1106 314 1228 359 fert03
1263 315 1354 347 uncle
1375 315 1463 346 scita
1481 314 1606 358 plebis.

180 374 237 412 Si,
269 374 351 417 quia
369 372 509 415 primus
532 371 656 410 sciuit,
691 377 813 403 utrum
835 371 873 402 icl
894 370 998 401 sortis
1021 381 1092 401 esse
1113 369 1188 406 uis,
1219 379 1265 399 an
1288 367 1380 405 eius,
1418 367 1478 410 qui
1500 367 1601 399 illam
1622 366 1734 409 legem
1746 366 1911 410 ferebat?
1947 368 1979 399 si

93 427 214 464 sortis,
237 426 373 457 nullum
396 425 525 456 crimen
548 429 599 455 est
621 424 658 455 in
681 435 779 464 casu,
805 424 836 454 si
859 423 1025 461 consulis,
1048 421 1210 465 splendor
1231 420 1338 452 etiam
1359 420 1488 451 Planci
1509 419 1586 463 etc.)
1630 420 1713 451 Non
1735 419 1873 460 dubito,
1897 419 1980 462 quin

94 478 135 518 is,
161 478 219 521 qui
241 478 372 520 primus
395 477 504 519 legem
529 475 704 515 sciscebat,
729 476 935 518 deligeretur
956 475 996 505 ab
1021 485 1079 513 eo,
1103 473 1163 515 qui
1188 473 1298 515 legem
1320 472 1468 511 ferebat3
1491 479 1530 504 ut
1553 472 1710 504 Sedulius
1734 484 1753 503 a
1770 471 1892 504 Clodio
1916 471 1982 503 tri-

94 531 184 562 buno
209 532 256 573 pl.
282 531 391 571 legem
414 528 450 559 iu
475 529 675 560 Ciceronem
698 528 829 559 ferente
853 528 1000 559 delectus
1024 532 1084 565 est,
1109 526 1150 557 de
1174 537 1240 567 quo
1264 525 1312 556 sic
1335 525 1489 557 oratione
1511 536 1575 568 pro
1599 524 1700 556 domo
1727 525 1768 566 [c.
1783 524 1870 566 50.]:
1893 524 1982 557 Con-

94 584 207 614 sulari
235 583 366 615 homini
389 583 433 614 P.
456 582 597 614 Clodius
621 593 742 614 euersa
765 592 801 612 re
821 578 966 622 publica
989 580 1168 611 ciuitatem
1189 579 1342 611 adimere
1362 579 1479 622 potuit
1508 577 1652 611 concilio
1679 577 1870 616 aduocato,
1901 588 1982 609 con-

94 636 207 667 ductis
231 636 343 678 operis
365 646 432 666 non
455 635 567 666 solum
591 635 785 678 egentium,
809 637 859 663 set
882 632 988 664 etiam
1009 643 1208 669 seruorum,
1231 630 1373 663 Sedulio
1390 632 1571 675 principe,
1591 630 1661 674 'qui
1683 641 1718 662 se
1740 630 1802 661 illo
1825 630 1882 662 die
1903 641 1984 662 con-

90 686 215 731 firmat
239 690 372 720 Romae
393 699 461 718 nou
474 686 618 729 fuisse?
661 686 796 725 Quodsi
817 684 996 727 nonfuit,
1031 685 1117 728 quid
1144 689 1176 715 te
1203 683 1393 723 audacius,
1426 685 1486 728 qui
1510 684 1547 716 in
1569 695 1627 715 aes
1652 683 1726 715 eius
1748 695 1870 715 nomen
1895 683 1986 715 inci-

94 742 211 773 cleris?
253 741 338 784 quid
359 739 596 781 desperatius,
625 739 685 782 qui
707 750 750 770 ne
779 737 990 769 ementiendo
1013 737 1152 780 quidem
1168 736 1329 779 potueris
1351 742 1527 768 auctorem
1548 736 1758 768 adumbrare
1779 735 1982 768 meliorem?

95 795 149 826 siu
173 799 290 825 autem
313 793 343 823 is
368 791 550 834 primus
573 791 732 828 sciuit,
770 790 862 833 quod
874 788 990 832 facile
1004 789 1124 832 potuit
1140 794 1287 832 propter
1313 789 1468 833 inopiam
1490 790 1572 821 tecti
1594 790 1631 821 in
1650 788 1737 833 foro
1753 793 1984 833 pernoctans.-

97 859 159 880 cur
182 859 250 879 non
273 846 376 882 iuret,
401 856 436 874 se
459 843 616 876 Gadibus
628 843 760 887 fuisse,
783 854 861 873 cum
884 847 922 873 tu
946 847 978 873 te
991 841 1111 885 fuisse
1131 842 1354 874 Interamnae
1370 841 1600 885 probaueris?
1622 842 1838 873 MANUTlvs.
1878 839 1984 872 Addo

97 910 182 941 quae
204 898 281 931 Nic.
307 895 478 927 Gruchius
503 895 544 927 de
568 896 722 928 Comitiis
748 894 851 925 Rom.
879 894 957 925 Lib.
981 895 1025 925 II.
1049 905 1077 925 c.
1100 895 1163 927 IV.
1184 904 1219 936 p-
1244 893 1317 925 681.
1341 894 1444 925 Thes.
1469 894 1595 925 Graeu.
1619 894 1662 925 T.
1685 894 1713 925 Ι.
1743 893 1786 924 ad
1808 892 1986 935 explican-

98 951 180 982 dum
202 952 293 982 hunc
314 949 428 979 locum
450 947 601 979 monuit:
632 948 716 987 „Ex
738 947 804 978 hoc
817 946 989 978 Ciceronis
1011 947 1086 978 loco
1109 944 1263 987 intellegi
1284 951 1415 988 potest,
1439 957 1528 985 eum,
1552 946 1610 988 qui
1631 947 1764 990 primus
1787 945 1987 987 suffragium

97 1002 247 1041 ferebat,
279 1000 406 1043 partim
428 1006 519 1031 sorte
543 999 646 1041 deligi
668 998 824 1038 solitum,
857 999 984 1041 partim
1005 999 1184 1029 uoluntate
1205 998 1383 1040 rogatoris.
1427 999 1601 1030 Hactenus
1624 998 1716 1029 enim
1738 1011 1811 1030 sors
1832 999 1868 1030 in
1888 1010 1927 1030 ea
1947 1009 1988 1030 re

96 1055 212 1087 locum
241 1053 403 1092 habebat,
439 1058 601 1094 quatenus
628 1051 757 1083 tribum
780 1051 1012 1083 centuriamue
1036 1050 1250 1090 ostendebat,
1288 1062 1372 1092 quae
1393 1051 1506 1093 prima
1533 1051 1682 1093 roganda
1704 1058 1809 1091 esset3
1842 1052 1987 1083 relicum

97 1118 181 1138 uero
208 1112 279 1137 erat
300 1105 336 1136 in
351 1105 527 1136 uoluntate
550 1103 726 1145 rogatoris,
750 1110 789 1135 ut
807 1115 850 1135 ex
865 1115 904 1134 ea
924 1104 1016 1135 tribu
1039 1104 1234 1135 centuriaue
1256 1103 1492 1145 praerogatiua
1514 1103 1662 1146 aliquem
1686 1104 1859 1146 deligeret,
1884 1116 1987 1148 quem

97 1159 250 1202 primum
273 1163 418 1199 rogaret.
463 1158 585 1197 Neque
608 1156 700 1186 enim
721 1156 769 1187 ita
790 1156 883 1187 locus
907 1156 1081 1188 Ciceronis
1106 1163 1155 1189 est
1176 1155 1469 1199 interpretandus,
1497 1161 1537 1186 ut
1560 1155 1775 1187 sortitionem
1798 1156 1873 1187 fieri
1895 1156 1989 1188 dica-

97 1224 174 1244 mus
198 1212 287 1242 inter
310 1209 461 1241 eiusdem
483 1208 591 1240 tribus
616 1208 831 1239 centuriaeue
853 1208 1026 1249 homines,
1062 1209 1120 1251 qui
1151 1208 1282 1251 primus
1311 1207 1481 1249 rogandus
1515 1214 1611 1239 esset.
1656 1209 1746 1239 Nam
1775 1214 1912 1251 praeter
1939 1208 1988 1250 id,

102 1264 192 1307 quod
215 1269 267 1295 tot
289 1262 482 1294 sortitiones
505 1272 634 1304 ponere
659 1261 865 1304 ineptumst‚
889 1261 925 1291 id
948 1272 1031 1292 uero
1053 1261 1195 1292 multost
1216 1260 1413 1300 absurdius,
1438 1260 1547 1292 omnis
1571 1260 1722 1291 eiusdem
1744 1261 1853 1293 tribus
1875 1262 1991 1293 homi—

101 1328 160 1349 nes
183 1317 219 1347 in
238 1316 355 1347 cistam
376 1314 461 1345 coici
482 1314 525 1345 ad
547 1313 580 1344 id
606 1314 708 1345 modo
732 1313 961 1350 sortiendum,
985 1313 1058 1355 quis
1080 1313 1212 1356 primus
1236 1319 1322 1345 esset
1342 1313 1531 1355 rogandus3
1555 1313 1755 1355 praesertim
1779 1325 1857 1345 cum
1879 1314 1916 1345 in
1938 1325 1990 1354 eo,

101 1375 219 1401 utrum
240 1368 371 1410 primus
395 1378 437 1397 an
460 1372 651 1409 postremus
674 1366 873 1408 suffragium
895 1365 1032 1405 diceret,
1056 1366 1143 1397 nihil
1163 1365 1324 1397 interesse
1346 1371 1471 1408 posset,
1496 1365 1587 1407 quod
1609 1365 1652 1397 ad
1673 1365 1812 1408 suffragi
1834 1366 1906 1398 uim
1928 1366 1991 1398 ad-

103 1422 200 1454 tinet.
243 1421 311 1453 Hic
335 1420 438 1451 etiam
458 1420 552 1451 locus
574 1421 666 1451 ualet
688 1420 730 1450 ad
754 1417 1025 1449 confirmandum
1049 1418 1102 1458 id,
1139 1418 1229 1459 quod
1252 1418 1355 1461 paulo
1377 1424 1455 1449 ante
1480 1418 1652 1457 diximus,
1685 1418 1822 1450 tributis
1844 1419 1990 1451 comitiis

103 1486 175 1506 nou
207 1473 312 1505 alium
339 1472 442 1504 fuisse
471 1478 666 1514 rogatorem
689 1471 857 1509 tribuum,
891 1477 1028 1512 praeter
1049 1470 1162 1513 ipsum
1184 1470 1435 1512 magistratum,
1472 1482 1491 1502 a
1514 1483 1581 1513 quo
1603 1471 1814 1502 habebantur
1842 1471 1990 1503 comitia.

103 1528 181 1559 Hoc
204 1527 296 1558 enim
317 1526 393 1557 1000
418 1524 541 1556 diserte
563 1524 704 1566 ponitur
726 1523 839 1566 ipsum
862 1523 1036 1554 consulem
1059 1523 1237 1554 Caesarem
1259 1521 1363 1553 fuisse
1384 1529 1578 1565 rogatorem
1606 1521 1846 1564 suffragiorum
1868 1523 1908 1555 iis
1933 1535 1993 1556 co-

105 1580 228 1619 mitiis,
253 1578 373 1620 quibus
396 1578 455 1609 lex
477 1578 543 1608 lata
563 1582 612 1607 est
635 1575 676 1606 de
698 1574 903 1606 remittenda
924 1575 1113 1617 publicanis
1140 1575 1239 1607 tertia
1261 1581 1358 1617 parte
1379 1575 1607 1617 uectigalium.
1623 1577 1643 1592 “
1686 1574 1740 1606 Ac
1763 1574 1894 1608 firmius
1912 1588 1992 1609 sane

107 1632 172 1664 hoc
193 1636 463 1672 argumentumst
487 1641 587 1672 quam
610 1628 742 1670 reliqua
764 1628 839 1666 illa,
864 1639 949 1670 quae
973 1627 1112 1670 respicit
1135 1628 1324 1666 Gruchius,
1349 1626 1390 1657 de
1413 1627 1533 1668 quibus
1559 1626 1640 1657 uide
1663 1637 1749 1669 quae
1770 1638 1831 1659 nos
1853 1629 1993 1661 monui-

106 1695 183 1716 mus
205 1684 242 1715 in
264 1681 374 1715 Praef.
397 1682 440 1713 ad
462 1683 563 1715 Uarr.
585 1683 695 1714 Lectt.
719 1692 762 1713 ex
784 1680 858 1712 cod.
881 1679 955 1712 Ers.
979 1686 1128 1712 enotatas
1151 1692 1186 1723 p.
1210 1680 1361 1714 CLXVI
1380 1690 1448 1721 sq..

897 1768 926 1801 0
953 1766 1058 1803 ΑΡ.
1118 1766 1203 1819 xv.

197 1843 228 1884 ς.
257 1842 309 1874 56.
353 1842 413 1874 Set
443 1840 632 1884 aliquando
662 1839 844 1873 ueniamus
874 1840 922 1872 ad
946 1839 1118 1881 caussam)
1163 1840 1336 1871 Hactenus
1365 1836 1544 1880 respondit
1565 1836 1771 1877 maledictis,
1806 1848 1891 1880 quae
1913 1846 1991 1871 sunt

111 1901 209 1927 extra
231 1905 390 1925 caussam.
426 1894 642 1926 MANUTms.

195 1948 239 1981 In
262 1960 331 1991 qua
353 1953 391 1979 tu
413 1947 549 1978 nomine
571 1946 660 1988 legis
684 1945 865 1982 Liciniae,
888 1950 1009 1987 quaest
1029 1945 1071 1977 de
1093 1943 1286 1980 sodaliciis,
1307 1943 1416 1975 omnis
1437 1943 1587 1975 ambitus
1615 1943 1708 1985 leges
1731 1942 1915 1986 conplexus
1937 1955 1992 1976 es:

111 2013 220 2045 neque
244 2001 335 2032 enim
357 2000 542 2042 quicquam
562 1998 655 2029 aliut
676 1998 712 2029 iu
735 1998 799 2029 hac
823 1997 898 2040 lege
919 1998 990 2028 nisi
1011 1998 1167 2030 editicios
1198 1996 1330 2028 iudices
1363 2007 1397 2027 es
1419 1995 1571 2036 secutus)
1613 1995 1850 2036 Reprehendit
1873 1996 1992 2027 Cicero

110 2055 348 2091 Laterensem,
381 2050 472 2093 quod
494 2050 670 2081 Plancium
691 2050 764 2092 lege
783 2049 917 2080 Licinia
939 2048 981 2080 de
1002 2049 1170 2081 sodaliciis
1192 2059 1291 2079 reum
1312 2046 1448 2086 fecerit,
1475 2058 1552 2077 cum
1575 2058 1643 2077 nou
1665 2047 1924 2088 sodaliciorum,
1951 2047 1993 2079 de

113 2106 234 2149 quibus
257 2105 315 2136 lex
336 2103 400 2135 ista
422 2103 488 2134 lata
510 2102 571 2142 sit,
600 2102 742 2133 crimina
764 2101 943 2141 adtulerit,
966 2113 1088 2133 uerum
1114 2099 1291 2137 eiusmodi,
1314 2106 1458 2142 propter
1482 2111 1566 2141 quae
1589 2099 1733 2130 ambitus
1756 2099 1991 2131 tantummodo

111 2158 276 2191 accussari
298 2156 453 2189 Plancius
477 2154 649 2193 debuerit,
672 2154 775 2196 idque
796 2165 904 2184 unum
926 2153 1111 2184 secundum
1135 2153 1243 2194 legem
1265 2151 1364 2183 istam
1388 2153 1609 2183 Laterensem
1632 2150 1750 2182 fecisse
1771 2151 1835 2191 ait,
1857 2158 1896 2183 ut
1918 2151 1992 2193 ipse

112 2212 240 2244 iudices
262 2222 321 2242 reo
344 2209 470 2241 ederet.
515 2207 677 2239 Ceterum
698 2206 789 2246 uide,
816 2216 901 2248 quae
923 2204 966 2236 de
986 2206 1060 2248 lege
1082 2204 1215 2237 Licinia
1235 2203 1272 2234 in
1285 2203 1419 2246 Proleg.
1434 2204 1554 2236 L.111.
1573 2205 1610 2236 C.
1624 2204 1686 2236 ΙΙΙ.
1704 2215 1738 2246 p.
1763 2203 1901 2235 LXXII
1917 2213 1991 2244 sqq.

113 2264 320 2296 monuimus.

198 2316 323 2359 ZVeque
337 2315 429 2347 enim
441 2313 625 2357 quicquam
639 2313 730 2345 aliut
748 2312 784 2344 in
798 2311 862 2343 lzac
877 2311 952 2353 lege
974 2310 1044 2342 nisi
1066 2309 1223 2342 editicios
1245 2309 1377 2341 iudices
1392 2321 1426 2341 es
1443 2310 1593 2352 secutus)
1617 2308 1681 2341 Ad
1704 2319 1747 2339 ea
1769 2317 1871 2349 quae
1893 2313 1993 2338 sunt

114 2367 358 2400 necessaria
380 2366 599 2397 conclusis
623 2365 848 2408 prioribus
871 2362 1050 2401 transit,
1082 2366 1120 2391 et
1142 2361 1346 2403 potuisse
1367 2363 1647 2393 Laterensem
1673 2360 1720 2391 de
1743 2358 1900 2390 ambitu
1921 2370 1993 2390 ac-

116 2431 264 2453 cusare
285 2417 529 2461 significat,
561 2417 647 2449 nisi
669 2417 898 2448 maluisset
919 2414 1090 2446 idcirco
1112 2424 1226 2445 reum
1250 2414 1343 2456 lege
1364 2414 1537 2446 Licinia
1557 2413 1715 2452 facere,
1741 2417 1790 2442 ut
1810 2411 1991 2444 haberet
