2185 2720
893 125 917 153 c
938 125 965 153 A
987 125 1028 153 Ρ.
1069 123 1197 153 XXIV.
1229 120 1257 162 ς.
1284 126 1329 154 58.
1998 131 2051 156 157

169 205 256 231 certo
286 198 426 231 scimus:
470 211 513 231 ex
546 199 676 231 silentio
707 199 797 230 enim
827 199 986 231 Garatoni
1016 199 1103 230 1111111
1133 205 1220 230 certo
1251 197 1403 230 concludi
1432 204 1548 240 potest.
1604 197 1712 240 Quid,
1759 198 1845 239 quod
1882 198 1980 230 etiam
2011 199 2051 231 de

169 253 261 285 Orat.
292 252 326 291 I,
358 253 417 292 60,
451 254 541 292 256.,
576 265 640 295 quo
672 253 741 284 soto
770 253 804 284 in
835 252 907 284 loeo
938 258 1069 294 praeter
1101 252 1191 283 hunc
1222 251 1334 283 locum
1359 251 1506 282 historici
1539 251 1630 282 illius
1654 250 1779 282 mentio
1803 251 1887 281 sacta
1908 252 2050 292 uidetur,

167 305 312 344 codices,
348 312 509 346 quantum
530 306 615 343 scio,
648 317 716 336 non
739 306 901 348 Longino
925 310 969 335 set
992 305 1119 348 Longo
1151 303 1284 335 habent.
1328 303 1458 346 Scripta
1483 303 1530 334 ibi
1553 304 1634 335 haec
1661 309 1755 335 sunt:
1789 304 1942 347 Reliqua
1969 318 2051 337 uero

167 357 307 390 etiamsi
330 358 523 397 adiuuant,
560 358 744 390 historiam
766 359 841 389 dico
865 363 897 389 et
913 357 1141 401 prudentiam
1164 357 1252 388 iuris
1270 357 1406 400 publici
1436 362 1468 388 et
1491 358 1714 400 antiquitatis
1737 357 1804 388 iter
1827 363 1859 388 et
1883 359 2053 401 exemplo-

168 423 248 443 rum
271 411 424 453 copiam,
463 413 494 443 si
519 411 656 455 quando
685 423 770 454 opus
802 410 888 449 crit,
926 422 948 441 a
973 409 1050 441 uiro
1079 415 1216 453 optumo
1246 415 1278 441 et
1312 410 1390 441 istis
1418 409 1518 441 rebus
1549 410 1846 448 instructissumo,
1869 408 2053 452 familiari

168 476 262 502 meo,
294 464 457 506 Longino
490 463 684 495 mutuabor.
728 464 849 504 Neque
877 469 988 493 tamen
1012 461 1114 494 Conci
1136 472 1259 493 nomen
1282 462 1322 493 ab
1347 462 1417 494 ullo
1440 463 1601 505 scriptore
1622 461 1744 494 Latino
1767 473 1929 505 umquam
1954 475 2054 495 usur-

167 522 282 559 patum
304 516 385 547 uidi.
429 516 546 557 Itaque
572 516 629 547 alii
653 516 807 548 iudicent.

251 567 438 612 Longino)
484 569 523 599 C.
557 568 669 601 Cassio
700 568 873 610 Longino,
921 567 980 609 qui
1015 567 1080 598 fuit
1114 567 1272 599 historiae
1312 574 1343 600 et
1372 567 1574 610 antiquitatis
1608 566 1857 610 peritissumus,
1904 576 1939 600 ut
1976 569 2055 602 dicit

170 621 230 654 Or.
253 622 286 662 Ι,
311 622 382 662 60.,
407 633 449 652 ex
474 633 539 663 quo
562 621 714 663 cognosci
736 632 788 653 rcs
811 626 927 664 potest.
963 621 1188 652 ERNESTIUS.

252 676 313 708 Me
335 676 391 707 liic
413 675 452 707 id
472 687 513 706 ex
536 680 568 706 te
588 675 742 717 primum
765 674 917 716 ‹utilis-se)
961 673 1109 705 Modeste
1136 672 1262 704 refellit
1288 684 1364 705 eum
1386 679 1423 704 ut
1446 673 1649 704 mendacem.
1683 673 1899 705 BIANUTIUS.

253 728 468 771 Perelegans
492 733 524 758 et
545 726 746 771 persubtilis
770 726 895 768 oratio)
940 725 1036 757 Prius
1058 725 1098 756 ad
1121 726 1265 758 electum
1286 726 1486 767 uerborum,
1509 727 1675 770 posterius
1696 725 1735 757 ad
1758 726 1984 759 tractationem
2005 727 2054 759 rei

168 780 324 824 pertinet.
371 780 490 811 Monui
514 780 576 811 hoc
598 779 732 811 Weiski
757 791 879 810 caussa.

255 833 403 876 Equitis
430 832 595 874 Romani)
640 832 799 863 Nondum
825 831 1027 863 senatorium
1051 830 1202 863 ordinem
1226 830 1363 873 adeptus
1387 837 1454 863 erat
1478 831 1620 863 Cassius.
1666 831 1881 864 MANUTIUS.

253 884 477 929 Respondebo
500 885 547 916 acl
569 896 625 922 ea,
649 897 736 927 quae
755 886 890 926 dixisti)
935 885 1057 922 Miror,
1082 895 1125 914 ne
1150 883 1320 915 Orellium
1345 884 1480 925 quidem
1504 883 1673 916 Ciceronis
1697 891 1843 916 mentem
1866 886 2056 917 adsecutum

170 949 251 969 esse.
296 938 372 969 Hoc
391 937 486 968 dicit:
511 936 608 967 Talia
631 943 705 968 sunt
729 948 748 968 a
771 943 817 976 te,
843 937 952 976 Cassi,
983 937 1085 975 dicta,
1112 936 1152 967 ad
1177 948 1261 978 quae
1284 936 1399 967 Planci
1422 937 1619 968 defendendi
1643 949 1755 969 caussa
1777 950 1845 970 non
1869 951 1951 981 opus
1974 945 2058 972 05311

170 991 274 1024 uerbo
296 989 512 1032 respondere3
547 1000 668 1020 uerum
692 988 851 1030 quoniam
877 989 985 1021 forma
1008 989 1165 1021 orationis
1188 989 1350 1021 eiusmodi
1373 990 1455 1027 suit,
1488 996 1524 1020 ut
1542 990 1717 1031 diligenter
1741 991 1781 1022 ab
1806 992 1970 1023 iudicibus
1994 1004 2056 1024 au-

170 1043 305 1082 direris,
333 1042 510 1073 eruditioni
533 1048 608 1073 tuae
635 1042 725 1073 hunc
748 1041 893 1073 tribuam
916 1043 1098 1081 honorem,
1125 1049 1161 1074 ut
1182 1042 1401 1084 respondeam
1422 1043 1461 1074 ad
1484 1055 1537 1081 ea,
1565 1055 1649 1085 quae
1672 1044 1794 1076 dixisti.

253 1095 352 1136 Quae
372 1096 539 1139 pleraque
562 1096 603 1127 <le
625 1096 698 1139 ipso
723 1108 776 1127 me
790 1094 959 1138 filerunt)
1003 1095 1073 1141 Pro>
1101 1107 1174 1134 me,
1211 1095 1299 1137 quod
1329 1102 1375 1127 est
1398 1096 1433 1127 111
1456 1097 1550 1128 libris
1579 1098 1724 1139 optumis
1746 1099 1773 1129 B
1798 1104 1829 1129 et
1851 1098 1879 1129 E
1903 1097 2055 1140 aliisque,

169 1147 324 1192 plerique
359 1147 508 1178 scribunt
539 1147 651 1190 inepte
678 1148 768 1191 fine.
813 1148 852 1179 111
879 1148 1060 1180 uerborum
1097 1154 1209 1178 autem
1241 1149 1315 1191 ipso
1344 1161 1398 1180 me
1425 1150 1651 1182 conlocatione
1688 1162 1730 1180 ne
1760 1151 1834 1192 quis
1864 1151 2055 1191 offenderet,

170 1210 370 1243 praecauere
398 1200 520 1231 studuit
543 1201 743 1232 Garatonius
772 1212 931 1232 monens:
970 1201 1118 1240 „Cicero
1147 1200 1348 1243 pronomina
1371 1201 1414 1232 ita
1438 1203 1623 1234 conlocauit
1651 1202 1749 1234 etiam
1772 1204 1797 1234 I.
1821 1204 1856 1235 111
1879 1205 1978 1236 Uerr.
2003 1207 2068 1237 25.Δ

172 1253 319 1290 ueritus,
345 1264 386 1284 ne
406 1254 492 1296 quid
513 1254 549 1285 in
573 1255 646 1298 ipso
668 1266 703 1285 se
727 1253 969 1298 offenderetur.
990 1265 1052 1296 pro
1071 1254 1170 1286 domo
1193 1253 1244 1285 25.
1269 1254 1305 1285 in
1330 1255 1444 1297 ipsum
1467 1268 1529 1288 me.
1555 1255 1591 1286 in
1614 1256 1679 1287 Pis.
1705 1267 1754 1288 20.
1779 1257 1850 1289 nisi
1872 1258 1919 1288 acl
1941 1258 2056 1301 ipsum

172 1310 215 1337 te.
241 1304 281 1335 de
304 1305 350 1336 H.
374 1306 417 1336 R.
443 1316 493 1347 27.
525 1317 586 1348 pro
608 1306 684 1348 Lig.
708 1306 738 1338 8.
767 1317 828 1349 pro
852 1306 963 1337 Deiot.
987 1307 1037 1338 5..
1082 1306 1211 1338 Plinius
1241 1306 1340 1337 etiam
1369 1308 1429 1338 III.
1463 1309 1568 1350 Epist.
1593 1309 1623 1340 4.
1653 1310 1684 1341 si
1712 1310 1753 1341 ab
1784 1311 1858 1354 ipso
1882 1323 1934 1342 me
1957 1312 2055 1355 inpe-

170 1360 364 1390 trassent.“
408 1358 487 1389 Non
510 1358 658 1389 alienum
678 1359 755 1398 erit,
801 1359 888 1401 quod
910 1371 978 1391 non
1001 1359 1080 1390 fecit
1103 1358 1319 1397 Garatonius,
1366 1359 1428 1391 hac
1452 1362 1560 1393 oblata
1582 1362 1751 1394 occasione
1774 1364 1956 1403 monuisse,
1995 1376 2054 1395 cur

169 1410 238 1442 illis
268 1410 305 1441 111
333 1410 414 1443 locis
447 1410 589 1453 aliisque
620 1423 808 1453 pronomen
836 1412 1011 1454 personale
1039 1411 1234 1454 pronomini
1268 1412 1342 1455 ipse
1375 1414 1595 1457 postpositum
1625 1415 1675 1446 sit.
1720 1416 1847 1447 Eadem
1877 1423 1986 1448 autem
2018 1418 2054 1449 in

170 1463 380 1495 conlocandis
410 1463 462 1494 his
494 1464 752 1506 pronominibus
784 1464 898 1506 regula
928 1464 1018 1496 ualet
1053 1470 1152 1506 atque
1181 1465 1217 1495 111
1244 1465 1423 1497 nominum
1456 1466 1672 1508 propriorum
1711 1474 1741 1498 et
1771 1470 2055 1511 appellatiuorum

172 1516 408 1548 conlocatione.
456 1517 603 1554 Constat,
630 1529 754 1548 nomen
781 1516 955 1560 proprium
980 1523 1055 1548 ante
1081 1517 1320 1559 appellatiuom
1342 1519 1536 1561 ponendum
1561 1531 1647 1560 esse,
1678 1521 1705 1551 si
1727 1522 1968 1564 appellatiuom
1991 1535 2055 1555 110-

170 1568 272 1601 minis
291 1569 408 1612 propri
429 1569 619 1611 explicandi
641 1581 752 1601 caussa
774 1569 941 1608 adiciatur,
966 1576 1078 1602 contra
1100 1571 1341 1612 appellatiuom
1364 1573 1495 1603 nomini
1520 1574 1657 1616 proprio
1678 1576 1950 1616 praeponendum
1974 1589 2054 1617 esse,

169 1621 196 1653 si
222 1633 344 1653 nomen
368 1622 543 1664 proprium
567 1623 712 1654 nominis
734 1622 930 1665 appellatiui
955 1623 1145 1665 explicandi
1169 1634 1281 1654 caussa
1303 1623 1472 1656 adiciatur.
1518 1627 1631 1668 Itaque
1654 1627 1772 1658 Cicero
1796 1627 1858 1658 hac
1886 1629 1958 1671 ipsa
1978 1641 2055 1661 ora-

170 1674 260 1706 tione
285 1675 322 1705 C.
349 1675 446 1706 XIV.
473 1675 502 1716 ξ.
527 1675 578 1706 55.
602 1675 703 1707 dixit:
735 1675 893 1713 Consuli,
927 1676 969 1708 P.
988 1676 1159 1715 Nasicae,
1186 1688 1334 1720 praece,
1367 1677 1540 1719 Granius,
1571 1680 1702 1724 inquit,
1741 1686 1933 1722 propterea,
1965 1683 2054 1724 quod

170 1727 296 1759 insumi
326 1727 475 1759 hominis
502 1728 536 1759 111
567 1728 825 1759 nobilissulnum
854 1729 1068 1760 maledictum
1095 1740 1349 1761 conmemorare
1378 1737 1409 1762 et
1440 1734 1607 1774 quomodo
1638 1733 1767 1763 consuli
1796 1744 1916 1775 praeco
1946 1735 2055 1766 male-

170 1779 292 1811 dixerit
322 1781 480 1822 exemplo
512 1780 654 1823 quodam
687 1781 804 1811 docere
834 1781 954 1812 uoluit.
999 1782 1150 1813 Nomina
1178 1782 1278 1825 igitur
1302 1783 1457 1816 IVasieae
1488 1791 1517 1816 et
1541 1786 1656 1818 Grani
1685 1786 1961 1828 explicandorum
1990 1799 2054 1831 ap·-

170 1833 407 1876 pellatiuoruin
431 1844 558 1872 caussa,
594 1835 744 1866 consulis
771 1840 800 1864 et
820 1836 1022 1878 praeconis,
1052 1835 1239 1867 adiciuntur
1262 1835 1404 1878 ideoque
1427 1837 1473 1869 eis
1496 1839 1653 1881 postponi
1682 1840 1855 1870 debebant.
1902 1840 1998 1880 Quae
2026 1841 2054 1872 si

169 1892 467 1929 praeponerentur,
491 1898 558 1917 11011
582 1886 668 1917 inter
689 1887 904 1919 nobilitatem
925 1887 1147 1930 potissumum
1169 1894 1200 1919 et
1222 1889 1478 1932 ignobilitatem
1508 1892 1755 1933 oppositionem
1785 1893 1906 1924 faceret
1924 1893 2053 1933 Cicero,

169 1945 217 1970 set
238 1939 364 1981 aliquid
395 1940 434 1970 de
458 1939 576 1971 Nasica
600 1946 630 1971 et
657 1940 784 1971 Granio
816 1952 850 1970 se
879 1947 1090 1972 narraturum
1121 1952 1190 1972 esse
1221 1943 1415 1974 ostenderet.
1460 1944 1588 1975 Eodem
1620 1945 1720 1976 modo
1749 1945 1952 1988 pronomina
1973 1957 2054 1989 per-

169 1993 296 2023 sonalia
317 1992 390 2023 aliis
412 1992 606 2023 nominibus
628 1992 785 2034 postponi
804 1992 933 2032 debent,
959 1993 987 2024 si
1012 1993 1156 2024 alioruin
1179 1994 1319 2027 illorum
1342 1996 1520 2028 nominum
1544 1998 1819 2039 explicandorum
1853 2010 1964 2029 caussa
1994 2000 2053 2030 ad-

169 2046 364 2087 iunguntur.
409 2046 524 2086 Itaque
553 2045 701 2087 exempli
724 2056 835 2076 caussa
859 2058 948 2078 unus
971 2058 1033 2089 ego
1055 2046 1279 2089 dicendumst,
1315 2049 1342 2080 si
1366 2049 1562 2092 oppositio-st
1582 2050 1667 2081 inter
1690 2052 1859 2083 unitatem
1882 2058 1912 2083 et
1931 2053 2053 2096 pluri-

170 2104 290 2135 tatem,
313 2104 349 2129 ut
371 2098 416 2129 ita
439 2098 560 2136 dicam,
588 2103 686 2139 atque
707 2097 909 2140 pronomine
932 2111 995 2141 ego
1017 2101 1247 2132 tautummodo
1272 2102 1474 2145 explicatur,
1507 2102 1580 2144 quis
1605 2103 1664 2134 ille
1688 2116 1777 2135 unus
1800 2104 1859 2143 sit,
1892 2105 1949 2146 qui
1972 2105 2052 2147 plu-

169 2151 261 2183 ribus
285 2156 484 2193 opponatur.
532 2149 602 2180 Cfr.
630 2150 698 2181 Cic.
730 2161 791 2193 pro
816 2151 909 2182 Sulla
939 2153 976 2183 C.
1001 2153 1064 2185 VI.
1093 2154 1123 2194 ὃ.
1151 2153 1199 2185 18.
1231 2154 1329 2194 Quae
1358 2156 1389 2187 si
1412 2155 1454 2186 cle
1480 2167 1548 2186 uno
1570 2168 1623 2187 me
1647 2157 1842 2198 cogitasset.
1874 2157 1913 2187 de
1936 2158 1982 2188 H.
2006 2157 2050 2188 R.

171 2204 209 2235 C.
232 2205 350 2235 XXII.
381 2204 410 2244 ἕ.
434 2202 486 2244 47.
519 2202 617 2242 Quae
643 2203 808 2245 quamdiu
830 2203 1015 2236 haerebant
1038 2205 1074 2236 in
1100 2218 1168 2237 uno
1195 2218 1258 2239 me.
1284 2219 1346 2249 pro
1370 2208 1475 2238 Sestio
1501 2208 1538 2239 C.
1561 2209 1693 2240 LXIX.
1719 2208 1845 2249 §.145
1874 2215 2052 2253 susceptae

169 2262 249 2288 sunt
265 2263 412 2300 propter
431 2267 538 2287 linum
560 2268 624 2287 me.
661 2255 695 2285 111
721 2255 831 2287 Uatiu.
859 2257 896 2287 C.
921 2258 1000 2288 VII.
1033 2258 1063 2299 §.
1091 2270 1137 2299 17.
1178 2271 1262 2291 num
1292 2260 1368 2302 qais
1391 2273 1431 2292 ex
1462 2266 1532 2292 toto
1560 2261 1715 2304 conlegio
1738 2262 1848 2304 legem
1872 2263 1919 2293 sit
1943 2275 2050 2294 ausus

162 2308 274 2351 ferre,
292 2314 434 2353 praeter
457 2320 564 2339 uuum
586 2313 628 2340 te.
653 2307 775 2338 ibidem
800 2309 838 2340 id
859 2321 948 2341 unus
972 2315 1021 2342 tu.
1044 2310 1192 2353 Philipp.
1216 2313 1279 2352 XI,
1306 2324 1335 2354 9.
1359 2312 1472 2345 „Nemo
1494 2315 1561 2345 erit
1584 2320 1722 2357 praeter
1745 2327 1852 2346 zcnztm.
1871 2328 1934 2348 me.
1958 2316 2051 2347 Con-

172 2366 221 2391 tra
245 2361 427 2393 necessario
449 2361 556 2391 dicere
579 2360 673 2391 debet
697 2371 760 2403 ego
783 2373 888 2401 unus,
919 2362 976 2403 qui
995 2363 1035 2394 de
1057 2375 1091 2395 se
1113 2364 1336 2407 potissumum
1358 2366 1485 2408 aliquid
1511 2367 1675 2408 praedicat
1699 2366 1796 2408 idque
1819 2374 1989 2410 praeterea
2011 2368 2050 2398 de

171 2413 237 2445 alio
256 2414 390 2445 nemine
414 2413 525 2445 ualere
547 2413 644 2444 addit.
689 2413 744 2446 Sic
773 2413 834 2444 hac
865 2413 936 2456 ipsa
960 2416 1108 2448 oratione
1140 2417 1178 2448 C.
1201 2418 1339 2449 XXXI.
1370 2418 1400 2460 §.
1427 2420 1476 2461 75.
1507 2418 1645 2450 debebat
1667 2419 1746 2451 dici:
1783 2421 1853 2452 nisi
1866 2420 1965 2463 forie
1987 2432 2050 2464 ego
