2185 2720
172 181 252 206 vm
872 175 1318 204 PRAEFATIO.

173 264 262 298 haec
285 262 414 306 uerba,
450 260 540 295 mihi
564 265 650 294 sunt
676 259 813 294 iudices
833 259 984 305 parati3
1020 259 1158 295 tribum·
1178 261 1231 307 pl.
1253 259 1450 307 permagni
1485 259 1634 295 interest
1667 262 1729 308 qui
1761 261 1847 296 sint.
1898 262 2024 305 Quare

173 343 239 371 aut
266 336 399 376 redde,
437 336 618 369 omittunt.
670 335 744 378 Qui
780 342 899 370 autem
925 335 1099 370 omittunt
1130 336 1242 369 uerba
1274 335 1352 379 illa,
1393 346 1454 368 eos
1481 335 1597 368 omnis
1630 346 1675 369 ex
1701 336 1823 370 codice
1847 348 2023 383 perquam

174 416 345 455 corrupto
378 421 446 443 nec
478 409 583 442 ualde
615 415 760 444 uetusto
793 410 969 454 originem
1002 409 1169 452 duxisse,
1215 410 1253 442 in
1286 408 1553 453 prolegomenis
1585 408 1734 454 planum
1765 408 1845 442 seci.
1907 408 2025 456 Atque

174 485 295 530 ipsum
318 483 420 516 illum
445 482 625 525 codicem,
665 483 727 528 qui
750 495 882 528 parens
909 483 1029 517 extitit
1055 482 1245 516 deterioris
1278 482 1373 515 illius
1398 481 1571 525 familiae,
1615 494 1725 527 quom
1751 482 1883 515 ibidem
1908 495 1954 516 ex
1981 495 2023 517 eo

174 558 266 591 libro
291 558 361 590 iam
387 556 459 590 situ
482 556 609 590 uitiato
631 556 862 601 neglegenter
885 556 1108 600 descriptum
1136 567 1213 588 esse
1240 555 1444 598 docuerim,
1471 555 1572 588 cuius
1597 555 1760 589 nondum
1785 555 1902 588 uitiati
1928 557 2023 589 scri-

175 637 303 677 pturae
326 641 393 675 per
417 629 632 663 Bauaricum
658 635 694 663 et
717 629 970 663 Ersurtensem
996 628 1187 674 diligenter
1213 628 1318 661 nobis
1343 633 1507 662 seruatae
1533 634 1632 662 sunt:
1659 628 1765 662 facile
1788 635 1948 673 apparet,
1975 641 2019 663 eo

176 705 296 738 minus
322 716 343 736 a
365 704 488 747 nouis,
528 704 590 748 qui
615 703 788 737 deteriori
813 703 865 736 illi
890 702 1045 736 familiae
1077 701 1290 735 accensendi
1315 702 1404 745 sint,
1443 702 1626 736 codicibus
1652 702 1914 746 expectandum
1939 716 2019 740 esse

177 778 307 820 auxili,
339 789 408 822 quo
434 777 545 822 magis
571 787 617 810 ex
643 777 781 810 cunctis
806 776 897 817 illis,
932 777 994 821 qui
1019 775 1135 809 adhue
1159 775 1312 820 inspecti
1337 781 1438 819 sunt,
1478 774 1716 809 deterioribus
1742 775 1923 811 codicibus
1947 778 2019 813 hoc

178 852 322 897 quidem
347 850 506 895 intellegi
532 856 652 895 potest
675 855 781 895 atque
806 851 895 884 adeo
921 849 1189 892 intellectumst,
1216 848 1415 882 cuiusmodi
1440 849 1637 893 scripturae
1661 848 1701 881 in
1716 860 1757 882 eo
1783 848 1887 893 libro,
1915 863 2021 897 quem

178 924 368 958 deterioris
393 923 549 957 familiae
573 930 761 969 parentem
787 923 880 967 dixi,
920 923 1116 957 extiterint.
1167 921 1249 956 Hoc
1274 933 1389 956 unum
1414 922 1549 967 aliquid
1581 922 1761 955 commodi
1785 921 1950 968 haberet,
1989 926 2020 959 si

179 999 258 1044 quis
291 998 411 1043 ipsmn
443 997 544 1030 illum
578 997 756 1041 codicem,
796 1008 841 1031 ex
873 1008 943 1042 quo
971 996 1169 1030 deteriores
1196 996 1336 1029 codices
1371 1001 1470 1029 ortos
1503 996 1611 1029 modo
1644 996 1788 1040 monui,
1829 998 2019 1042 reperiret.

179 1071 277 1105 Tum
304 1071 400 1104 enim
427 1071 543 1104 omnis
568 1071 629 1104 illa
652 1071 849 1104 lectionum
875 1070 1049 1113 uarietas,
1089 1081 1180 1115 quae
1212 1081 1257 1103 ex
1282 1069 1325 1102 iis
1351 1074 1544 1113 enotatast,
1584 1070 1677 1103 abici
1707 1075 1840 1115 posset.
1889 1070 2020 1105 Nullus

177 1150 298 1178 autem
332 1156 378 1178 ex
408 1145 452 1178 iis
483 1145 586 1178 libris
617 1156 727 1178 manu
755 1144 917 1190 scriptis,
970 1155 1125 1190 quorum
1158 1143 1324 1190 equidem
1360 1142 1527 1177 notitiam
1559 1142 1692 1187 habeo,
1739 1154 1808 1188 pro
1833 1143 1935 1179 fonte
1958 1144 2020 1178 illo

178 1218 306 1251 haberi
328 1223 456 1263 potest.

277 1291 492 1325 Editionum
525 1292 755 1338 antiquarum
785 1298 826 1327 ut
855 1292 990 1327 nullam
1022 1293 1061 1326 in
1092 1298 1264 1339 apparatu
1297 1292 1420 1327 critico
1454 1291 1677 1326 mentionem
1708 1291 1882 1325 inicerem
1906 1293 2021 1326 ratio-

178 1377 337 1411 nemque
360 1365 549 1408 haberem‚
575 1366 661 1399 inde
686 1366 870 1411 factumst,
909 1367 1005 1412 quod
1032 1367 1208 1402 editiones
1233 1367 1310 1400 illas
1336 1366 1454 1400 omnis
1480 1376 1527 1399 ex
1551 1366 1716 1399 codicum
1740 1366 1893 1400 istorum
1918 1366 2023 1401 dete-

179 1440 318 1473 riorum
342 1437 414 1472 fide
438 1439 634 1472 recensitas
658 1440 918 1474 intellexeram.
969 1441 1093 1486 Itaque
1120 1441 1204 1474 satis
1231 1445 1286 1475 est
1310 1440 1380 1473 hoc
1404 1439 1485 1473 loco
1510 1439 1712 1483 monuisse,
1747 1440 1883 1473 nullam
1907 1439 1945 1472 in
1973 1440 2023 1473 eis

180 1513 311 1546 bonam
335 1523 532 1557 ueramque
556 1512 749 1546 lectionem
780 1515 946 1559 reperiri,
973 1526 1065 1559 quae
1090 1525 1164 1547 non
1193 1526 1239 1547 ex
1264 1513 1458 1556 codicibus,
1484 1524 1639 1558 quorum
1661 1513 1859 1546 lectionum
1885 1513 2025 1546 discre-

180 1586 341 1632 pantiam
375 1586 552 1630 congessi,
596 1591 740 1619 enotata
773 1587 830 1620 sit.
878 1587 1006 1632 quue
1038 1588 1218 1621 minorem
1251 1588 1419 1632 antiquae
1453 1586 1629 1620 editiones
1664 1598 1782 1631 quam?
1803 1586 1944 1620 codices
1972 1585 2025 1620 illi

181 1665 269 1705 aput
293 1659 459 1693 criticum
483 1659 734 1692 auctoritatem
759 1661 891 1694 debent
915 1660 1067 1705 habere,
1094 1673 1164 1706 quo
1191 1661 1304 1706 magis
1329 1673 1349 1694 a
1373 1660 1491 1694 forma
1517 1659 1700 1704 codicum,
1728 1671 1772 1693 ex
1799 1660 1927 1704 quibus
1951 1660 2023 1694 du-

181 1739 260 1768 ctae
286 1738 386 1775 sunt,
412 1731 585 1765 recedere
609 1732 839 1778 mendisque,
875 1746 965 1780 quae
989 1735 1028 1768 in
1053 1734 1254 1777 codicibus,
1281 1745 1370 1779 quos
1395 1738 1667 1778 repraesentare
1690 1738 1883 1778 putantur,
1909 1739 2022 1777 erant,

183 1818 229 1840 ex
255 1807 382 1852 quibus
411 1805 495 1838 solis
522 1806 685 1850 cognatio
712 1807 875 1840 codicum
901 1808 1057 1853 perspici
1081 1813 1218 1853 potest,
1258 1808 1427 1841 inmunes
1452 1806 1570 1840 solent
1590 1818 1676 1840 esse.
1727 1807 1818 1840 Eam
1843 1806 1889 1839 ob
1915 1817 2022 1840 caus-

181 1892 257 1913 sam
282 1891 358 1912 non
384 1879 546 1912 dubitaui
572 1890 717 1912 omnem
744 1880 968 1925 singulorum
994 1881 1158 1915 codicum
1183 1882 1461 1927 discrepantiam
1493 1881 1693 1925 scripturae
1717 1880 1878 1925 adeoque
1902 1879 2023 1912 mani-—

181 1953 295 1987 festos
319 1953 591 1986 amanuensium
618 1965 760 1986 errores
786 1954 823 1987 in
850 1960 1023 1999 apparatu
1047 1955 1171 1989 critico
1197 1955 1380 1989 adnotare.
1432 1955 1617 1989 Certumst
1643 1955 1755 1997 enim,
1789 1945 2025 1986 uehementer

180 2026 257 2061 salli
281 2026 457 2060 lectorum
482 2026 656 2060 iudicium
683 2027 826 2070 debere,
853 2028 883 2060 si
905 2028 1021 2062 bonae
1045 2034 1185 2062 tantum
1211 2030 1464 2074 speciosaeque
1490 2029 1690 2074 scripturae
1716 2038 1762 2060 ex
1783 2025 1932 2072 singulis
1958 2037 2024 2059 co-

183 2099 322 2132 dicibus
355 2099 510 2142 adlatae,
551 2111 692 2134 errores
725 2106 852 2134 contra
885 2113 925 2134 ac
949 2101 1080 2134 menda
1110 2101 1339 2135 librariorum
1365 2101 1508 2136 silentio
1533 2101 1744 2136 transmissa
1769 2100 1851 2134 sint.
1901 2099 2027 2145 Itaque

183 2173 294 2206 derisi
318 2172 482 2218 profecto
510 2185 636 2206 eorum
661 2174 963 2218 reprehensiones
988 2174 1177 2208 hominum
1202 2175 1403 2219 doctorum,
1429 2176 1490 2220 qui
1506 2187 1622 2220 nuper
1637 2174 1725 2208 mihi
1749 2172 2025 2218 exprobrarunt,

184 2245 281 2291 quod
307 2246 424 2279 omnis
450 2247 645 2292 scripturas
672 2247 779 2280 etiam
804 2248 994 2281 manifesto
1021 2253 1207 2292 corruptas
1233 2260 1278 2282 ex
1304 2250 1427 2283 codice
1451 2249 1658 2283 Ersurtensi
1691 2247 1868 2281 enotarim
1894 2249 2024 2278 enota-

183 2325 307 2364 tasque
332 2320 428 2364 typis
453 2320 677 2354 recndendas
705 2320 870 2353 curarim.
922 2320 1236 2364 Quemadmodum
1263 2322 1359 2355 enim
1385 2322 1431 2356 de
1443 2323 1592 2356 homine
1617 2321 1791 2355 nonlicet
1813 2329 1940 2352 uerum
1965 2317 2025 2351 fa-

186 2404 268 2426 cere
292 2392 486 2434 iudicium,
524 2394 625 2428 cuius
651 2394 805 2429 uirtutes
831 2395 950 2439 noris,
990 2396 1078 2430 uitia
1103 2397 1266 2442 ignores,
1305 2396 1355 2430 ita
1389 2396 1521 2431 codicis
1549 2396 1645 2442 quod
1668 2396 1715 2429 sit
1737 2393 1914 2440 pretium,
1955 2390 2025 2424 nisi
