2185 2720
171 170 223 198 102
816 155 1391 187 COMMENTARIUS.

172 238 265 271 enim
288 236 351 268 1100
373 233 480 265 dicere
501 236 611 275 potest
633 235 761 269 orator,
786 240 870 272 quae
888 228 980 260 illius
1003 230 1186 273 scripturae
1207 229 1422 271 sententiast,
1444 231 1492 263 ad
1510 231 1678 264 uirtutem
1698 232 1819 265 multis
1839 233 1944 265 licere
1959 243 2043 276 per-

169 292 306 328 uenire,
341 292 393 320 set
412 283 614 322 necessario,
655 282 742 325 quod
769 293 813 314 ex
843 281 995 313 membro
1026 282 1200 326 opposito,
1235 283 1404 315 honorum
1418 282 1511 327 finis
1533 289 1584 316 est
1610 285 1828 326 consulatus,
1863 283 2042 316 manifesto

169 348 326 388 apparet,
349 340 413 372 hoe
434 337 530 369 debet
551 336 676 368 dicere:
706 337 876 368 honorum
899 334 1016 377 gradus
1039 346 1161 378 paucos
1185 345 1275 375 esse,
1303 335 1351 367 sic
1372 341 1411 367 ut
1433 335 1491 378 qui
1513 336 1724 368 consulatum
1745 336 1882 379 adeptus
1901 336 1962 377 sit,
1990 336 2043 368 al-

169 397 235 429 tius
259 395 294 426 in
315 391 500 425 honoribus
526 388 681 434 progredi
701 400 771 420 non
796 387 920 431 possit,
952 387 1087 419 uirtutis
1113 393 1224 419 autem
1249 387 1438 430 plurumos.
1481 388 1598 431 Itaque
1622 388 1906 427 certissumumst‚
1938 389 2043 421 multi

170 460 329 483 ascensus
352 444 449 476 unice
471 454 587 474 ueram
611 442 810 485 scripturam
837 451 918 471 esse.
963 440 1172 472 Rectissume
1194 439 1296 471 etiam
1320 440 1364 472 in
1387 440 1562 473 uirtute
1583 443 1686 475 multi
1707 454 1868 475 ascensus
1889 447 1970 474 sunt
1990 441 2044 472 di·-

170 509 279 539 ctum,
303 509 369 541 quo
393 495 574 539 significatz
596 506 673 526 cum
697 495 769 537 quis
791 493 912 525 uirtuti
934 493 1061 533 studet,
1083 493 1197 536 plures
1220 497 1301 524 sunt
1320 491 1458 533 gradus,
1488 503 1572 535 quos
1593 495 1768 527 ascendere
1788 493 1914 538 possit,
1944 504 2046 535 quam

170 564 247 585 cum
269 551 439 583 honorum
464 548 602 591 cupidus
626 554 690 587 est,
722 558 866 590 quorum
888 545 963 578 finis
985 553 1034 579 est
1056 546 1264 584 consulatus,
1292 555 1393 586 quem
1415 544 1473 586 qui
1493 553 1690 579 consecutus
1711 553 1779 587 est,
1808 547 1943 579 altiores
1969 557 2046 589 gra-

171 606 230 636 dus
263 602 436 635 ascendere
466 607 620 642 nequeat.
665 600 827 632 Similiter
857 598 982 630 dictum
1012 600 1048 631 in
1078 599 1211 631 uirtute
1236 597 1419 641 procedere
1446 604 1479 629 et
1493 601 1665 643 progredi
1693 601 1762 632 Cic.
1788 600 1828 631 de
1849 599 1926 631 Fin.
1949 599 1988 630 B.
2012 605 2046 631 et

170 658 220 690 M.
245 657 315 695 IV,
342 655 400 693 25,
425 655 476 686 64.
499 671 542 678 —-
586 655 745 686 Ceterum
767 657 866 690 sunt,
890 651 977 693 quod
1000 652 1026 683 B
1050 658 1084 683 et
1105 652 1134 683 E
1155 656 1232 694 post
1253 650 1356 682 multi
1377 649 1517 691 addunt,
1545 652 1761 692 incertumst,
1789 658 1905 684 utrum
1927 651 1967 683 ab
1989 651 2046 682 111-

173 715 323 753 terprete
349 707 392 738 sit
415 719 457 738 an
478 719 498 738 a
520 707 680 739 Cicerone
701 704 904 748 profectum.
949 703 1035 737 Uide
1057 704 1187 746 Proleg.
1210 703 1253 735 L.
1276 703 1319 733 Π.
1344 702 1382 734 C.
1405 702 1432 733 I.
1459 703 1489 744 §.
1511 704 1541 736 8.
1566 716 1600 747 p.
1622 705 1752 738 XLII..

261 761 400 794 Horum
426 760 457 791 si
482 760 668 803 diligenter
697 769 861 802 quaeras,
897 757 960 789 uix
990 757 1166 789 decumam
1193 761 1331 799 partem
1352 756 1499 799 reperies
1518 757 1638 800 gloria
1659 758 1819 802 dignam)
1861 757 1918 789 Sic
1945 757 2048 789 edidit

171 813 364 851 Ernestius‚
390 813 472 844 haec
493 812 669 844 adnotans:
693 811 788 851 „Pro
811 822 957 853 quaeras
979 809 1044 840 Ms.
1067 808 1143 843 Erf.
1164 820 1317 853 quaeres,
1341 807 1429 849 quod
1453 808 1619 841 Graeuius
1641 810 1714 841 sine
1734 810 1930 843 necessitate
1951 821 2047 842 rece-

172 868 240 911 pit,
275 871 406 898 seruato
430 866 570 909 reperis.
614 865 672 896 Set
692 875 755 906 pro
779 874 817 893 eo
840 862 877 893 111
901 862 970 893 0(1(1.
993 868 1076 894 uett.
1099 868 1148 893 est
1170 862 1339 905 reperies,
1371 860 1426 891 cui
1447 860 1532 891 bene
1554 863 1713 894 conuenit
1734 875 1891 907 quaeras.
1933 863 1979 894 Et
1999 863 2048 894 sic

172 919 271 952 edidi.
318 919 354 950 Si
375 917 529 949 fauerent
555 916 649 955 libri,
689 916 870 948 scriberem
894 927 1039 959 quaeras
1060 933 1100 938 —
1123 914 1318 959 reperias.“
1359 913 1440 944 Post
1460 914 1657 946 Ernestium
1680 915 1884 947 Garatonius
1906 915 1987 947 haec
2007 916 2048 947 ad

172 973 206 1004 11.
230 973 342 1003 10011111
365 970 553 1002 adnotanit:
593 968 851 1008 „Retinendum
874 974 924 999 est
944 979 1090 1011 quaeras
1110 984 1153 990 —
1177 966 1347 1009 reperiaS,
1381 971 1420 996 ut
1442 966 1593 997 omnium
1615 967 1750 999 silentio
1772 979 1792 999 a
1813 967 1985 1010 Naugerio
2006 968 2047 1000 ad

174 1025 360 1056 Gruterum
385 1022 510 1053 editum
531 1020 608 1052 suit.
654 1021 845 1064 Optumum
867 1031 956 1058 esse,
995 1019 1068 1061 quis
1091 1019 1212 1060 neget?
1247 1023 1285 1048 ut
1306 1023 1388 1059 aput
1409 1017 1547 1050 Terent.
1569 1019 1659 1050 Eun.
1685 1031 1718 1059 1,
1751 1021 1799 1052 16.
1831 1021 1863 1052 si
1881 1021 2048 1064 postules,

174 1076 283 1108 nilzilo
300 1076 385 1119 plus
410 1086 519 1118 agas,
552 1080 584 1105 et
605 1074 729 1117 passim
750 1079 833 1116 aput
858 1079 1015 1115 optumos
1039 1081 1199 1113 quosque.
1242 1070 1414 1102 Mutatum
1434 1068 1467 1100 id
1498 1070 1616 1102 miror.
1659 1071 1757 1103 Ferri
1780 1078 1908 1114 posset,
1942 1085 2048 1115 quae-

175 1141 229 1160 res
253 1145 291 1151 —
316 1128 491 1171 reperias,-
525 1138 568 1158 an
593 1138 662 1157 non
683 1132 796 1157 tamen
821 1131 906 1156 esset
929 1136 1070 1168 quaeres
1091 1141 1134 1147 --
1159 1124 1307 1167 reperies
1331 1123 1596 1165 congruentius?
1639 1123 1748 1155 Immo
1778 1135 1869 1155 nunc
1897 1125 2046 1168 reperies

177 1180 360 1212 Ernestum
383 1180 507 1212 dedisse
529 1180 626 1210 uideo
650 1190 693 1211 ex
712 1179 772 1218 iis,
796 1177 916 1220 quibus
939 1187 1052 1216 careo,
1075 1177 1242 1208 ueteribus
1267 1174 1396 1206 editis.“
1438 1175 1561 1217 Neque
1584 1175 1786 1208 Garatonius
1805 1187 1915 1218 neque
1935 1177 2047 1208 Erne-

175 1232 258 1264 stius
289 1238 379 1263 recte
409 1233 445 1263 in
470 1230 702 1273 constituendo
729 1231 794 1263 hoc
822 1230 896 1261 loco
918 1229 1043 1260 uersati
1064 1235 1153 1261 sunt.
1197 1229 1278 1261 Non
1299 1227 1389 1258 enim
1415 1228 1659 1269 quaerendum,
1689 1228 1768 1270 quid
1793 1228 1857 1259 dici
1880 1229 2043 1270 potuerit,

176 1291 227 1317 set
257 1284 458 1323 uidendum,
498 1295 599 1326 quam
626 1284 827 1327 scripturam
860 1282 1011 1314 codicum
1040 1281 1219 1313 auctoritas
1240 1291 1400 1312 maxume
1428 1285 1571 1311 tueatur.
1613 1281 1770 1312 Tuentur
1793 1287 1906 1313 autem
1928 1293 2046 1315 omnes

174 1336 246 1368 fere
272 1336 351 1367 libri
374 1337 409 1367 111
431 1337 540 1379 iisque
563 1337 695 1379 optumi
717 1337 867 1380 reperi33
896 1347 915 1367 a
937 1346 1002 1378 qua
1023 1335 1189 1378 scriptura
1211 1334 1269 1376 qui
1290 1332 1448 1364 recedunt
1456 1357 1465 1372 ,
1488 1339 1604 1375 aperte
1629 1333 1886 1365 emendatricem
1907 1346 2047 1367 manum

176 1389 310 1433 experti
338 1395 426 1421 sunt.
470 1390 520 1421 Ea
551 1400 634 1420 uero
663 1388 735 1431 ipsa
762 1389 927 1431 scriptura
959 1399 1035 1419 cum
1063 1387 1209 1430 genuina
1238 1398 1308 1418 esse
1334 1391 1495 1428 nequeat,
1529 1385 1558 1418 is
1585 1386 1676 1418 solus
1703 1392 1830 1417 rectam
1852 1388 2048 1420 emendandi

177 1443 269 1474 uiam
292 1441 430 1473 iniuisse
452 1442 516 1473 dici
539 1447 665 1485 potest,
702 1441 760 1483 qui
789 1441 969 1473 lenissuma
998 1451 1074 1472 cum
1103 1440 1290 1472 mutatione
1318 1439 1351 1470 id
1372 1438 1574 1478 restituerit,
1611 1438 1699 1481 quod
1723 1445 1757 1470 et
1777 1439 1961 1472 sententiae
1991 1452 2048 1472 ac-

179 1494 534 1527 cominodatissumum
559 1505 645 1534 esse,
682 1500 714 1525 et
735 1505 755 1525 a
776 1494 921 1526 librariis
943 1493 1114 1526 facillume
1143 1493 1180 1524 in
1203 1493 1377 1535 uolgarem
1405 1490 1607 1533 scripturam
1628 1492 1754 1523 mutari
1774 1492 1924 1534 potuisse
1944 1492 2049 1524 intel-

177 1549 319 1591 legetur.
362 1547 472 1589 Atqui
495 1559 557 1579 nec
578 1547 750 1591 reperias,
775 1547 804 1579 si
824 1547 987 1590 scriptum
1009 1558 1028 1578 a
1054 1547 1216 1578 Cicerone
1238 1545 1372 1584 fuisset,
1394 1555 1455 1575 nec
1476 1545 1642 1588 reperies,
1672 1544 1839 1586 quomodo
1860 1555 1881 1576 a
1901 1544 2049 1578 librariis

179 1602 215 1632 111
247 1601 376 1644 reperis
409 1599 534 1631 mutari
564 1599 734 1642 potuerit,
769 1599 980 1643 perspicitur.
1027 1599 1154 1630 Contra
1190 1598 1362 1630 facillume
1400 1608 1512 1629 errore
1541 1597 1671 1641 reperis
1695 1608 1739 1628 ex
1766 1598 1934 1640 repereris
1964 1597 2049 1630 oriri

178 1654 301 1697 potuit.
348 1653 442 1693 Quae
469 1651 635 1694 scriptura
665 1663 741 1683 cum
771 1659 909 1695 optume
941 1651 1119 1683 conueniat
1159 1662 1236 1683 cum
1265 1663 1424 1695 quaeres,
1471 1652 1559 1693 quod
1595 1649 1883 1693 praestantissumi
1910 1649 1991 1682 libri
2017 1650 2046 1682 Β

180 1712 213 1737 et
226 1706 252 1736 E
270 1703 443 1735 accedente
456 1705 507 1736 La
529 1704 662 1743 habent,
685 1705 772 1737 mihi
794 1706 929 1748 quidem
950 1704 1048 1736 unice
1066 1715 1148 1736 uera
1168 1703 1302 1735 uidetur
1324 1714 1404 1735 esse.
1447 1703 1503 1734 Sic
1522 1703 1652 1734 Ennius
1674 1707 1756 1744 aput
1766 1701 1812 1734 A.
1827 1702 1917 1733 Gen.
1931 1703 1995 1743 XI,
2015 1703 2047 1734 4.

182 1759 281 1792 Haec
305 1764 342 1790 tu
367 1758 432 1789 etsi
451 1769 616 1800 peruerse
638 1758 772 1798 dices,
798 1757 912 1802 facile
933 1757 1086 1791 Achiuos
1107 1757 1310 1801 flexeris.
1355 1756 1492 1787 Terent.
1514 1755 1560 1788 V.
1581 1754 1728 1797 Adelph.
1754 1766 1788 1794 1,
1817 1754 1869 1786 51.
1898 1755 1997 1788 Haec
2018 1756 2050 1788 si

183 1812 305 1845 uoles
331 1811 372 1846 ,in
396 1810 510 1842 animo
533 1822 613 1842 uere
635 1812 809 1854 cogitare,
843 1811 993 1850 Demea,
1029 1816 1062 1843 et
1082 1811 1169 1843 milii
1192 1816 1226 1843 et
1247 1809 1310 1842 tibi
1332 1814 1365 1841 et
1384 1808 1457 1841 illis
1487 1807 1729 1852 dempseris
1756 1807 1958 1840 molestiam.
1999 1807 2048 1839 Id.

180 1866 265 1897 Hec.
289 1865 321 1901 Ι,
357 1874 393 1901 2,
422 1862 453 1893 4.
485 1861 525 1893 Si
547 1874 613 1894 non
640 1870 799 1907 quaeret,
830 1864 948 1896 nullus
969 1863 1109 1897 dixeris,
1153 1863 1222 1895 Cic.
1245 1862 1334 1894 Phil.
1355 1861 1426 1901 XI,
1459 1872 1514 1901 11,
1544 1861 1595 1893 26.
1631 1861 1727 1894 Hinc
1748 1861 1779 1892 si
1799 1860 1936 1893 Brutus
1963 1861 2050 1893 erit

183 1917 420 1950 traductus
451 1915 498 1947 ad
518 1915 608 1947 aliut
630 1916 774 1957 bellum,
811 1917 993 1950 Graeciam
1015 1922 1104 1949 certe
1131 1915 1417 1948 amiserimus.
1459 1914 1581 1955 Neque
1602 1912 1772 1952 absimile,
1808 1912 1896 1954 quod
1916 1912 2066 1955 scripsit

184 1970 323 2000 Terent.
348 1969 472 2000 Heaut.
496 1968 529 2007 I,
559 1979 592 2007 1,
622 1970 673 2002 55.
708 1976 759 2002 set
779 1971 811 2002 si
833 1971 871 2003 id
890 1982 956 2002 non
970 1968 1112 2013 facis,
1146 1979 1208 2011 ego
1231 1967 1322 2011 quod
1341 1979 1394 2000 me
1416 1966 1452 1998 in
1470 1971 1503 1998 te
1524 1967 1572 1998 sit
1582 1964 1706 2010 facere
1727 1965 1892 2008 dignum,
1925 1964 2052 1997 inue-

184 2034 297 2054 nero·
340 2020 435 2053 Adde
459 2020 528 2052 Cic.
555 2021 597 2052 Π.
620 2022 656 2053 111
680 2023 777 2055 Uerr.
798 2023 848 2062 ΙΙ,
880 2022 937 2060 62,
969 2023 1037 2053 151.
1067 2020 1133 2052 Da
1154 2020 1240 2052 milti
1262 2020 1342 2059 lios,
1378 2019 1449 2051 iam
1471 2018 1535 2051 tihi
1555 2029 1752 2051 maxumam
1768 2022 1908 2060 partem
1932 2015 2051 2060 defen-

185 2075 291 2106 sionis
313 2074 595 2117 praecideris.
640 2075 742 2106 Corn.
757 2075 845 2118 Nep.
867 2074 1000 2112 XXIII,
1026 2083 1055 2112 2,
1079 2073 1108 2104 6.
1131 2072 1248 2112 Quare
1269 2073 1300 2104 si
1321 2071 1408 2116 quid
1427 2072 1535 2103 amice
1559 2071 1602 2104 de
1621 2070 1790 2103 Romanis
1813 2069 2051 2113 cogitabis,

186 2139 253 2158 non
276 2127 500 2170 inprudenter
513 2125 704 2170 feceris,
735 2128 766 2159 si
791 2139 843 2159 nze
866 2126 1000 2159 celaris.
1043 2125 1088 2158 A.
1113 2124 1203 2157 Gell.
1225 2125 1271 2157 N.
1292 2124 1338 2157 A.
1360 2124 1412 2163 II,
1439 2123 1469 2154 5.
1491 2123 1691 2156 Fauorinus
1712 2123 1754 2155 de
1775 2122 1888 2165 Lysia
1909 2126 1943 2153 et
1961 2119 2051 2153 Pla-

188 2184 264 2211 tone
286 2180 408 2211 solitus
431 2185 482 2211 est
504 2180 634 2211 dicere:
673 2180 704 2211 si
728 2192 768 2212 ex
789 2180 969 2218 Platonis,
1005 2178 1138 2222 inquit,
1167 2177 1321 2209 oratione
1342 2174 1484 2208 uerbum
1505 2175 1648 2219 aliquod
1671 2175 1818 2208 demas
1847 2177 2051 2209 mutesue,

189 2236 291 2274 atque
313 2232 351 2263 id
372 2232 648 2264 commodissume
661 2231 834 2275 facias.-
859 2232 900 2264 de
913 2230 1088 2275 elegantia
1111 2235 1246 2262 tantum
1268 2227 1530 2267 detraxeris,
1553 2228 1584 2259 si
1595 2240 1636 2260 ex
1650 2227 1792 2271 Lysiae,
1814 2226 1856 2259 de
1873 2224 2052 2257 sententia.

275 2284 333 2315 Sic
355 2285 467 2327 igitur
489 2284 657 2316 Plancius
681 2285 906 2317 nihilominus
931 2289 1090 2328 quaestor
1112 2288 1163 2315 est
1175 2280 1318 2326 factus,
1340 2287 1373 2314 et
1395 2280 1554 2313 tribunus
1573 2281 1701 2324 plebis,
1728 2285 1761 2312 et
1781 2278 1920 2318 aedilis,
1949 2288 2052 2319 quam

190 2336 222 2368 si
244 2342 329 2368 esset
353 2349 483 2368 summo
505 2337 577 2369 loco
598 2343 720 2377 natus3
757 2344 807 2370 set
829 2337 911 2369 llaec
932 2336 1012 2377 pari
1035 2336 1106 2368 loco
1132 2336 1201 2367 orti
1222 2339 1303 2367 sunt
1324 2333 1589 2366 innumerabiles
1611 2334 1676 2366 alii
1695 2328 1876 2372 consecuti)
1919 2328 1974 2359 Sic
1994 2339 2053 2359 re-

190 2387 288 2419 lictus
309 2389 363 2420 hic
386 2389 476 2420 locus
502 2400 521 2420 a
540 2390 724 2421 Garatoni«)
748 2391 848 2422 etiam
871 2396 904 2421 et
922 2378 1065 2429 Orellio,
1091 2398 1293 2431 quamquam
1315 2385 1493 2418 manifesto
1515 2387 1700 2424 mutilatus,
1721 2393 1830 2424 neque
1852 2380 2051 2412 intellectus·

191 2440 366 2473 Nimirum
391 2448 560 2483 postrema
585 2449 634 2476 set
657 2444 738 2476 haec
759 2461 800 2467 —
826 2443 921 2474 nullo
944 2441 1043 2473 modo
1074 2452 1151 2472 cum
1172 2439 1403 2483 superioribus
1424 2438 1519 2481 iungi
1539 2443 1694 2482 possunt,
1728 2435 1854 2477 quippe
1876 2433 1970 2464 nulla
1991 2431 2054 2463 ob-
