2185 2720
152 171 190 198 30
808 160 1384 192 COMMENTARIUS.

153 240 234 271 ibid.
258 238 361 277 XIII,
385 238 436 269 52.
459 237 624 280 polliceor
646 237 708 268 hoc
730 235 845 276 uobis,
873 249 907 281 p.
931 250 975 276 α,
1000 243 1133 269 tantam
1156 236 1193 267 in
1215 237 1310 269 nobis
1334 237 1530 270 consulibus
1543 236 1628 280 fore
1650 241 1891 284 diligentiam,
1914 258 1956 264 —
1995 246 2034 273 ut

154 292 376 325 Catilinae
409 288 690 332 profectione
717 290 832 322 omnia
859 289 1041 333 patefacta
1063 307 1105 314 —-
1127 290 1289 322 uideatis.
1312 290 1347 321 in
1370 290 1437 321 Pis.
1461 290 1603 330 XXIII,
1634 292 1685 322 (Ji.
1719 295 1788 324 scio
1812 295 1894 325 item,
1917 294 2036 325 uirum

144 344 279 388 fortem
303 360 345 366 -·
367 344 564 374 aduentu
590 343 674 373 isto
698 348 773 374 tuo
799 343 891 374 domi
907 342 1026 384 fuisse
1050 344 1206 375 otiosum.
1230 342 1324 372 Lael.
1348 342 1416 381 ΙΙΙ,
1456 353 1504 373 10.
1530 354 1584 374 me
1607 343 1680 386 ipse
1704 346 1872 384 consolor,
1908 351 1941 377 et
1964 358 2039 377 ma-

154 409 256 428 xume
285 396 346 426 illo
379 395 524 433 solatio,
562 397 654 438 quod
683 408 720 428 eo
749 407 865 428 errore
887 407 1007 434 careo,
1045 407 1109 439 quo
1139 394 1380 426 amicorum
1407 396 1589 427 decessu
1614 396 1777 439 plerique
1806 398 1892 440 angi
1920 399 2040 430 solent.

155 451 199 481 II.
224 449 259 479 iu
283 449 355 479 Cat.
380 448 447 485 VI,
476 447 523 478 15.
547 448 603 479 hic
625 460 687 491 ego
708 466 751 471 —
777 449 936 492 quaesiui
958 462 980 480 a
1005 449 1177 485 Catilina,
1209 453 1420 479 nocturno
1451 453 1665 480 conuentu
1687 453 1775 491 aput
1797 449 1848 480 M.
1870 449 2042 481 Laeceam

146 502 282 545 fuisset
307 512 420 532 necne.
463 501 507 531 II.
531 500 567 531 in
589 503 686 531 Uerr.
710 501 763 539 V,
789 512 818 541 7,
846 501 893 531 16.
919 512 1017 543 quem
1040 502 1122 538 iste,
1149 505 1188 531 ut
1210 500 1427 532 Panormum
1449 501 1565 539 uenit,
1588 501 1636 532 ad
1657 512 1691 531 se
1714 501 1835 532 uocari
1857 506 1889 532 et
1912 501 1953 532 cle
1976 502 2043 532 tri-

157 554 277 585 bunali
300 553 405 585 citari
428 553 532 584 iussit
555 564 774 584 concursu
799 552 1318 597 magnofrequentiaque
1341 559 1596 585 conuentus.
1625 564 1689 595 pro
1712 553 1788 584 Mil.
1813 553 1864 590 X,
1890 552 1941 584 28.
1965 565 2042 585 cum

156 608 213 638 hic
236 606 423 637 insidiator
444 623 488 628 —
510 618 588 636 cum
610 617 716 636 uxore
738 606 922 637 uelleretur
944 607 980 637 in
1004 606 1127 643 rheda,
1155 606 1388 648 paenulatus‚
1417 617 1571 648 magno
1594 611 1634 636 et
1659 606 1731 648 inp
1745 606 1864 637 edito
1889 611 1927 637 et
1950 617 2044 637 mu-

157 659 293 691 liebri
314 671 362 690 ac
383 657 574 688 delicato
597 657 807 688 ancillarum
824 669 1079 701 puerorumque
1102 658 1331 690 comitatu.
1354 659 1413 689 III.
1439 657 1473 688 in
1499 657 1571 688 Cat.
1593 657 1638 696 II,
1661 659 1690 689 6.
1715 670 1793 689 cum
1816 659 1887 689 iam
1901 663 2044 701 pontem

157 712 333 745 Bluluiom
357 721 512 752 magno
536 711 744 741 comitatu
775 710 886 753 legati
907 711 1138 753 Allobrogum
1162 710 1302 753 ingredi
1331 710 1540 753 inciperent3
1577 721 1655 740 nam
1682 709 1736 740 hic
1760 721 1894 751 quoque
1915 722 2044 753 magno

158 764 324 795 comitatu
358 773 427 792 non
458 768 508 793 est
539 761 780 805 explicandum
810 774 888 793 cum
916 775 1043 805 magno
1075 764 1260 800 comitatu,
1294 767 1344 792 set
1367 763 1488 794 multis
1512 761 1766 794 comitantibus,
1809 763 1938 794 Nostro
1969 763 2045 793 loco

159 815 298 846 omnino
322 815 417 856 paria
440 815 521 845 haec
549 821 648 846 sunt:
679 814 749 846 Cic.
780 814 822 845 de
846 815 897 845 Re
928 815 1063 856 publica
1085 816 1118 854 I,
1148 826 1178 857 9.
1214 821 1246 847 te
1269 821 1386 846 autem.
1407 819 1678 858 permagnumst
1704 815 1859 845 nancisci
1887 815 2045 860 otiosum,

158 869 234 900 hoc
250 868 523 910 praesertim
547 873 660 899 motu
684 867 991 910 reipublicae.
1028 869 1053 899 I.
1077 868 1114 898 in
1137 868 1232 899 Rull.
1256 868 1359 905 VIII,
1385 867 1436 898 24.
1457 868 1532 898 hoc
1553 872 1669 898 motu
1692 872 1822 908 atque
1844 867 2047 910 hucper-

160 920 418 951 turbatione
440 920 683 952 animorum
705 926 833 963 atque
857 931 999 951 rerum
1021 938 1063 943 —
1086 921 1275 952 uerendum
1298 921 1397 952 credo
1423 919 1519 951 nobis
1543 920 1625 959 erit,
1648 931 1690 950 ne
1713 924 1833 950 nostra
1851 919 1921 950 ista
1937 931 2045 962 prae-

158 973 257 1004 clara
289 972 344 1003 lex
372 973 521 1015 agraria
551 973 666 1016 magis
689 972 875 1015 popularis
905 984 975 1004 esse
1008 973 1183 1004 uideatur.
1217 983 1281 1014 pro
1310 972 1419 1003 Sestio
1442 972 1588 1009 LXIV,
1619 971 1670 1002 54.
1698 971 1775 1002 lzac
1796 977 1921 1003 tanta
1940 983 2047 1015 per—

159 1024 407 1056 turbatione
431 1026 639 1056 ciuitatis
662 1036 704 1056 ne
725 1030 856 1055 noctem
882 1025 1020 1067 quidem
1038 1026 1191 1057 consules
1217 1025 1308 1056 inter
1331 1037 1443 1056 meum
1465 1024 1649 1055 discrimen
1675 1029 1708 1055 et
1734 1035 1851 1054 eorum
1877 1024 2047 1066 praedam

159 1077 322 1108 interesse
338 1079 440 1120 passi
463 1084 552 1109 sunt.
576 1088 640 1119 pro
663 1076 739 1108 Mil.
762 1076 907 1114 XXVI,
932 1077 983 1118 69.
1009 1079 1092 1116 erit,
1122 1079 1189 1109 erit
1213 1077 1295 1108 illut
1310 1075 1471 1119 profecto
1495 1081 1646 1119 ίεηψιιε,
1677 1087 1778 1119 quom
1800 1081 1839 1107 tu
1862 1076 2046 1107 incolumi-

159 1128 238 1164 bus,
261 1135 300 1159 ut
322 1141 438 1171 spero,
465 1131 564 1162 rebus
586 1130 675 1167 tuis,
700 1134 751 1160 set
764 1127 923 1170 fortasse
943 1135 1058 1161 motu
1084 1131 1241 1172 aliquo
1264 1129 1501 1160 conmuniu
1514 1140 1549 1159 m
1576 1133 1827 1171 temporum,
1859 1129 1919 1171 qui
1941 1140 2046 1171 quam

159 1180 275 1211 crebro
298 1182 435 1213 accidat
464 1182 598 1225 experti
620 1180 776 1212 debemus
809 1181 897 1212 scire
918 1198 960 1204 —
974 1180 1181 1224 fortissumi
1209 1181 1282 1213 uiri
1311 1180 1590 1223 magnitudinem
1619 1181 1729 1212 animi
1759 1181 1945 1212 desideras,
1979 1191 2045 1223 pro

160 1232 268 1263 Sestio
292 1232 383 1270 XV,
411 1234 462 1265 55.
487 1240 599 1265 tamen
623 1234 676 1265 lzis
700 1233 808 1264 tantis
830 1234 932 1264 malis
956 1239 1081 1266 tanto
1104 1235 1310 1267 bonorum
1332 1234 1501 1270 studio,
1529 1234 1675 1271 iudices,
1699 1233 1966 1271 restitissemus,
1995 1237 2048 1264 set

161 1290 239 1314 etc..
286 1285 360 1315 Nec
381 1292 477 1323 sunt,
511 1286 573 1317 etsi
596 1286 773 1324 uidentur,
805 1285 981 1316 dissimilia
1006 1287 1105 1318 haec:
1142 1288 1185 1318 II.
1209 1286 1245 1317 in
1276 1285 1370 1317 Rull.
1393 1285 1501 1323 XXI,
1530 1286 1582 1316 55.
1614 1286 1805 1328 uectigalia
1828 1285 1942 1316 locare
1962 1296 2047 1316 nus-

161 1349 265 1380 quam
287 1337 367 1368 licet
389 1339 459 1369 nisi
482 1339 517 1369 in
541 1339 606 1369 liae
628 1338 728 1375 urbe,
761 1339 823 1369 hoc
846 1350 886 1369 ex
909 1338 1003 1376 loco,
1041 1340 1120 1370 liae
1147 1345 1346 1371 uestrum
1362 1337 1637 1381 frequentia.
1675 1338 1718 1368 II.
1742 1337 1777 1368 in
1802 1338 1902 1369 Uerr.
1925 1337 1970 1367 II.
1994 1347 2046 1378 77,

164 1389 233 1430 139.
258 1389 395 1420 tabulas
419 1389 554 1432 infore
578 1402 740 1422 summa
763 1391 980 1421 hominum
993 1390 1100 1434 freq
1113 1392 1264 1423 uentia
1287 1390 1432 1423 excribo.
1455 1389 1515 1420 ΙΙΙ.
1539 1389 1581 1419 de
1596 1390 1701 1431 Legg.
1726 1391 1824 1429 XVI,
1849 1389 1900 1430 57.
1925 1401 2048 1433 quam-

161 1442 293 1479 obrem,
326 1443 489 1484 quoniam
512 1454 578 1473 non
603 1443 877 1484 recognoscimus
899 1455 990 1474 nunc
1013 1444 1105 1485 leges
1122 1444 1249 1486 populi
1272 1444 1340 1481 R.,
1370 1448 1421 1474 set
1443 1448 1506 1474 aut
1529 1443 1714 1485 repetimus
1740 1449 1874 1486 ereptas
1897 1447 1962 1473 aut
1982 1454 2047 1473 no·

160 1508 225 1527 uas
248 1494 447 1526 scribimus:
471 1506 555 1532 non,
577 1496 662 1537 quid
683 1496 758 1526 hoc
775 1496 940 1538 populo
966 1496 1113 1527 obtineri
1129 1497 1261 1538 possit,
1285 1502 1357 1534 set,
1381 1495 1466 1538 quid
1487 1500 1666 1538 optumum
1687 1495 1751 1532 sit,
1775 1495 1839 1525 tibi
1861 1494 2046 1526 dicendam

157 1553 255 1590 puto.
279 1546 338 1576 ubi
363 1546 574 1578 Goerenzius
597 1554 674 1589 apte
699 1546 822 1578 adtulit
844 1546 886 1577 ad
909 1548 982 1578 Att.
1006 1549 1053 1586 Χ,
1081 1559 1128 1579 11.
1154 1549 1240 1591 quid
1261 1549 1352 1580 enim
1373 1549 1487 1579 clivam
1509 1548 1586 1579 hac
1609 1548 1866 1578 iuuentute?
1909 1547 1964 1578 Ne
1985 1557 2050 1577 au-

162 1605 231 1630 tem
256 1598 390 1629 diuersa
415 1609 470 1628 me
492 1598 684 1630 confudisse
707 1599 864 1641 exempla
889 1600 1055 1642 quispiam
1081 1606 1261 1641 queratur,
1298 1600 1558 1637 monendumst,
1596 1605 1634 1630 ut
1659 1599 1813 1640 uolgares
1834 1598 1886 1629 illi
1908 1598 2050 1630 ablatiui

164 1650 422 1692 consequentiae
444 1662 508 1692 pro
536 1651 697 1692 cuiusque
720 1651 785 1682 loci
809 1651 939 1682 ratione
962 1664 1052 1683 nunc
1078 1652 1139 1682 hac
1166 1663 1258 1682 nunc
1288 1651 1346 1682 illa
1371 1652 1537 1693 particula
1569 1650 1725 1682 soluendi
1753 1650 1839 1689 sint,
1874 1662 1951 1682 cum
1974 1652 2049 1688 [una

163 1703 304 1746 proprie
327 1702 512 1744 eademque
531 1703 575 1734 sit
597 1704 750 1734 omnium
773 1704 990 1745 significatio,
1013 1704 1059 1735 ita
1080 1703 1116 1735 in
1140 1704 1192 1735 his
1217 1715 1370 1745 quoque,
1397 1716 1481 1746 quae
1498 1704 1616 1741 adtuli,
1641 1702 1806 1744 exemplis
1829 1714 1897 1733 non
1919 1703 2047 1735 mirum

164 1767 235 1787 esse
258 1754 286 1786 si
308 1754 350 1785 ad
374 1755 614 1797 explicandum
636 1756 821 1787 ablatiuom
843 1768 933 1788 nunc
956 1771 1052 1796 cum,
1073 1768 1164 1788 nunc
1186 1757 1342 1800 quando,
1365 1767 1456 1787 nunc
1477 1758 1509 1789 si
1529 1755 1696 1799 particula
1719 1754 1909 1785 adhibenda
1930 1755 1984 1786 sit.
2002 1772 2048 1780 —

163 1807 395 1839 Dis-similiora
416 1814 512 1845 sunt,
544 1814 595 1839 set
617 1814 729 1839 tamen
751 1815 933 1851 propterea
956 1810 1022 1841 huc
1045 1820 1178 1852 quoque
1202 1809 1422 1851 pertinentia,
1463 1809 1552 1850 quod
1576 1810 1612 1840 in
1634 1807 1894 1850 praepositionis
1919 1819 1983 1850 ope
2005 1808 2047 1839 ab

163 1859 407 1901 interpretibus
432 1860 578 1901 antiquis
609 1867 642 1892 et
662 1862 852 1894 recentibus
886 1863 1053 1905 explicata
1079 1868 1173 1900 sunt,
1205 1861 1305 1892 haec:
1348 1861 1417 1892 Cic.
1441 1861 1501 1892 III.
1524 1861 1560 1892 in
1584 1861 1656 1891 Cat.
1680 1860 1746 1896 III,
1785 1861 1814 1891 6.
1839 1861 2049 1894 tardissume

164 1918 280 1944 autem
303 1912 476 1943 Lentulus
500 1913 614 1951 uenit,
652 1915 751 1946 eredo
775 1916 867 1958 quod
895 1916 1064 1948 litteris
1094 1914 1255 1946 dandis
1279 1919 1422 1956 praeter
1452 1914 1732 1945 consuetudinem
1752 1925 1928 1956 proxuma
1951 1919 2049 1946 nocte

165 1965 358 2007 uigilarat3
381 1975 448 2004 quo
469 1964 542 1995 loco
567 1971 600 1996 et
621 1966 647 1996 ii
670 1973 844 2005 errarunt,
875 1967 932 2009 qui
955 1969 1083 2000 litteris
1101 1978 1164 2009 pro
1189 1965 1303 1996 datiuo
1328 1966 1534 2003 habuerunt,
1561 1972 1594 1996 et
1617 1966 1660 2004 ii,
1686 1966 1744 2007 qui
1767 1977 1811 1996 ex
1835 1966 2048 2009 interpolatis

166 2016 263 2047 codd.
288 2017 324 2047 in
347 2017 635 2058 praepositionem
659 2026 871 2061 receperunt.
916 2021 1127 2061 Rectissume
1148 2019 1275 2049 dictum
1299 2020 1428 2050 litteris
1451 2020 1577 2051 dandis
1599 2019 1664 2049 hoc
1693 2030 1811 2050 sensu:
1854 2031 1931 2050 cum
1953 2018 2049 2049 litte-

166 2081 224 2100 ras
248 2069 358 2100 claret.
403 2069 457 2099 Sic
480 2069 569 2101 idem
593 2072 652 2101 ΙΙΙ.
678 2071 719 2101 de
739 2073 843 2113 Legg.
862 2074 945 2112 XV,
970 2074 1020 2105 55.
1044 2073 1176 2109 (licam,
1200 2078 1232 2102 et
1254 2072 1417 2103 uersabor
1440 2072 1476 2102 in
1499 2083 1536 2103 re
1558 2071 1750 2115 difficili—
1765 2077 1797 2103 et
1820 2083 1920 2114 saepe
1943 2082 2049 2114 quae-

165 2122 256 2153 sita.-
279 2120 455 2164 Slff'agia
474 2124 754 2166 magistratu
776 2127 1018 2158 mandando
1041 2130 1115 2157 aut
1137 2136 1209 2156 reo
1233 2125 1467 2156 iudicando
1483 2142 1524 2147 —-
1543 2125 1633 2156 clam
1654 2137 1699 2156 an
1717 2120 1838 2168 palam
1853 2123 1956 2167 ferre
1976 2135 2048 2154 me-

167 2175 236 2206 lius
266 2180 361 2205 esset.
390 2174 428 2204 ad
454 2176 527 2206 Att.
554 2177 625 2214 IV,
666 2189 693 2208 1.
726 2189 791 2220 quo
815 2177 849 2208 S.
877 2177 911 2209 C.
935 2179 1078 2209 recitato
1104 2189 1181 2208 cum
1198 2177 1351 2219 populus
1372 2194 1415 2200 —
1431 2178 1599 2220 plausum
1628 2189 1715 2209 meo
1739 2178 1912 2209 nomine
1933 2175 2048 2207 reci-

169 2228 303 2258 tando
333 2227 502 2264 cleclisset‚-
534 2229 575 2259 ad
600 2241 699 2270 quem
724 2230 835 2261 locum
859 2237 936 2273 apte
959 2230 1122 2262 Matthiae
1145 2234 1306 2270 conparat
1329 2229 1426 2260 Orat.
1450 2230 1574 2267 XXII,
1619 2231 1669 2271 74.
1693 2243 1770 2262 cum
1793 2227 2047 2261 inmolanda

166 2279 410 2322 Iphigenia
441 2282 554 2312 tristis
585 2282 729 2314 Calchas
759 2289 854 2315 esset.
883 2289 915 2314 et
940 2282 1022 2314 ibid.
1053 2282 1227 2320 LXVIII,
1257 2281 1348 2312 228..
1392 2281 1494 2314 Adde
1522 2293 1586 2324 pro
1614 2283 1706 2314 INIur.
1736 2283 1838 2320 VIII,
1870 2290 1918 2320 17·
1950 2284 1983 2310 et
2006 2277 2048 2310 de

169 2331 239 2364 Off.
263 2332 294 2370 1,
320 2342 354 2369 2,
381 2332 429 2363 4..
1522 2373 1525 2376 ἱ

254 2385 284 2425 §.
313 2384 360 2415 16.
404 2385 465 2416 Ad
487 2387 735 2418 contentionem
757 2386 928 2430 nostrum)
974 2388 1045 2429 Ego
1069 2386 1316 2419 contentionem
1348 2393 1504 2418 nostrum
1527 2393 1559 2417 et
1581 2386 1615 2417 h.
1639 2386 1662 2417 l.
1685 2391 1718 2416 et
1742 2396 1769 2415 c.
1795 2396 1845 2421 ’·.,
1886 2384 1960 2426 ipso
1981 2385 2049 2416 Er-

1794 2410 1804 2425 l

168 2435 313 2467 furteusi
345 2442 557 2479 contempto,
595 2440 748 2471 restituo.
803 2440 896 2482 Quid
926 2440 1017 2471 enim
1046 2439 1212 2482 apertius,
1249 2451 1350 2481 quam
1380 2439 1434 2479 id,
1473 2438 1563 2481 quod
1595 2438 1677 2469 olim
1705 2437 1839 2468 monuit
1860 2437 2045 2477 Manutius,
