2185 2720
113 168 150 193 50
657 158 701 187 M.
730 157 895 188 TULLI
921 159 1207 189 CICERONIS
1235 159 1436 189 ORATIO

114 233 314 268 ademerint.
357 232 408 265 At
437 238 509 264 erat
536 243 669 264 mecum
695 238 834 264 cunctus
858 240 1013 275 equester
1034 233 1137 272 ordo,
1177 245 1279 277 quem
1305 233 1444 276 quidem
1472 233 1509 266 in
1538 235 1749 270 contionibus
1771 238 1910 270 saltator
1932 237 1992 269 ille

117 286 283 318 Catilinae
304 285 421 317 consul
443 284 700 327 proscriptionis
730 284 986 317 denuntiatione
1014 287 1173 318 terrebat.
1216 287 1268 319 At
1299 292 1370 319 tota
1402 285 1500 318 Italia
1525 295 1745 329 conuenerat,
1775 291 1830 322 cui
1855 290 1994 332 quidem

117 339 198 370 belli
220 338 372 369 intestini
395 343 428 368 et
450 336 614 368 uastitatis
635 343 745 368 metus
768 336 989 370 inferebatur.

203 405 378 437 XXXVI.
408 404 512 437 Hisce
535 416 596 447 ego
618 404 755 437 auxiliis
777 405 990 437 studentibus
1013 411 1114 448 atque
1136 406 1282 439 incitatis
1301 406 1354 438 uti
1374 417 1446 447 me,
1475 406 1688 447 Laterensis,
1717 408 1867 450 potuisse
1888 409 1995 441 confi-

118 467 209 497 teor3
235 464 287 489 set
312 463 384 488 erat
404 469 475 488 non
496 457 588 497 iure,
618 469 688 489 non
710 457 860 499 legibus,
890 469 960 489 non
983 458 1199 501 disceptando
1224 458 1484 491 decertandum:
1516 471 1595 491 nam
1617 459 1771 502 profecto
1797 461 1997 503 praesertim

118 519 188 544 tani
210 511 299 542 bona
323 510 359 541 in
381 521 496 541 caussa
516 521 721 552 numquam,
751 521 818 551 quo
842 510 945 541 ceteri
969 522 1067 553 saepe
1089 511 1322 552 abundarunt,
1357 511 1394 543 id
1415 511 1502 543 mihi
1523 512 1589 554 ipsi
1610 512 1779 543 auxilium
1800 523 1915 543 meum
1938 511 2000 543 de-

120 563 257 594 fuisset:
281 562 383 593 armis
405 561 488 601 fuit,
511 562 624 602 armis,
648 562 797 604 inquam,
822 561 889 594 fuit
911 561 1159 602 dimicandun13
1187 563 1307 605 quibus
1331 575 1353 595 a
1369 565 1476 596 seruis
1496 571 1596 606 atque
1617 576 1637 595 a
1658 576 1836 596 seruorum
1860 564 2000 598 ducibus

74 615 257 659 ggcaedem
282 613 357 646 fieri
378 619 510 645 senatus
535 620 568 645 et
590 614 780 654 bonorum,
803 615 855 646 rei
876 616 1031 658 publicae
1054 615 1239 647 exitiosum
1260 615 1390 648 fuisset.
1434 616 1537 650 Uinci
1565 622 1678 648 autem
1707 616 1869 659 inprobos
1891 629 1911 649 a
1935 618 2001 650 bo-

119 668 191 707 nis,
228 666 337 698 fateor
366 666 469 698 fuisse
495 667 726 709 praeclarum,
763 667 792 699 si
817 667 921 700 finem
951 675 1025 700 tum
1046 667 1207 699 uincendi
1228 668 1399 709 uiderem,
1438 680 1539 711 quem
1561 667 1714 711 profecto
1736 681 1807 700 non
1828 670 1999 703 uidebam.

119 721 190 755 Ubi
213 719 303 750 enim
328 726 461 762 praesto
483 718 626 750 fuissent
647 719 733 750 mihi
756 725 814 750 aut
841 726 911 751 tam
935 719 1040 752 fortes
1063 721 1234 760 consules,
1272 732 1374 762 quam
1395 723 1437 754 L.
1457 721 1634 764 Opimius,
1671 733 1773 764 quam
1796 722 1833 753 C.
1856 722 1999 764 Marius,

122 784 223 816 quam
247 773 288 803 L.
312 773 472 811 Flaccus,
502 770 623 813 quibus
648 770 789 803 ducibus
811 772 974 815 inprobos
1000 773 1082 804 ciuis
1102 784 1155 804 res
1178 773 1314 816 publica
1335 773 1417 804 uicit
1439 773 1593 812 armatis,
1622 779 1681 805 aut
1701 773 1729 805 si
1751 774 1863 806 minus
1882 774 2002 816 fortes,

121 832 269 857 attamen
291 830 360 855 tam
382 824 472 863 iusti,
495 835 597 866 quam
618 824 656 855 P.
678 824 824 865 Mucius,
850 826 909 867 qui
930 837 1033 865 arma,
1058 836 1142 867 quae
1163 826 1316 869 priuatus
1337 826 1374 857 P.
1388 825 1501 868 Scipio
1524 832 1730 867 sumpserat,
1753 837 1790 857 ea
1812 827 1868 859 Ti.
1893 828 2002 860 Grac-

122 879 185 910 cho
208 877 414 919 interempto
436 876 511 907 iure
534 882 675 919 optumo
698 883 833 920 sumpta
854 889 925 909 esse
948 876 1123 910 defendit?
1168 879 1267 909 Esset
1294 878 1399 920 igitur
1430 877 1653 921 pugnandum
1682 888 1760 909 cum
1785 881 2000 920 consulibus3

121 930 211 962 nihil
232 929 377 971 amplius
401 928 493 968 dico,
523 929 589 960 nisi
610 929 705 961 illut:
734 929 898 961 uictoriae
920 936 1054 962 nostrae
1076 930 1188 972 grauis
1211 930 1421 962 aduersarios
1443 935 1595 973 paratos,
1627 929 1785 962 interitus
1809 933 1920 964 nullos
1945 934 2005 965 ul-

77 988 113 1019 89
124 990 213 1016 tores
236 981 405 1013 uidebam.
447 981 551 1012 Hisce
574 993 634 1023 ego
660 981 796 1014 auxiliis
819 983 935 1014 salutis
957 994 1052 1014 meae
1073 983 1103 1014 si
1126 982 1251 1014 idcirco
1279 983 1390 1023 defui,
1418 982 1498 1024 quia
1522 982 1619 1013 nolui
1643 982 1823 1023 dimicare,
1857 983 2001 1026 fatebor,

122 1036 159 1067 id
182 1034 271 1077 quod
296 1035 364 1074 uis,
386 1045 456 1065 non
481 1034 567 1065 mihi
589 1034 774 1074 auxilium,
801 1042 852 1067 set
873 1047 928 1067 me
950 1035 1079 1066 auxilio
1104 1034 1265 1075 defuisse3
1289 1036 1342 1068 sin
1363 1041 1492 1075 autem,
1517 1046 1583 1077 quo
1606 1035 1736 1067 maiora
1757 1035 1869 1068 studia
1887 1037 1923 1068 in
1945 1049 2002 1069 me

124 1089 295 1119 bonorum
317 1087 477 1124 fuerunt,
507 1087 572 1118 hoc
594 1086 633 1117 iis
656 1087 761 1128 magis
785 1088 1031 1119 consulendum
1052 1093 1087 1119 et
1108 1088 1315 1130 parcendum
1338 1087 1474 1131 putaui:
1513 1092 1551 1118 tu
1573 1086 1609 1118 id
1631 1088 1668 1119 in
1691 1100 1746 1119 me
1767 1089 2001 1132 reprehendis,

126 1141 216 1184 quod
241 1141 284 1182 Q.
308 1139 449 1172 Metello
472 1139 566 1170 laudi
589 1138 746 1180 datumst,
769 1139 939 1183 hodieque
961 1146 1010 1172 est
1035 1146 1068 1172 et
1090 1151 1224 1184 semper
1247 1141 1312 1172 erit
1333 1151 1515 1172 maxumae
1536 1139 1687 1182 gloriae?
1711 1152 1823 1184 quem,
1847 1147 1885 1172 ut
1906 1147 2003 1185 potes

199 1340 381 1380 ademerint)
407 1341 469 1376 Ma,
488 1340 554 1375 Mb,
572 1341 637 1376 Mc,
665 1340 722 1377 Lc,
751 1346 784 1370 et
802 1342 835 1370 H
861 1342 1043 1371 ademerunt
1052 1353 1063 1376 ;
1092 1341 1139 1370 La
1165 1342 1315 1371 ademerit
1341 1352 1410 1370 cum
1436 1342 1475 1380 g1.
1502 1342 1693 1371 ademerant.
1712 1357 1751 1364 —-
1788 1342 1833 1372 At
1853 1340 1931 1381 erat)
1952 1341 2005 1370 Sic

125 1400 180 1428 ego
202 1399 298 1425 corr.;
333 1388 408 1416 libri
437 1388 566 1416 Aderat.
585 1404 625 1409 —
663 1388 802 1427 cunctus)
821 1390 851 1416 D
872 1400 938 1425 om,
972 1391 1009 1428 23
1037 1396 1165 1418 cunctus
1193 1397 1329 1419 senalus,
1347 1405 1387 1410 —
1424 1399 1514 1427 quem
1535 1389 1656 1427 quidem
1676 1404 1715 1410 —
1732 1388 1881 1426 terrebat)
1899 1389 1929 1416 A
1948 1389 2009 1417 ha-

124 1439 187 1466 bet.
207 1453 245 1458 —
282 1437 315 1464 in
336 1434 547 1474 contionibus)
567 1436 596 1463 A
618 1446 683 1473 0111;
704 1438 765 1473 Ma,
785 1438 841 1473 La,
861 1439 917 1472 Lc,
937 1438 993 1472 Pb,
1013 1437 1065 1471 Pc,
1091 1436 1132 1471 D,
1153 1437 1187 1472 C,
1210 1437 1247 1473 T,
1268 1448 1295 1473 ς,
1313 1442 1347 1465 et
1366 1437 1404 1474 χὸ
1424 1439 1458 1464 in
1478 1437 1734 1466 contentionibus.
1751 1452 1789 1460 -—
1826 1435 2007 1476 proscript.)

124 1497 142 1518 ς
158 1485 412 1523 perscriptionis,
440 1490 466 1521 ψ
482 1485 751 1521 praescriptionis.
767 1500 807 1505 —·
845 1483 994 1523 terrebat)
1014 1484 1058 1521 14¹5
1077 1482 1146 1522 (sic)
1167 1484 1348 1512 terrebatur.
1367 1498 1406 1504 —-

202 1547 236 1576 C.
257 1546 421 1575 XXXVI.
454 1546 564 1584 Hisce)
585 1547 638 1575 Mc
662 1548 727 1575 His
746 1554 835 1576 certe.
855 1560 893 1568 -ι
931 1557 994 1575 11011
1014 1544 1096 1584 iure>
1122 1546 1171 1573 Lb
1198 1547 1232 1573 in
1259 1547 1335 1574 iure.
1355 1560 1394 1567 ·-
1430 1545 1606 1585 numquam)
1632 1547 1657 1576 C
1675 1557 1838 1586 nusquam.
1857 1561 1896 1568 ·—·
1933 1547 2008 1586 quo)

127 1595 152 1624 C
173 1605 238 1633 que.
255 1609 295 1615 ——-
333 1593 437 1632 saepe)
465 1595 634 1622 Seruarunt
653 1594 678 1622 B
699 1600 729 1622 et
748 1595 785 1623 E.
805 1610 844 1615 -—-
880 1592 1088 1631 abundarunt)
1113 1594 1178 1629 Mb,
1199 1594 1254 1629 La,
1275 1599 1304 1621 ct
1324 1594 1367 1622 Pa
1386 1594 1600 1631 abundarent,
1627 1600 1673 1623 set
1693 1595 1727 1623 in
1746 1595 1794 1622 La
1812 1604 1928 1633 supers.
1948 1595 2008 1623 ab·-

127 1643 309 1675 mularum,-
337 1649 364 1680 ψ
391 1642 559 1670 abundare.
577 1657 616 1663 -—-
654 1641 728 1680 ipsi)
754 1642 790 1677 B,
816 1642 877 1676 Ma,
904 1643 970 1677 Mb,
998 1642 1053 1677 La,
1073 1643 1124 1676 Pa,
1144 1641 1198 1676 Pb,
1220 1641 1271 1676 Pe,
1292 1641 1333 1675 D,
1356 1641 1394 1677 G,
1414 1642 1476 1674 Br.,
1496 1641 1537 1676 H,
1558 1651 1585 1676 ς,
1605 1651 1652 1678 χι,
1671 1642 1698 1676 3,
1719 1647 1750 1670 et
1770 1650 1796 1680 ψ
1816 1643 1934 1678 ipsum,
1961 1646 2009 1671 set

127 1690 179 1717 ΒΓ.
201 1699 217 1716 a
235 1698 275 1716 111.
296 1699 356 1717 sec.
376 1691 446 1726 ipsi,
466 1689 559 1727 idque
580 1688 609 1715 G
629 1688 663 1716 in
683 1698 775 1726 marg.
797 1688 907 1726 habet3
931 1689 954 1717 C
977 1699 1036 1716 om.
1051 1704 1090 1709 —
1127 1686 1241 1726 meum)
1262 1689 1323 1722 Ma,
1344 1687 1399 1723 Lc,
1421 1693 1451 1716 et
1470 1689 1503 1716 H
1523 1698 1582 1717 om.
1597 1703 1635 1709 --
1673 1688 1838 1724 defuisset)
1853 1688 1906 1715 Ma
1916 1687 2009 1724 ficis-

129 1742 183 1764 set.
202 1750 239 1756 —
278 1735 420 1773 inquam,
454 1736 528 1776 fuit)
554 1737 606 1764 Mc
625 1736 699 1774 suit
719 1738 856 1773 inquam.
875 1750 914 1757 —-
951 1739 1042 1774 atque
1062 1745 1079 1764 a
1099 1734 1191 1774 seru.)
1211 1736 1279 1771 Ma,
1307 1735 1362 1771 La,
1383 1735 1438 1771 Pb,
1459 1741 1490 1765 et
1509 1735 1551 1764 Pc
1571 1741 1665 1773 atque
1685 1744 1864 1769 seruorum5
1898 1734 1949 1762 Lb
1969 1744 2010 1763 αι.-

128 1792 296 1811 seruorum.
315 1798 354 1804 —
386 1784 433 1812 rei
453 1785 494 1822 p.)
513 1785 566 1812 Ma
585 1794 627 1812 re.
644 1794 691 1821 p..
711 1798 749 1806 —-

202 1832 230 1873 §·
250 1836 296 1864 88.
318 1835 426 1874 finci)
447 1837 488 1864 Pa
508 1838 581 1864 uici.
600 1850 639 1856 -
676 1835 713 1874 si)
733 1836 760 1864 E
782 1846 840 1864 om.
856 1850 895 1856 —
932 1833 1010 1874 tum)
1039 1834 1090 1862 Sic
1117 1835 1152 1870 B,
1172 1834 1210 1870 E,
1232 1834 1270 1871 G,
1289 1835 1353 1870 Br.,
1375 1834 1409 1868 C,
1432 1839 1463 1863 et
1483 1834 1538 1872 233
1558 1832 1655 1862 ceteri
1675 1844 1753 1862 eum.
1771 1848 1810 1855 --
1846 1832 2009 1872 uincendi)

128 1883 181 1910 Na
200 1883 345 1910 incendii.
364 1898 402 1905 —-
440 1882 590 1921 uiderem)
611 1883 640 1910 G
660 1883 693 1910 in
713 1893 804 1921 marg.
824 1894 882 1922 pro
904 1882 1055 1911 uarietate
1074 1882 1215 1911 uiderim.
1230 1898 1269 1903 —
1307 1892 1397 1921 quem
1416 1882 1557 1920 profecto
1578 1891 1641 1909 11011
1660 1879 1815 1916 uidebam)
1833 1880 1870 1915 B,
1889 1880 1927 1916 E,
1948 1880 2010 1916 Lb,

129 1930 181 1961 Pa,
203 1928 241 1964 G,
262 1933 293 1956 et
312 1929 395 1958 Pith,
417 1941 482 1966 om,
502 1931 600 1959 setin
624 1930 653 1958 G·
674 1930 804 1968 margini
831 1930 893 1958 ads.
920 1940 1009 1967 quem
1031 1929 1172 1967 profecto
1199 1940 1261 1957 non
1288 1930 1440 1958 uidebant.
1459 1944 1497 1950 —
1534 1933 1656 1966 praesto
1684 1928 1727 1956 su.
1754 1926 1849 1963 mihi)
1875 1927 1903 1954 E
1930 1927 2011 1956 mila·

126 1981 252 2015 praesto
263 1976 393 2014 suisset.
412 1993 449 1999 —
487 1978 629 2015 fuissent)
650 1978 700 2005 Sic
721 1977 767 2005 Lc
789 1981 819 2005 et
838 1984 880 2013 ψς
915 1976 1012 2004 ceteri
1023 1977 1152 2015 ficisset.
1174 1991 1213 1998 ·—·
1248 1976 1346 2005 fortes
1375 1974 1528 2014 consules)
1556 1975 1606 2002 Sic
1636 1984 1652 2002 e
1681 1974 1781 2011 coui.3
1814 1973 1889 2002 libri
1907 1973 2011 2011 fhrtie

130 2024 245 2052 consul.
263 2038 302 2044 ——·
339 2022 392 2062 L.)
413 2025 466 2052 Ma
486 2029 516 2052 et
535 2025 584 2052 Lb
612 2035 671 2053 om.
690 2040 729 2045 —
768 2022 925 2061 Opimius)
950 2024 1005 2051 Mb
1033 2024 1179 2061 Opimius,
1213 2024 1256 2052 Pa
1283 2025 1425 2061 Opimius.
1445 2038 1483 2044 —
1521 2020 1610 2060 uicit)
1636 2032 1654 2053 ς
1680 2023 1772 2050 uidit.
1791 2036 1830 2044 -·
1864 2020 2012 2061 attamen)

131 2071 178 2099 La
197 2081 265 2099 cum
287 2070 326 2108 gl.
347 2077 403 2099 aut
424 2077 567 2105 tantum;
590 2071 636 2099 Lc
656 2077 712 2100 aut
733 2077 846 2099 tamen.
861 2085 899 2092 —-·
937 2072 1120 2109 sumpserat)
1139 2072 1164 2099 B
1186 2077 1216 2100 et
1236 2072 1262 2100 E
1283 2077 1414 2109 ceperat.
1429 2085 1468 2091 —
1506 2068 1567 2108 Ti.)
1586 2070 1638 2098 Ma
1653 2069 1722 2107 lyh„
1742 2069 1798 2098 Mb
1823 2069 1866 2105 T.,
1886 2070 1938 2097 Mc
1957 2069 2012 2096 Τι’-

130 2119 229 2153 herio,
264 2117 294 2144 D
316 2118 441 2156 tyberio.
461 2133 498 2139 --
537 2117 698 2155 Graccho)
718 2119 771 2147 Ma
795 2122 826 2146 et
845 2118 900 2147 Mb
921 2128 1056 2156 gracco,
1090 2120 1142 2148 Mc
1166 2119 1294 2156 gracho.
1313 2134 1350 2140 -—
1388 2117 1588 2156 imm-empto)
1614 2117 1656 2145 Pa
1676 2127 1734 2144 0111.
1755 2129 1795 2137 -·
1831 2115 1913 2154 iure)
1932 2115 1959 2143 E
1980 2119 2012 2143 et

131 2167 171 2194 Pa
192 2167 279 2199 uiro,
301 2165 341 2193 Pc
363 2167 457 2194 uitae.
477 2180 516 2187 —-

207 2210 288 2250 cum)
307 2212 352 2240 Pb
372 2216 404 2239 et
424 2212 466 2240 Pe
489 2222 552 2248 om,
582 2212 610 2240 Ο
631 2218 662 2241 et
681 2213 719 2251 23
740 2218 782 2240 ιιί,
801 2227 840 2233 -—
877 2211 1009 2250 amplius
1036 2212 1117 2251 dico)
1137 2212 1164 2240 E
1186 2213 1253 2240 dico
1274 2213 1427 2249 amplius;
1455 2212 1511 2248 La,
1541 2211 1575 2248 C,
1596 2215 1627 2240 et
1646 2220 1673 2248 ψ
1693 2210 1786 2239 aliud
1800 2211 1884 2245 dico,
1910 2213 1957 2238 set
1977 2209 2010 2238 in

133 2261 178 2288 La
198 2270 264 2298 sup.
285 2259 378 2287 aliud
394 2259 545 2297 scriptum
566 2261 707 2296 amplius.
728 2275 766 2281 —-
804 2260 922 2288 ultores
948 2258 1102 2298 uidebam)
1130 2259 1180 2288 Sic
1200 2269 1254 2298 ego
1275 2270 1371 2297 corin,
1398 2261 1425 2289 E
1446 2265 1477 2288 et
1497 2260 1605 2288 Lamb.
1625 2258 1713 2287 codd.
1734 2257 1852 2296 antiqui
1879 2267 1940 2285 esse
1960 2259 2012 2287 ul·-

134 2313 212 2334 [οι-οε
233 2305 393 2340 uidebam;
417 2306 513 2333 ceteri
533 2308 646 2335 ultores
666 2318 728 2335 esse
748 2307 901 2336 uidebam.
920 2321 959 2329 —

208 2361 236 2401 §.
258 2363 303 2399 89.
324 2362 424 2401 nolui)
444 2363 468 2391 C
490 2364 582 2392 uolui.
601 2378 640 2384 —
677 2363 810 2402 fatebor)
832 2363 858 2391 T
881 2369 912 2392 et
931 2364 969 2402 χ3
980 2365 1102 2403 fateor.
1121 2379 1158 2385 —
1195 2364 1361 2404 bonorum)
1380 2365 1429 2392 Lb
1451 2365 1538 2392 bona.
1557 2379 1595 2385 —-
1633 2362 1705 2401 hoc)
1724 2362 1762 2400 χ5
1781 2361 1883 2390 huius.
1903 2376 1941 2384 —·
1959 2361 2013 2402 iis)

134 2412 202 2446 Mc,
229 2410 288 2445 Pa,
317 2410 379 2447 Pb,
405 2416 436 2440 et
461 2411 492 2438 D
522 2413 556 2439 is.
575 2425 612 2433 -
650 2409 867 2450 reprehendis)
901 2412 946 2440 Pb
974 2416 1006 2440 ct
1031 2413 1070 2441 Pe
1098 2412 1333 2449 reprehendisti.
1356 2428 1393 2433 —
1430 2410 1591 2449 maximae)
1622 2410 1649 2437 E
1675 2410 1815 2437 maxime.
1837 2423 1873 2430 -—
1910 2410 2012 2449 potes)

134 2460 172 2499 23
190 2463 291 2493 putes.
308 2471 345 2479 —
