2185 2720
890 165 927 194 L.
954 164 993 193 11.
1039 164 1072 193 C.
1097 163 1119 193 Ι.
1164 161 1190 203 §.
1213 173 1254 192 10.
1277 172 1319 192 11.
1937 164 2035 194 XLV

153 240 251 269 unrici
272 240 480 269 omitteretur.
531 239 636 278 Itaque
657 239 708 268 lu'c
728 240 814 268 locus
836 240 926 269 simul
948 250 983 268 ea
1003 238 1179 273 confirmat,
1217 248 1294 276 quae
1323 247 1414 276 supra
1442 238 1479 266 (10
1499 239 1524 267 Β
1546 245 1577 268 et
1597 239 1623 267 E
1646 239 1766 278 origine
1792 243 1824 268 et
1852 239 2036 277 cognatione

153 288 362 326 exposuimus.
402 287 547 325 Denique
569 288 649 325 quod
670 289 694 316 Β
715 288 828 316 honore
851 288 982 322 omittit,
1010 287 1224 324 inpedimento
1246 286 1337 313 etiam
1359 291 1444 324 patet
1465 296 1546 321 0550,
1568 287 1749 325 quominus,
1779 286 1812 314 id
1832 287 1916 324 quod
1934 287 2038 325 suspi-

155 336 215 364 cati
236 336 358 374 quidam
379 340 468 371 suut,
496 346 608 363 nomen
628 337 822 372 municipum
842 346 899 373 pro
928 335 1185 373 interpretatione
1210 333 1298 361 nocis
1325 333 1484 361 hominum
1512 333 1670 363 habeatur.
1710 335 1790 363 Nam
1817 335 1845 362 ·si
1872 335 1904 362 in
1931 335 2038 362 codice

155 384 299 422 principe
315 384 476 411 hominum
490 394 615 411 suorum
635 384 785 422 scriptum
801 389 831 411 ct
846 392 938 420 super
956 382 1114 410 hominum
1134 381 1269 421 positum
1285 382 1479 418 municipum
1501 381 1619 415 suisset,
1641 393 1702 410 uon
1720 382 1823 421 potnit
1836 387 1964 420 recepto
1978 391 2037 409 no-

155 432 238 459 1111110
253 433 447 467 municipum
461 436 491 459 et
506 431 665 458 hominum
684 436 714 459 ct
729 431 843 458 honore
858 429 1009 457 excidere.
1032 429 1191 456 Postremo
1211 429 1248 457 ad
1263 428 1448 457 sententiam
1465 438 1561 456 meam
1578 430 1827 466 conprobandam
1843 429 1902 457 1100
1917 438 2039 467 quoque

155 480 239 515 facit,
260 479 341 518 quod
358 488 470 506 nomen
490 478 648 514 hospitam
668 479 699 506 in
721 477 855 506 familiae
873 476 981 504 tertiae
993 476 1154 504 codicibus
1174 476 1268 504 alium
1285 476 1388 504 locum
1405 480 1495 513 atque
1517 478 1711 513 munia-ipmn
1726 477 1758 504 in
1776 478 1800 505 B
1817 477 1882 504 etE
1898 481 2038 515 occupat.

231 527 322 555 Alter
342 527 443 561 locus,
478 525 510 552 in
532 536 591 562 quo
613 526 775 554 diuersitas
797 525 984 562 scripturae,
1022 534 1098 561 quae
1119 523 1151 551 in
1173 524 1332 552 codicibus
1353 527 1415 558 est,
1445 522 1582 550 eiusdem
1603 523 1668 550 sere
1689 524 1808 560 generis
1830 529 1876 552 est
1895 529 1986 562 atque
2006 524 2039 552 in

157 584 210 610 co,
238 584 327 612 quem
348 572 438 600 modo
459 572 605 609 tractaui,
631 573 746 610 legitur
775 572 808 600 C.
829 571 973 600 XXVII.
999 568 1027 610 §.
1048 571 1111 608 66„
1142 576 1173 599 ct
1199 576 1271 599 ante
1294 570 1448 599 Orellium
1469 570 1501 599 in
1523 570 1665 598 omnibus
1687 570 1877 599 editionibus
1896 572 1941 600 sic
1961 571 2040 599 scri-

157 626 228 661 ptus
249 621 385 649 extabat:

229 669 315 696 [Vani
340 675 541 705 posteaquam
568 669 666 700 sensi,
693 667 843 704 populum
869 667 1045 695 Romanum
1072 678 1164 696 aures
1183 666 1366 702 hebetiores,
1394 667 1497 694 oculos
1519 676 1607 694 aeres
1627 671 1721 704 atque
1741 671 1849 694 acutos
1875 665 2040 695 hahere:

156 716 278 752 destiti,
299 716 376 754 qnid
395 717 430 743 ‹le
450 726 496 742 me
516 715 661 743 audituri
679 721 776 743 ess-ent
797 714 948 749 homines,
971 716 1116 751 cqgtilare.

230 764 334 802 Atque
356 769 401 791 est
421 763 496 790 haec
518 772 588 790 sane
609 761 745 789 omnium
767 761 832 789 scre
854 762 994 789 codicum
1016 761 1149 788 familiae
1176 762 1286 790 tertiae
1307 762 1478 800 scriptura,
1507 762 1567 790 nisi
1589 761 1672 800 quod
1692 765 1857 799 quattuor,
1885 761 1955 797 Ma,
1983 760 2041 803 Le,

157 811 205 848 D,
234 816 263 839 ct
284 813 332 846 ΙΙ,
361 811 455 839 uerba
475 817 568 847 atque
589 816 696 838 acutos
716 809 872 837 omittunt.
913 809 1023 847 Neque
1045 809 1203 846 quisquam
1223 810 1399 838 mutandam
1420 810 1505 838 illam
1526 810 1677 847 uolgatam
1700 809 1902 847 scripturam,
1928 807 1962 835 in
1983 818 2042 846 qua

157 859 236 888 nihil
260 860 400 897 profecto
423 856 599 885 offensionis
621 863 681 893 est,
701 862 841 896 putaret,
862 856 923 883 nisi
945 855 1145 884 uehementer
1165 857 1431 895 praestantissumi
1453 857 1544 893 libri,
1565 857 1589 884 B
1611 862 1641 884 et
1661 857 1698 892 E,
1719 857 1754 884 ab
1776 866 1810 884 ea
1831 855 2041 883 dissentirent.

158 907 185 935 Ii
206 907 287 934 cuim
308 917 365 945 pro
387 905 491 933 uerbis
511 907 613 933 oculos
638 916 725 933 acres
753 912 847 942 alque
876 911 983 931 acutos
1002 904 1116 932 habere
1136 905 1277 933 scribunt
1297 906 1400 933 oculus
1427 911 1532 933 aulem
1553 915 1614 932 esse
1637 906 1720 932 acris
1742 911 1835 942 atque
1856 910 1982 936 aculam
2012 907 2043 931 ct

160 955 323 983 Bauaricus
352 953 474 991 quidem
503 963 560 990 pro
582 954 734 990 populum
755 954 928 980 Romanum
955 950 1048 979 habet
1068 953 1186 989 populo
1206 953 1365 986 Romano,
1393 952 1587 981 Ersurtcusis
1609 951 1783 990 conpendio
1806 962 1842 988 p.
1868 951 1905 978 R.
1933 949 2042 978 utitur.

159 1002 299 1030 Orcllius
320 1006 444 1028 auctore
467 999 655 1034 Gai-atomo,
677 999 764 1027 cuius
786 1000 822 1027 ad
844 999 925 1027 1111110
947 999 1048 1027 10011111
1070 999 1301 1028 adnotationem
1322 1001 1354 1029 in
1376 1001 1470 1028 imum
1491 1000 1657 1037 marginem
1678 998 1774 1027 reieci
1791 996 1834 1036 *),
1861 998 1928 1025 sine
1949 998 2042 1026 ‹lubi-

158 1049 276 1078 tationc
297 1049 398 1076 locum
420 1047 501 1075 1111110
522 1048 565 1075 ita
585 1047 808 1082 conformanit,
830 1046 1084 1084 quemadmodum
1106 1047 1137 1074 in
1158 1047 1183 1074 B
1206 1052 1237 1075 ct
1256 1048 1282 1075 E
1304 1048 1439 1086 scriptus
1462 1048 1585 1086 legitur.
1626 1048 1730 1085 Atque
1750 1046 1827 1084 ipse,
1847 1045 1873 1073 si
1893 1045 2043 1073 alterutra

157 1097 309 1135 scriptura
337 1095 458 1123 admitti
488 1095 660 1130 debuisset,
690 1105 754 1122 cam
776 1094 923 1122 continuo
951 1094 1166 1132 recipiundam
1193 1095 1366 1131 duxissem,
1394 1107 1469 1135 quae
1491 1097 1523 1124 in
1543 1097 1567 1124 B
1589 1101 1619 1124 et
1640 1096 1666 1123 E
1694 1099 1756 1129 cst,
1786 1103 1917 1132 quorum
1943 1092 2042 1120 multo

156 1144 302 1173 maiorem
331 1154 419 1181 quam
447 1143 640 1180 reliquorum
668 1143 808 1170 codicum
843 1142 1059 1170 auctoritatem
1092 1148 1213 1171 constet
1240 1153 1314 1171 esse.
1355 1144 1473 1172 Uerum
1501 1155 1568 1172 cum
1597 1143 1652 1171 uix
1679 1141 1818 1179 intellegi
1846 1140 1960 1178 possit,
1989 1139 2043 1178 qui

157 1193 271 1222 sactum
292 1191 348 1226 sit,
368 1195 418 1225 ut,
447 1191 471 1219 si
494 1190 525 1218 in
547 1190 653 1218 codice
673 1190 817 1228 principe
838 1189 1005 1227 scriptura,
1039 1200 1126 1227 quain
1152 1191 1177 1218 B
1205 1195 1235 1218 et
1255 1190 1281 1218 E
1302 1192 1467 1229 praebent,
1498 1192 1667 1226 extitisset,
1697 1200 1732 1218 ca
1758 1189 1790 1216 in
1819 1199 1888 1216 eum
1908 1188 2044 1226 niodum,

159 1252 219 1280 quo
240 1239 374 1268 familiae
394 1238 503 1266 tertiae
525 1238 646 1266 codices
668 1238 824 1273 scribunt,
845 1241 1033 1271 mutaretur,
1054 1237 1114 1264 nisi
1136 1238 1203 1275 quis
1226 1238 1322 1275 dicat,
1343 1240 1511 1267 uerborum
1533 1246 1637 1266 aulem
1657 1249 1718 1266 esse
1738 1237 1856 1265 litteras
1876 1242 1941 1265 tum
1962 1242 2043 1265 tem-

157 1288 252 1328 poris,
274 1298 333 1325 quo
355 1285 453 1313 codex
473 1285 618 1325 princeps
639 1298 655 1315 a
675 1284 905 1324 neglegentiore
926 1284 982 1311 illo
1003 1283 1132 1312 librario
1155 1285 1328 1324 descriptus
1350 1287 1399 1322 sit,
1420 1288 1481 1315 iam
1503 1286 1649 1314 cuanidas
1668 1285 1775 1317 fuisse,
1795 1284 1927 1322 ideoque
1948 1284 1984 1312 ab
2006 1294 2042 1313 eo

158 1335 357 1373 integrandae
378 1333 527 1361 orationis
549 1344 653 1363 caussa
682 1334 794 1363 habere
822 1342 887 1360 esse
908 1331 1061 1360 additum:
1096 1332 1186 1360 facile
1214 1335 1282 1372 quis
1309 1335 1342 1362 111
1370 1345 1434 1363 eam
1465 1334 1645 1373 opinionem
1673 1332 1805 1367 incidat,
1838 1337 1874 1359 ut
1899 1337 2044 1360 neutram

157 1382 342 1420 scripturam
362 1381 525 1417 genuinam
545 1386 652 1418 putet,
673 1386 702 1407 ot
724 1381 753 1406 111
776 1380 882 1408 codice
902 1379 1046 1416 principe
1067 1379 1109 1407 ita
1130 1380 1232 1409 locum
1253 1381 1335 1410 hunc
1356 1382 1506 1420 scriptum
1527 1381 1622 1410 fuisse
1643 1380 1793 1408 coniciat:
1813 1379 1900 1407 Nam
1916 1385 2044 1416 postea-

159 1440 250 1469 quam
278 1429 360 1456 sensi
383 1429 494 1465 populi
512 1429 649 1456 Romani
677 1429 764 1455 auris
784 1426 969 1458 hebetiores,
999 1427 1102 1453 oculos
1122 1429 1206 1455 acris
1226 1435 1320 1464 alque
1340 1437 1456 1455 aculus*-
1497 1429 1595 1461 Quam
1616 1428 1801 1462 scripturam
1822 1427 1940 1453 errabit
1958 1432 2043 1454 certe

159 1476 212 1514 qui
233 1480 398 1514 propterea
418 1475 639 1512 inprobandam
663 1475 754 1509 dicat,
774 1473 857 1511 quod
876 1473 989 1500 sentire
1010 1473 1097 1500 auris
1118 1474 1256 1501 alieuius
1275 1472 1443 1500 hebetiores
1462 1472 1581 1500 locutio
1602 1472 1641 1500 sit
1658 1471 1783 1499 Latinis
1803 1481 1867 1499 non
1887 1477 2042 1502 consueta.

159 1523 333 1551 Simillume
354 1522 475 1549 locutus
497 1527 542 1549 est
559 1522 684 1550 Tullius
706 1521 737 1549 in
758 1520 806 1549 his
827 1520 921 1548 Iocis:
942 1517 1080 1557 Philipp.
1102 1519 1142 1554 II,
1162 1520 1188 1555 4,
1209 1530 1235 1558 9.
1250 1526 1456 1558 posteaquam
1476 1531 1530 1548 uos
1551 1520 1595 1548 acl
1611 1519 1785 1547 libertalem
1804 1521 1900 1547 sensit
1918 1527 2043 1556 creole-5⁹,

153 1570 319 1609 praesidia
344 1576 468 1598 nexit-ae
496 1570 635 1598 libertali
655 1570 800 1606 parauit.
841 1567 920 1597 Ibid.
941 1566 1039 1602 XIII,
1070 1577 1118 1603 11,
1145 1568 1189 1596 24.
1211 1578 1349 1605 [merum
1369 1569 1525 1605 appellat,
1553 1578 1641 1605 quem
1661 1578 1722 1594 non
1742 1567 1829 1594 modo
1849 1568 1970 1603 airam,
1997 1575 2043 1596 set

157 1619 253 1645 etiam
264 1617 489 1655 Jbrlisszmnum
509 1620 614 1646 uirum
633 1618 727 1645 sensit
755 1622 782 1643 et
802 1617 921 1644 sentiet.
962 1614 1040 1642 lbid.
1065 1616 1113 1650 15,
1133 1616 1178 1643 51,
1205 1618 1239 1643 ili
1267 1625 1394 1652 eumque
1421 1616 1521 1643 locum
1549 1615 1729 1647 deduxeris,
1764 1625 1800 1642 ex
1817 1625 1878 1652 quo
1898 1617 1960 1652 ipsi
1977 1618 2042 1644 iam

158 1667 301 1694 senliunt
321 1675 351 1692 se
372 1676 542 1703 numquam
563 1666 707 1693 exiluros.
734 1663 767 1691 in
787 1662 850 1691 Pis.
871 1661 1041 1697 XXXVI,
1062 1664 1107 1700 87.
1136 1668 1261 1690 tantam
1287 1662 1390 1689 locum
1418 1664 1552 1700 aliquem
1580 1673 1650 1690 cum
1677 1662 1756 1690 mihi
1775 1667 1882 1689 nolum
1902 1665 2041 1694 senseris.

157 1713 268 1743 Horat.
289 1712 390 1751 Epist.
420 1712 466 1747 ΙΙ,
487 1722 521 1748 2,
544 1712 604 1740 162.
632 1713 747 1740 uilicus
766 1726 804 1733 —
824 1717 853 1738 te
882 1711 1041 1738 dominum,
1066 1713 1171 1740 sentit.
1212 1710 1280 1738 Nec
1303 1708 1443 1737 absimile
1466 1710 1588 1737 Sallust.
1618 1709 1683 1738 Cat.
1704 1709 1765 1745 LI,
1789 1718 1831 1744 17.
1859 1720 1907 1737 eos
1933 1720 2040 1746 mores,

157 1772 226 1790 eam
245 1762 425 1789 modestiam
445 1762 510 1788 uiri
530 1762 669 1798 cognotci.
709 1758 815 1796 Itaque
836 1757 966 1785 uerbum
988 1768 1049 1786 esse
1074 1764 1160 1787 recte
1187 1763 1271 1786 certe
1292 1757 1396 1785 omitti
1417 1767 1433 1784 a
1454 1756 1606 1785 Cicerone
1626 1757 1746 1795 potuit,
1779 1766 1879 1794 neque
1898 1767 2040 1787 necessa-

156 1809 204 1838 ria
224 1815 328 1837 autem.
347 1808 548 1846 particulast,
576 1818 665 1845 quam
686 1817 776 1845 saepe
796 1805 830 1833 111
850 1805 1004 1833 sim-ilibus
1030 1805 1179 1845 loquendi
1207 1806 1373 1845 generibus
1400 1815 1464 1834 non
1491 1804 1563 1834 addi
1583 1810 1717 1842 constat,
1751 1805 1788 1834 ab
1815 1804 2039 1844 interpretibus

157 1861 257 1885 autem
276 1856 460 1896 plerumque
480 1855 625 1883 infersam
646 1854 767 1882 scimus.

1045 1924 1073 1967 §.
1103 1934 1148 1960 11.

234 1989 332 2018 Porro
353 2000 428 2028 quae
447 1990 543 2019 uerba
563 1989 656 2018 alium
676 1989 708 2018 in
729 1989 754 2019 B
775 2000 864 2029 quam
884 1989 917 2018 in
936 1989 979 2025 Ε,
998 1989 1154 2028 aliumque
1174 1999 1281 2018 rursus
1301 1988 1334 2018 in
1354 1987 1490 2018 familiae
1511 1988 1621 2017 tertiae
1642 1987 1801 2017 codicibus
1820 1987 1924 2016 locum
1943 1998 2039 2017 occu-

159 2040 249 2075 pant,
270 2046 304 2064 ea
322 2037 575 2076 interpolationis
595 2039 721 2066 nomine
741 2049 884 2067 maxume
905 2038 1016 2066 debere
1038 2043 1179 2076 suspecta
1199 2048 1281 2074 esse,
1303 2048 1341 2066 ex
1361 2038 1421 2074 iis,
1443 2047 1519 2076 quae
1540 2037 1577 2065 de
1598 2036 1739 2065 codicum
1760 2035 1880 2073 origine
1900 2036 2040 2074 disputa-

158 2084 277 2121 uimus,
298 2087 471 2115 necessario
493 2086 640 2126 sequitur.
680 2087 744 2116 Iam
764 2097 834 2116 cum
853 2087 887 2115 in
908 2086 1051 2115 omuibus
1070 2086 1162 2124 locis,
1196 2086 1251 2115 ubi
1272 2086 1315 2115 ita
1335 2086 1418 2114 inter
1444 2095 1476 2114 se
1504 2085 1626 2114 codices
1647 2084 1840 2123 discrepant,
1861 2084 1955 2113 uerba
1975 2084 2038 2121 illa,

229 2215 252 2248 ‘)
271 2215 421 2246 „Graculus
441 2225 474 2242 ex
491 2216 643 2244 Erfiu-teuse
661 2218 760 2245 adiecit
777 2224 885 2251 autem,
910 2219 982 2252 quod
1001 2219 1093 2244 deerat
1120 2219 1145 2245 in
1165 2216 1222 2244 aliis
1242 2215 1378 2248 omnIbus3
1409 2222 1519 2243 testatus
1539 2223 1578 2242 est
1596 2215 1687 2248 simul,
1717 2216 1743 2241 in
1762 2215 1857 2241 eodem
1875 2219 1966 2240 autem
1985 2221 2040 2242 ess'e

159 2260 301 2285 conscribi.
325 2259 381 2292 Ego
400 2265 482 2286 totam
502 2263 602 2295 optumi
619 2264 679 2288 libri
695 2265 837 2290 lectionem
855 2265 933 2290 facile
954 2265 1089 2292 intellexi3
1108 2269 1195 2289 tamen
1216 2272 1260 2288 cur
1278 2263 1324 2287 ille
1345 2263 1542 2296 contempserit,
1561 2263 1680 2295 ignorans
1698 2259 1878 2292 subdubitaui‚
1898 2260 2041 2287 admitten-

159 2304 273 2337 damque
292 2313 345 2329 non
365 2306 465 2332 00115111.
502 2306 644 2331 Confirmat
661 2317 729 2333 nunc
746 2315 789 2333 me
808 2309 965 2340 Bauaricus,
982 2307 1009 2333 in
1030 2317 1081 2341 quo
1100 2309 1136 2333 ita
1157 2309 1236 2342 plane
1254 2307 1367 2341 legitur,
1386 2311 1414 2331 ut
1433 2316 1482 2340 ego
1502 2303 1677 2337 con'ieceram,
1695 2310 1773 2337 atque
1793 2309 1822 2329 ut
1839 2305 1944 2330 'tandem
1961 2306 2043 2330 resti.-

159 2354 234 2374 tuere
253 2354 312 2373 tuto
329 2358 476 2382 possumus,
511 2352 583 2376 Nam
596 2355 773 2385 posteaquam
793 2354 879 2385 sensi,
906 2353 1008 2387 populo
1026 2354 1150 2378 Romano
1176 2353 1251 2377 auris
1269 2351 1431 2382 hebetiores,
1459 2351 1549 2376 oculos
1567 2356 1657 2375 aulem
1677 2358 1731 2374 esse
1750 2349 1821 2374 acris
1839 2353 1921 2383 alque
1938 2355 2041 2382 acutos,

159 2394 254 2418 destiti
272 2399 334 2419 etc..
371 2393 485 2427 scriptio
505 2394 584 2427 ipsast
602 2400 739 2426 fit-curata,
765 2397 840 2422 auris
859 2403 884 2422 et
903 2399 989 2430 ocris,
1016 2405 1048 2423 cx
1067 2396 1192 2431 genitinis
1211 2394 1317 2422 aurium
1338 2399 1364 2422 et
1384 2395 1504 2427 actium,
1529 2400 1569 2419 set
1587 2393 1735 2418 hebetiores
1753 2402 1786 2419 ex
1803 2393 1984 2425 hebetiorum,
2012 2399 2040 2419 ut

160 2438 330 2463 Grammatici
349 2438 523 2472 praecipiunt.
558 2439 687 2464 Notat-um
705 2441 739 2464 P.
757 2441 793 2465 R.
821 2441 962 2474 explicatio
988 2443 1147 2468 uarietatem
1175 2442 1242 2468 hanc
1267 2441 1381 2476 peperit.
1416 2439 1511 2473 Aeque
1537 2443 1608 2464 recta
1632 2438 1784 2472 uolgatast‚
1807 2443 1849 2464 set
1873 2444 2040 2473 optumorum

160 2482 282 2508 codicum
301 2488 363 2517 aput
381 2492 421 2509 me
440 2484 522 2509 uincit
540 2484 710 2511 auctoritas.“
742 2485 992 2510 GARATONIUS
1007 2486 1041 2512 11.
