2185 2720
919 110 1024 140 CAP.
1062 109 1139 138 XV.
1178 106 1207 148 §.
1235 113 1281 141 36.
1311 115 1358 142 37.
2028 123 2084 150 121

274 189 313 224 A
341 189 384 230 Q.
414 188 617 229 Hortensio)
673 185 744 229 Qui
773 197 923 218 caussam
953 184 1021 228 egit
1048 183 1166 216 Planci
1195 190 1274 217 ante
1302 183 1514 217 Ciceronem.
1547 184 1764 218 MANU'rms.
1809 187 1898 221 Cum
1924 190 2081 226 Manutio

188 243 357 275 consentit
380 241 599 273 Garatonius.

271 295 337 328 Cui
362 300 470 326 tumst
491 298 632 326 senatus
653 291 836 336 adsensus)
878 289 1049 323 Particula
1071 295 1147 323 tum
1167 288 1210 321 ad
1232 289 1312 322 illut
1332 295 1468 332 tempus
1490 288 1718 332 resti-endan,
1750 303 1818 336 quo
1840 300 1976 327 senatus
1998 307 2080 329 con-

185 347 316 380 sultum
337 346 506 378 factumst.

272 399 525 443 Cuiuscumque
548 398 660 431 tribus
683 398 836 441 largitor
858 403 963 439 esset,
997 402 1031 430 et
1051 409 1119 442 per
1140 397 1230 429 hanc
1253 396 1524 435 consensionem,
1560 408 1647 440 quae
1670 399 1786 442 magis
1815 400 1954 433 honeste
1976 413 2081 445 quam

184 465 267 486 uere
290 453 459 485 sodalitas
481 452 741 489 nominaretur,
766 463 871 494 quam
894 451 1038 494 quisque
1061 449 1191 482 tribum
1213 450 1312 492 turpi
1335 449 1525 492 largitione
1551 457 1797 494 corrumperet,
1820 464 1897 484 eum
1919 465 2080 487 maxume

183 504 230 536 iis
259 504 473 543 hominibus,
504 505 566 548 qui
595 505 669 536 eius
699 503 810 535 tribus
841 508 972 541 essent,
1004 514 1076 534 esse
1103 500 1236 545 notum)
1282 502 1337 533 Sic
1359 501 1450 533 hunc
1479 502 1592 532 locum
1617 513 1660 533 ex
1683 502 1757 533 eod.
1780 502 1854 534 Erf.
1877 506 2079 537 auctoritate

182 556 329 589 restitui.
373 556 486 599 Uolgo
508 562 587 588 ante
607 556 796 588 Graeuium
818 567 901 598 pro:
925 560 959 587 et
974 554 1148 598 perhanc
1171 555 1436 594 consensionem,
1461 565 1549 598 quae
1570 555 1686 597 magis
1709 556 1846 588 honeste
1871 569 1975 600 quum
1996 570 2079 591 uere

181 610 254 641 sod.
275 608 501 641 scribebatur:
528 615 562 641 et
579 621 642 653 per
664 609 920 641 consensionem
944 607 1231 650 magistratuum,
1255 619 1342 650 quae
1365 608 1503 640 honeste
1527 608 1617 640 sod..
1661 608 1715 639 De
1729 619 1793 650 qua
1808 609 1976 651 scriptura
1998 622 2077 642 mo-

180 660 257 692 nuit
283 660 479 693 Ernestius:
512 662 636 702 „Haec
663 668 714 693 est
740 661 842 692 lectio
865 660 1020 702 uolgata;
1056 670 1157 700 quam
1181 669 1259 690 cum
1283 659 1434 691 Graeuio
1466 671 1484 691 e
1506 660 1572 692 Ms.
1598 658 1673 691 Erf.
1697 661 1926 701 correximus,
1960 663 2075 706 primo

179 712 326 744 delendo
357 720 391 746 et
422 714 539 756 [quam
561 715 719 758 copulam
741 725 804 746 nec
825 711 899 745 Erf.
925 711 1053 743 omittit
1075 722 1137 742 nec
1161 711 1362 753 Graeuius]‚
1394 712 1619 754 addendoque
1641 713 1749 752 hanc,
1782 713 1906 745 deinde
1929 714 2075 747 delendo

178 766 473 809 magistratuum,
505 766 597 808 quod
619 767 735 810 inepta
756 767 866 809 glossa
888 763 1021 798 addidit
1053 764 1173 806 [immo
1197 775 1240 796 ex
1262 765 1378 808 magis
1401 767 1547 805 ortum]‚
1583 764 1729 806 denique
1751 772 1829 808 post
1851 767 1990 800 honeste
2012 767 2076 799 ad·-

179 817 301 850 dendo·
320 820 436 863 magis
466 832 571 864 quam
592 832 692 859 uere3
725 828 930 861 quamquam
958 816 1041 847 haec
1068 817 1202 848 ultuma
1224 817 1321 848 nobis
1345 818 1493 859 aliquam
1522 817 1748 860 suspicionem
1771 818 1900 860 glossae
1922 826 2075 852 mouent.

178 870 303 904 Uoluit
332 871 445 903 dicere
471 878 626 903 senatus:
668 871 696 903 si
722 882 784 913 per
815 869 999 901 coitionem
1029 869 1164 911 largitio
1194 868 1282 901 facta
1311 876 1345 901 et
1369 870 1478 902 tribus
1508 876 1669 912 corrupta
1696 877 1799 909 esset3
1835 870 1924 903 dixit
1945 872 2072 915 primo,

177 923 304 963 uerbo,
335 923 427 966 quod
452 929 486 954 et
506 923 543 954 in
568 923 775 955 deteriorem
795 928 929 966 partem
952 920 1093 961 dicitur,
1127 923 1399 962 consensionem3
1432 922 1555 954 deinde
1576 934 1650 953 eam
1674 922 1817 954 honesto
1840 924 1946 956 uerbo
1971 927 2074 959 soda-

178 975 315 1008 litatem
335 976 502 1019 appellari
522 976 559 1007 in
581 977 673 1019 lege,
704 987 780 1006 cum
804 975 847 1006 sit
868 974 1012 1019 proprie
1033 975 1208 1005 consensio
1232 976 1288 1006 uel
1310 975 1424 1006 coitio.
1469 975 1556 1007 Mox
1581 981 1817 1019 corrumperet
1840 982 1890 1007 est
1914 988 2072 1010 corrum-

177 1038 262 1070 pere
290 1029 414 1069 uellet,
447 1035 611 1068 tentaret3
651 1027 718 1059 nisi
740 1027 924 1070 legendum
955 1027 1186 1070 corrupisset:
1221 1039 1300 1058 nam
1322 1027 1358 1058 in
1381 1027 1600 1069 sequentibus
1625 1034 1674 1059 est
1697 1028 1739 1059 de
1762 1029 1982 1071 corruptione
2003 1030 2072 1061 iam

165 1077 308 1110 .facta.“
350 1081 432 1113 Non
462 1082 575 1114 minus
606 1093 708 1124 quam
728 1079 908 1112 Er-uestius
939 1080 1067 1110 errauit
1090 1079 1259 1119 Orellius‚
1299 1080 1357 1122 qui
1380 1080 1473 1111 idem
1497 1085 1531 1112 et
1552 1081 1708 1123 copulam
1730 1087 1809 1123 post
1831 1089 1918 1115 esset
1944 1082 2070 1121 omisit,

175 1131 374 1164 arctissume
402 1134 574 1176 iungenda
600 1134 706 1166 uerba
735 1134 981 1174 cuiuscumque
1011 1131 1123 1163 tribus
1164 1133 1318 1175 largitor
1346 1138 1433 1164 esset
1449 1145 1517 1176 per
1538 1134 1628 1166 hanc
1650 1135 1905 1167 consensionem
1927 1142 2071 1167 conten-

177 1183 272 1215 dens.
314 1185 426 1227 Atqui
447 1199 587 1230 prorsus
609 1185 797 1217 necessaria
819 1183 941 1226 copula
962 1189 996 1215 et
1019 1190 1085 1223 est,
1122 1195 1199 1215 cum
1223 1184 1290 1215 duo
1315 1184 1449 1216 diuersa
1470 1186 1624 1217 membra
1655 1187 1724 1218 sint
1748 1197 1833 1229 quae
1855 1187 2071 1230 coniungun-

175 1240 250 1273 tur,
274 1237 519 1283 cuiuscumque
539 1239 650 1271 tribus
673 1238 826 1281 largitor
847 1241 951 1274 esset,
974 1241 1008 1267 et
1023 1248 1090 1280 per
1112 1237 1202 1269 hanc
1223 1237 1494 1277 consensionem,
1517 1250 1605 1281 quae
1625 1257 1669 1263 -
1690 1241 1941 1279 nominaretur,
1965 1252 2068 1284 quam

177 1289 322 1333 quisque
344 1291 474 1324 tribum
495 1293 593 1335 turpi
615 1291 806 1334 largitione
829 1293 1081 1332 corrumperet,
1108 1287 1255 1330 ideoque
1277 1295 1449 1321 structura
1471 1290 1657 1322 uerborum
1679 1292 1762 1323 haec
1783 1292 1844 1323 sit:
1879 1303 1975 1333 eum,
2008 1299 2067 1335 qui

173 1341 316 1374 alicuius
339 1343 447 1376 tribus
470 1344 612 1386 largitor
632 1348 734 1382 esset,
764 1347 799 1373 et
821 1341 880 1383 qui
901 1341 1050 1382 aliquam
1076 1340 1204 1372 tribum
1227 1353 1290 1384 per
1312 1342 1568 1374 consensionem
1591 1344 1685 1386 turpi
1707 1344 1888 1386 largitione
1909 1357 2068 1378 corrum-

172 1401 282 1438 peret.
325 1395 425 1427 Prius
449 1396 508 1438 qui
532 1395 692 1434 faciebat,
718 1394 754 1425 in
776 1394 928 1426 ambitus
951 1393 1079 1424 crimen
1102 1394 1315 1434 incurrebat,
1340 1395 1508 1437 posterius
1533 1396 1592 1438 qui
1614 1397 1850 1437 conmittebat,
1880 1400 2066 1432 sodalicio-

173 1459 254 1479 rum
273 1459 351 1479 reus
375 1448 486 1480 fiebat.
530 1448 622 1481 Uide
651 1458 737 1489 quae
763 1446 850 1477 hanc
880 1445 916 1476 in
939 1456 1013 1476 rem
1035 1445 1168 1488 Proleg.
1192 1448 1234 1478 L.
1258 1447 1319 1478 ΙΙΙ.
1345 1447 1383 1478 C.
1406 1448 1467 1478 ΙΙΙ.
1496 1449 1526 1489 §.
1551 1459 1581 1480 2.
1605 1460 1638 1491 p.
1661 1450 1823 1481 LXXIV
1846 1462 1920 1492 sqq.
1945 1451 2065 1495 dispu-

171 1500 254 1533 taui.
296 1500 406 1532 Porro
428 1500 532 1532 falsus
556 1507 606 1532 est
627 1499 823 1539 Ernestius,
847 1497 939 1541 quod
959 1510 1023 1540 pro
1047 1505 1281 1542 corrumperet
1303 1499 1675 1544 plusquamperfectum
1699 1503 1909 1545 corrupisset
1930 1516 2065 1547 ponen-

173 1553 256 1585 dum
278 1552 383 1585 fuisse
406 1552 547 1583 censuit.
592 1552 714 1585 Refert
737 1552 875 1590 Cicero,
910 1550 993 1593 quid
1018 1551 1161 1582 senserit
1183 1558 1335 1591 senatus,
1372 1553 1465 1584 cuius
1490 1553 1597 1585 oratio
1623 1554 1748 1584 directa
1771 1555 1852 1585 haec
1874 1554 1980 1587 fuerit
2001 1568 2065 1588 ne-

172 1611 313 1638 cessest:
349 1606 595 1649 cuiuscumque
623 1606 735 1638 tribus
757 1604 910 1648 largitor
933 1608 1001 1642 est,
1036 1609 1069 1636 et
1091 1617 1196 1648 quam
1219 1605 1363 1649 quisque
1386 1605 1516 1637 tribum
1537 1625 1579 1631 —
1604 1608 1815 1651 corrumpit,
1849 1608 1879 1639 is
1902 1621 2062 1642 maxume

170 1659 216 1690 iis
236 1675 280 1682 —-
309 1662 361 1690 est
388 1664 500 1691 notus.
546 1657 679 1700 Quodsi
706 1657 743 1689 in
772 1656 926 1688 oratione
959 1655 1086 1688 directa
1118 1656 1319 1688 indicatiuos
1351 1658 1537 1700 praesentis
1568 1665 1640 1690 erat
1666 1661 1818 1702 positus,
1848 1660 1885 1692 in
1908 1662 2062 1694 oratione

156 1710 309 1752 vobliqua
332 1710 556 1752 praecedente
578 1716 734 1753 tempore
756 1708 905 1742 notionis
928 1708 1131 1752 praeteritae
1154 1715 1417 1741 consentaneum
1443 1716 1529 1751 erat,
1560 1717 1600 1743 ut
1622 1713 1855 1745 coniunctiuos
1880 1713 2062 1756 inperfecti

168 1768 367 1806 poneretur.

253 1816 304 1847 Et
321 1826 388 1858 per
409 1816 498 1848 hanc
522 1816 793 1854 consensionem,
827 1828 915 1860 quae
936 1816 1051 1859 magis
1073 1816 1211 1849 honeste
1234 1828 1339 1859 quam
1361 1828 1442 1848 uere
1464 1818 1633 1851 sodalitas
1653 1819 1902 1860 nominaretur)
1946 1820 2061 1852 Athe-

168 1867 222 1900 nis
251 1867 353 1899 ctiam
382 1867 547 1910 quaedam
576 1867 716 1900 fuerunt
739 1869 885 1901 σπουδαὶ
908 1869 1076 1910 ἑταιρειῶν
1099 1868 1158 1902 ἐπ’
1182 1866 1300 1913 doleis,
1335 1875 1373 1900 ut
1392 1869 1488 1901 Plato
1515 1871 1656 1903 tradidit
1677 1872 1714 1903 in
1738 1873 1924 1905 Theaeteto
1950 1874 1980 1915 ξ.
2006 1874 2057 1916 78.

166 1918 370 1953 Heindorf..
410 1920 673 1952 GARATONIUS.
717 1921 809 1953 Male
839 1921 1017 1953 Schutzius
1044 1922 1078 1952 in
1102 1922 1176 1953 Iud.
1200 1923 1277 1953 Lat.
1306 1924 1559 1955 consensionem
1590 1924 1737 1967 explicat
1758 1925 1864 1956 uerbo
1888 1926 2058 1961 coitionis.

165 1972 256 2006 Uide
279 1972 412 2015 Proleg.
437 1974 481 2005 L.
504 1974 565 2005 III.
593 1973 631 2005 C.
655 1974 716 2005 III.
743 1975 774 2016 ς.
800 1985 830 2007 2.
856 1986 892 2017 p.
914 1975 1058 2007 LXXV
1079 1987 1147 2017 sq..
1194 1974 1420 2007 Consensione
1448 1975 1504 2006 hic
1527 1987 1582 2008 eos
1610 1976 1810 2018 significari,
1857 1990 1940 2020 quos
1975 1989 2056 2011 can-

165 2024 274 2057 didati
297 2024 362 2056 sibi
385 2025 429 2056 ad
453 2025 688 2068 consequenda
711 2027 832 2070 populi
854 2027 1014 2069 suffragia
1039 2027 1289 2067 conciliassent,
1320 2039 1389 2058 uno
1413 2028 1519 2059 uerbo
1543 2030 1690 2069 sodalis,
1717 2041 1761 2062 ex
1783 2030 1938 2062 membro
1961 2031 2057 2063 adie-

165 2084 219 2109 cto
243 2089 332 2121 quae
351 2095 396 2101 —
416 2079 656 2111 nominaretur
682 2080 861 2112 manifesto
891 2085 1043 2123 apparet.
1089 2080 1255 2111 Similiter
1286 2091 1384 2111 sensu
1415 2081 1682 2124 conspirationis
1710 2082 1854 2113 uerbum
1876 2082 1954 2114 illut
1977 2094 2054 2116 cum

162 2130 246 2162 alibi
268 2136 470 2172 usurpatur,
494 2136 568 2162 tum
590 2131 626 2162 in
649 2133 752 2164 Uerr.
775 2134 821 2172 V,
845 2144 876 2175 9.
922 2133 1074 2166 Nulline
1095 2139 1210 2165 motus
1232 2133 1268 2164 in
1291 2132 1416 2164 Sicilia
1441 2145 1622 2166 seruorum
1636 2141 1801 2178 praetore
1828 2135 1948 2174 Uerre,
1972 2137 2054 2168 nul-

161 2184 261 2218 laene
279 2184 514 2216 consensiones
524 2182 650 2226 factae
671 2185 864 2217 uidentur?

248 2236 301 2269 Iis
324 2236 535 2277 hominibus,
565 2238 626 2280 qui
648 2238 722 2269 eius
746 2238 857 2269 tribus
881 2237 1003 2280 essent)
1048 2238 1088 2269 Id
1112 2244 1161 2270 est
1184 2237 1244 2276 iis,
1267 2236 1325 2279 qui
1349 2249 1417 2269 non
1440 2245 1520 2270 sunt
1542 2239 1708 2282 corrupti.
1751 2240 1841 2271 Nam
1867 2240 1925 2281 qui
1951 2241 2052 2273 soda-

161 2287 320 2320 liciorum
342 2299 421 2320 reus
443 2294 529 2329 erat,
552 2290 705 2321 minume
728 2289 884 2321 omnibus
907 2290 1015 2322 tribus
1041 2291 1246 2334 cuiuspiam,
1271 2302 1372 2333 quam
1394 2290 1486 2322 ferre
1508 2292 1702 2335 cupiuerat,
1731 2292 1926 2324 hominibus
1949 2305 2052 2326 num-

160 2352 234 2373 mos
257 2341 406 2373 dederat.

246 2392 418 2426 Acerbum
430 2395 568 2427 omnino
584 2407 697 2439 genus
713 2394 837 2437 iudici)
854 2394 925 2426 Cur
937 2396 1097 2428 acerbum
1112 2396 1166 2437 sit,
1182 2396 1255 2439 ipse
1266 2395 1385 2428 Cicero
1403 2397 1440 2429 C.
1454 2397 1554 2430 XVI.
1572 2398 1601 2438 ἕ.
1617 2397 1669 2429 4ο.
1686 2397 1871 2431 accuratius
1887 2399 2045 2443 explicat.

1590 2453 1625 2480 28
