2185 2720
128 160 179 187 ηρ
759 141 1335 171 COMMENTARIUS.

939 241 968 274 C
978 238 1010 274 A
1019 239 1059 273 P.
1104 239 1206 274 XVI.

218 331 248 372 §.
272 328 323 362 58.
361 322 595 368 Terentinam)
638 320 768 355 Erfurt.
791 327 825 353 et
845 321 928 352 Bau.
957 321 1155 353 Teretinam
1184 321 1464 352 constantissume
1486 320 1648 352 scribunt.
1693 320 1788 353 Alibi
1811 334 1865 355 me
1888 323 1934 356 sic
1956 324 2012 355 in-

133 382 266 415 uenisse
297 392 366 412 non
390 378 548 417 memini,
583 375 729 416 satisque
753 380 882 405 constat
911 373 1134 405 Terentinam
1164 383 1236 403 eam
1260 373 1389 404 tribum
1411 373 1615 415 appellatam
1640 372 1759 410 fuisse,
1797 375 1887 416 quod
1913 377 2013 408 etiam

134 445 259 467 nomen
281 432 348 463 uiri
372 431 463 463 docti
484 443 503 462 a
529 431 675 463 Terento
699 426 890 465 deducunt,
926 425 984 467 qui
1007 425 1136 457 Romae
1159 423 1251 456 locus
1274 424 1341 457 fuit
1368 432 1466 457 extra
1486 437 1602 457 muros
1625 426 1660 456 111
1684 438 1801 469 campo
1824 427 1951 459 Martio
1972 415 2023 459 ad¹

133 488 244 530 ripam
268 485 414 516 Tiberis.
460 484 615 517 Atinates
639 481 674 513 in
696 491 734 511 ea
757 478 988 510 censebantur.
1036 478 1295 509 GARATONIUS.

220 538 271 570 Et
300 543 389 569 certe
420 533 682 580 expectatumst)
729 531 880 564 Orellius
915 536 1006 563 certo
1036 528 1252 561 scribendum
1280 535 1394 571 putat,
1430 528 1520 572 quod
1545 529 1612 561 duo
1635 537 1724 563 certe
1755 531 1889 563 diuerso
1917 542 2017 563 sensu

134 593 182 624 ita
211 601 282 622 sese
311 589 469 631 excipere
498 599 596 631 posse
625 586 687 618 uix
717 583 842 616 credat.
886 584 968 616 Nou
990 581 1109 622 uideo,
1147 581 1230 623 quid
1253 581 1421 624 inpediat,
1459 582 1639 625 quominus
1662 590 1808 626 utroque
1828 584 1904 615 loco
1927 589 2018 617 certe

135 642 257 675 eodem
279 653 379 673 sensu
400 641 527 672 dictum
549 645 719 682 putemus.

223 695 330 727 Cuius
353 699 392 726 tu
417 693 528 726 tribus
557 693 771 726 uenditorem
793 695 827 721 et
852 692 1088 730 corruptorem
1110 691 1143 718 et
1164 692 1372 729 sequestrem
1394 688 1582 720 Plancium
1603 686 1723 730 fuisse
1745 687 1917 730 clamitas)
1963 687 2018 719 Sic

136 749 264 782 habent
292 757 408 778 omnes
437 745 535 784 libri,
572 751 623 776 set
645 755 704 786 ego
728 743 770 773 iis
795 740 911 772 inuitis
934 738 1117 781 legendum
1142 743 1225 779 puto
1256 744 1463 782 emptorem.-
1502 751 1581 771 nam
1605 740 1664 783 qui
1686 740 1891 782 corrumpit,
1925 740 2017 780 emit,

137 812 207 833 non
225 799 364 836 uendit3
386 798 452 829 nisi
475 797 548 839 quis
572 796 677 836 dicat,
701 793 914 826 uenditorem
937 791 992 822 hic
1012 802 1076 833 pro
1097 796 1251 832 emptore
1274 792 1451 834 usnrpari3
1479 793 1536 824 uel
1558 792 1621 831 sic,
1644 792 1784 834 proprie
1806 793 2020 824 uenditorem

137 864 209 885 oese
230 851 391 895 positum,
413 856 447 881 et
468 848 659 892 significari,
684 846 858 878 Plancium
881 845 967 875 hanc
990 843 1116 874 tribum
1139 841 1207 873 suis
1230 843 1497 884 conpetitoribus
1520 844 1630 886 pretio
1653 850 1787 886 accepto
1811 845 2020 883 concessisse,

140 904 232 948 quod
254 902 462 946 probabilius
486 908 545 933 est.
588 902 668 932 Huc
689 899 831 930 fortasse
853 896 1002 939 pertinet
1024 895 1077 934 id,
1106 893 1194 936 quod
1219 893 1308 924 infra
1335 896 1381 935 [§.
1405 895 1472 937 45.]
1499 895 1640 934 dicitur,
1678 908 1721 927 ne
1743 896 1885 940 reficere
1906 909 2021 929 neces..

140 959 246 991 sariis
269 957 342 988 suis
367 967 466 987 suam
489 954 617 985 tribum
635 953 789 997 possint3
811 950 898 988 siue,
925 955 964 979 ut
985 948 1100 979 malim
1123 945 1208 987 legi,
1233 958 1276 978 ne
1296 948 1472 990 sufficere,
1495 954 1577 979 etc..
1604 949 1810 982 LAMBINUS.
1856 949 1927 990 Qui
1948 948 2023 990 pri-

140 1020 237 1042 mum
257 1009 322 1040 1100
344 1008 450 1049 legat,
474 1012 507 1037 et
528 1006 702 1036 Plancium
726 1009 963 1045 corruptarum
986 1000 1138 1032 tribuum
1161 1009 1258 1029 reum
1282 1009 1352 1029 esse
1374 999 1474 1038 sciat,
1500 998 1615 1031 credat
1636 1008 1821 1044 emptorem
1842 1000 2023 1043 legendum

141 1074 222 1101 esse,
251 1059 340 1103 quod
364 1066 397 1091 et
418 1058 586 1091 Lambino
609 1058 644 1088 111
667 1062 816 1088 mentem
839 1058 999 1091 uenerat3
1023 1057 1073 1083 set
1089 1057 1296 1094 sequestrem
1317 1050 1352 1081 id
1376 1063 1443 1081 non
1466 1051 1610 1094 patitur,
1636 1052 1726 1093 quod
1747 1064 1883 1095 semper
1904 1054 1941 1084 111
1962 1053 2025 1085 hac

142 1126 180 1146 re
204 1113 329 1144 dicitur
353 1112 394 1143 de
419 1111 636 1142 conciliatore
659 1107 907 1150 corruptionis,
941 1104 1000 1146 qui
1021 1103 1216 1146 paciscitur,
1250 1109 1332 1145 aput
1355 1115 1456 1145 quem
1479 1103 1622 1145 pecunia
1644 1104 1843 1147 depositast,
1879 1106 1943 1137 hoc
1965 1110 2024 1144 est,

143 1166 304 1199 uenditor
326 1164 445 1200 tribus,
469 1162 528 1204 qui
550 1161 708 1202 suffragia
730 1160 864 1198 uendit3
890 1167 1092 1199 quamquam
1116 1155 1207 1185 idem
1230 1155 1331 1186 etiam
1355 1156 1447 1186 emit.
1493 1157 1549 1187 Set
1573 1157 1744 1198 quomodo
1767 1158 1921 1189 Plancius
1943 1170 2028 1190 uen-

145 1220 239 1252 ditor
262 1223 296 1248 et
317 1221 489 1259 sequester
512 1216 584 1246 est?
610 1224 733 1255 nempe
756 1212 834 1254 quia
856 1222 919 1254 per
942 1220 1019 1240 eum
1041 1207 1160 1238 uendit
1182 1206 1340 1249 suffragia
1361 1209 1469 1240 tribus
1486 1208 1527 1248 ei,
1554 1209 1611 1251 qui
1628 1209 1807 1251 pecuniam
1823 1209 1933 1249 dedit,
1959 1209 2026 1241 sic-

145 1278 185 1303 ut
205 1269 425 1313 perductores
449 1274 528 1299 sunt
551 1273 584 1298 et
605 1266 800 1297 uenditores
825 1270 858 1295 et
880 1267 1096 1303 corruptores
1126 1259 1329 1302 puellarum.
1374 1261 1600 1292 ERNESTIUS.
1647 1261 1835 1303 Optumam
1857 1273 1928 1293 esse
1949 1261 2029 1292 uol-

145 1330 275 1366 gatam,
298 1333 368 1353 11011
390 1320 492 1352 modo
515 1319 551 1350 id
574 1319 716 1357 enincit,
741 1315 831 1359 quod
853 1313 1021 1356 sequitur,
1046 1317 1271 1355 sequestrem,
1293 1323 1412 1342 uerum
1438 1312 1538 1343 etiam
1560 1313 1796 1355 apertissume,
1827 1313 1917 1356 quod
1939 1313 2030 1346 infra

146 1376 272 1418 legitur
296 1375 333 1405 C.
356 1374 474 1406 XVII.
498 1375 527 1413 §.
551 1372 603 1404 45.
634 1370 791 1403 Uoltinia
815 1369 925 1401 tribus
948 1366 989 1398 ab
1011 1366 1075 1396 hoc
1098 1369 1282 1406 corrupta5
1315 1365 1538 1396 Terentinam
1559 1364 1727 1397 habuerat
1749 1367 1915 1399 uenalem.
1950 1367 2027 1398 GA—

148 1436 349 1459 RATONIUS.
395 1425 565 1458 Uenditor
586 1424 694 1456 tribus
716 1421 921 1453 'Ferentinae
945 1423 1016 1449 erat
1037 1416 1209 1454 Plancius,
1239 1416 1313 1454 uel,
1344 1416 1432 1458 quod
1457 1416 1576 1447 eodem
1597 1428 1695 1448 sensu
1718 1418 1894 1458 dictumst,
1922 1429 2030 1450 uena-

147 1481 217 1512 lem
238 1479 402 1510 habuerat
425 1477 553 1508 tribum
577 1475 818 1513 Terentinam,
853 1471 943 1514 quod
967 1481 1040 1501 eam
1063 1468 1329 1511 conpetitoribus
1353 1468 1530 1508 concessit,
1562 1474 1741 1510 postquam
1764 1469 1943 1512 largitione
1965 1470 2030 1502 sibi

150 1544 223 1564 eam
248 1531 461 1562 deuiuxerat.
506 1529 578 1561 Cfr.
603 1529 641 1560 C.
662 1527 780 1559 XXII.
805 1527 834 1568 §.
860 1525 932 1557 54..

233 1585 326 1616 Eam
355 1583 483 1614 tribum
509 1580 668 1625 profecto
697 1580 1007 1612 seuerissumorum
1032 1573 1243 1618 praesertim
1270 1573 1446 1605 hominum
1467 1579 1500 1605 et
1519 1573 1824 1615 grauis-simiorum
1845 1575 1943 1607 edere
1970 1575 2031 1607 do-

151 1636 269 1677 buisti)
314 1635 401 1666 Cum
430 1633 645 1666 seuerissumi
678 1632 746 1663 sint
772 1637 805 1662 et
833 1628 1036 1673 grauis-sumi
1058 1627 1229 1665 homines,
1266 1625 1323 1667 qui
1346 1631 1424 1656 sunt
1451 1625 1487 1655 in
1510 1624 1601 1655 tribu
1626 1625 1829 1665 Terentina,
1864 1638 1904 1657 eo
1926 1627 2033 1668 magis

152 1689 252 1720 edere
274 1687 360 1718 hanc
382 1687 509 1718 tribum
533 1684 695 1724 debuisti,
727 1695 794 1725 quo
820 1683 942 1714 certius
967 1686 1055 1720 erat,
1090 1678 1217 1710 iudices
1243 1690 1287 1710 ex
1308 1678 1365 1709 illa
1389 1677 1480 1709 tribu
1504 1677 1649 1708 delectos
1673 1689 1737 1719 pro
1759 1678 1939 1709 seueritate
1960 1690 2031 1719 sua,

153 1741 183 1772 si
204 1739 339 1771 tribulis
363 1745 540 1781 corruptos
562 1738 695 1776 scirent,
720 1735 873 1767 omnium
895 1745 1054 1766 maxume
1077 1737 1194 1763 contra
1216 1743 1313 1763 reum
1335 1729 1565 1762 testimonium
1590 1740 1633 1760 ex
1655 1729 1727 1771 ipsa
1748 1730 1892 1761 ueritate
1913 1731 2032 1773 perhi-

153 1792 284 1823 bituros
309 1803 390 1822 esse.
436 1791 537 1832 Quod
562 1790 698 1832 quidem
721 1787 952 1819 testiinonium
977 1798 1016 1817 eo
1042 1786 1118 1828 plus
1142 1785 1286 1822 ualeret,
1323 1794 1388 1824 quo
1412 1781 1583 1824 grauiores
1606 1787 1685 1812 sunt
1707 1782 1877 1821 homines,
1912 1783 1971 1824 qui
1995 1783 2033 1815 in

154 1844 248 1875 tribu
270 1841 330 1874 illa'
352 1849 580 1874 recensentur.
625 1840 696 1873 Cfr.
721 1840 759 1871 C.
782 1840 915 1871 XVIII.
941 1840 971 1880 ξ.
987 1839 1038 1870 45.
1070 1837 1271 1869 Tribulibzcs
1294 1836 1384 1868 enim
1407 1833 1579 1867 iudicibus
1601 1845 1669 1865 non
1691 1834 1789 1865 modo
1814 1836 2034 1867 seueritatem

156 1897 318 1935 illorum,
344 1896 375 1927 si
397 1898 465 1928 ista
487 1908 572 1928 uera
595 1899 687 1932 sunt,
712 1898 762 1924 set
785 1903 826 1923 ne
849 1891 965 1923 uoltus
989 1891 1124 1934 quidem
1141 1889 1244 1932 ferre
1260 1900 1452 1931 possemus.
1493 1887 1599 1919 Hanc
1622 1891 1660 1917 tu
1683 1886 1851 1918 rationem
1874 1899 1951 1918 cum
1963 1887 2033 1930 fw-

154 1950 273 1993 geris,
306 1961 448 1992 cumque
471 1960 525 1980 eos
547 1948 678 1979 iudices
701 1945 823 1977 habere
845 1944 1015 1982 nolueris,
1049 1954 1195 1987 quorum
1218 1942 1255 1973 in
1277 1941 1381 1973 lucius
1404 1940 1528 1971 delicto
1551 1951 1629 1970 cum
1650 1938 1796 1970 scientia
1818 1939 2032 1978 certissuma,

158 2008 233 2034 tum
254 2001 351 2032 dolor
371 2002 617 2044 grauissumus
638 2010 709 2030 esse
732 1997 904 2034 debuerit,
930 2002 1010 2026 etc..

242 2054 294 2086 At
322 2051 527 2093 Uoltiniam)
571 2049 834 2092 Hagenbuchius
856 2054 986 2079 nostras
1010 2048 1045 2079 in
1069 2045 1303 2079 dissertatione
1325 2043 1452 2075 inedita
1475 2042 1516 2073 de
1538 2041 1630 2074 tribu
1652 2040 1826 2081 Arniensi,
1852 2053 1921 2073 non
1944 2043 2035 2074 Nar-

158 2106 278 2145 niensi,
303 2106 344 2136 ad
368 2106 436 2137 Cic.
458 2116 487 2136 2.
513 2105 597 2146 Agr.
622 2114 651 2134 2.
675 2113 702 2133 0.
722 2113 772 2143 29.
795 2100 837 2132 ad
859 2101 893 2131 h.
917 2100 939 2130 1.
964 2101 1046 2131 haec
1068 2105 1178 2130 notat:
1201 2097 1333 2139 „Quod
1358 2094 1545 2128 Uoltiniam
1569 2094 1696 2125 tribum
1720 2094 1789 2125 Cic.
1812 2105 1876 2137 pro
1899 2094 2034 2126 Plancio

159 2171 187 2190 c.
215 2160 264 2191 16.
288 2164 321 2189 et
339 2169 386 2199 17.
409 2157 555 2187 uicinam
578 2156 686 2187 facere
708 2154 845 2185 uidetur
868 2152 1082 2191 Terentinae,
1109 2152 1265 2193 Sigonius
1287 2149 1329 2180 ad
1351 2148 1453 2180 situm
1476 2157 1611 2188 quoque
1633 2157 1691 2177 seu
1713 2147 1787 2178 loca
1807 2146 1958 2177 tribuum
1979 2157 2037 2177 re-

161 2211 244 2250 fert,
281 2210 322 2241 de
345 2211 413 2241 Iur.
436 2209 500 2240 0111.
523 2209 623 2240 Rom.
648 2207 725 2239 Lib.
751 2207 776 2237 I.
804 2217 831 2236 0.
855 2205 884 2237 5.
908 2216 941 2247 p.
969 2206 1016 2237 15.
1047 2204 1125 2247 (Ed.
1148 2203 1242 2244 Lips.
1270 2202 1359 2242 1715.
1383 2201 1425 2231 Τ.
1449 2199 1474 2231 Ι.
1498 2210 1532 2242 p.
1555 2198 1640 2240 40.):
1679 2210 1802 2229 uereor
1829 2203 1960 2237 tamen,
1992 2209 2036 2229 ne

163 2263 320 2295 subtilior
338 2262 382 2293 sit
403 2262 522 2293 haecce
545 2260 662 2302 Sigoni
684 2259 835 2290 tribuum
860 2258 1015 2288 ordinem
1040 2255 1219 2288 enarrandi
1240 2253 1325 2284 ratio
1350 2264 1449 2294 quam
1474 2251 1631 2283 uerior.“
1658 2251 1827 2282 *Eandem
1848 2256 1961 2281 tamen
1983 2262 2038 2282 so-

165 2315 234 2346 cuti
257 2321 335 2345 sunt
356 2314 544 2345 Boindinus
576 2320 609 2344 et
631 2311 845 2344 Beaufortius
878 2311 1109 2353 (Re‘publique
1129 2307 1300 2341 Romaine
1329 2305 1370 2336 Τ.
1394 2305 1420 2336 I.
1451 2316 1485 2347 p.
1511 2304 1594 2346 174.)
1622 2314 1659 2334 ac
1680 2302 1852 2333 fatendum
1876 2308 1943 2342 est,
1975 2304 2037 2336 sub

166 2366 414 2409 inperatoribus
441 2365 578 2396 demum
606 2364 708 2396 uariis
739 2362 948 2393 coloniarum
977 2360 1250 2398 deductionibus,
1282 2356 1539 2399 migrationibus
1562 2356 1772 2397 singulorum
1802 2353 1944 2393 ciuium,
1977 2355 2039 2386 ad..

168 2419 378 2462 optionibus,
413 2418 520 2449 libera
550 2417 695 2459 denique
726 2415 887 2457 cuiusque
917 2414 1079 2446 electione
1105 2411 1230 2444 sactum
1255 2421 1342 2450 esse,
1374 2416 1413 2441 ut
1434 2410 1570 2441 urbium
1594 2407 1694 2439 etiam
1715 2405 1908 2438 Italicarum
1930 2407 2038 2440 tribus
