2185 2720
695 166 800 197 PRO
822 165 898 195 CN.
917 164 1163 195 PLANCIO.
1185 164 1291 194 CAP.
1312 166 1356 195 X.
1376 166 1437 195 XI.
1968 172 2006 198 15

115 242 344 285 fluctibusque
359 247 567 282 recrearunt,
583 241 675 285 quod
692 240 856 274 uiaticum
871 244 1120 282 congesserunt,
1133 238 1226 281 quod
1244 239 1420 281 nauigium
1435 239 1614 278 dederunt,
1632 238 1724 281 quod
1745 250 1823 270 eum
1841 239 2005 281 linquen-

115 299 185 326 tem
208 301 336 326 terram
361 306 456 335 eam,
481 307 582 337 quam
604 301 776 336 seruarat,
805 293 894 325 uotis
918 292 1157 334 ominibusque
1187 292 1360 334 prosecuti
1383 299 1481 331 sunt,
1524 297 1661 323 aeterna
1681 291 1719 323 in
1742 291 1842 323 laude
1864 303 2007 324 uersan-

114 352 189 380 tur:
215 347 373 388 Plancio,
397 348 489 390 quod
511 359 566 379 me
588 348 645 379 uel
666 347 703 378 ui
724 347 863 390 pulsum
884 345 943 376 uel
967 344 1100 376 ratione
1124 344 1300 376 cedentem
1322 344 1508 387 receperit,
1531 344 1675 384 iuuerit,
1710 344 1923 383 custodierit,
1951 344 2005 376 his

113 404 147 431 et
171 400 302 432 senatui
323 401 522 444 populoque
543 401 721 440 Romano,
745 406 784 432 ut
805 399 970 431 haberent
994 408 1097 439 quem
1118 396 1341 438 reducerent,
1369 396 1596 437 conseruarit,
1620 397 1746 429 honori
1773 398 1861 429 hanc
1890 396 2004 436 fidem,

112 450 401 493 misericordiam,
424 453 588 484 uirtutem
607 451 711 483 fuisse
733 452 895 484 miraris?

199 515 264 547 XI.
287 514 382 548 Uitia
403 515 599 546 mehercule
621 517 683 548 Cn.
706 515 822 547 Planci
844 526 898 546 res
922 525 990 554 eae,
1017 512 1060 544 de
1083 512 1205 555 quibus
1230 512 1320 553 dixi,
1343 519 1458 555 tegere
1479 519 1684 556 potuerunt:
1707 526 1750 545 ne
1772 521 1811 546 tu.
1835 513 1872 545 in
1891 524 1929 545 ea
1950 512 2052 544 ui-27

114 572 164 607 ta,
200 567 242 598 de
267 579 332 609 qua
353 567 421 598 iam
446 567 572 608 dicam,
608 574 660 600 tot
687 575 720 600 et
741 574 833 600 tanta
855 567 1052 598 adiumenta
1074 565 1154 597 huic
1174 566 1299 597 honori
1323 565 1427 597 fuisse
1451 566 1589 598 mirere.
1636 566 1703 598 Hic
1726 573 1776 598 est
1798 565 1910 604 enim,
1948 564 2008 607 qui

113 618 384 652 adulescentulus
418 631 494 650 cum
524 620 569 652 A.
594 621 771 664 Torquato
798 619 971 663 profectus
994 619 1031 650 in
1056 617 1213 650 Africam
1242 618 1289 650 sic
1311 619 1352 649 ab
1382 619 1443 650 illo
1472 619 1684 661 grauissumo
1729 625 1764 649 et
1786 617 2006 650 sanctissumo

112 677 214 714 atque
237 672 332 703 omni
353 672 453 703 laude
477 679 510 704 et
532 673 664 706 honore
688 674 897 717 dignissumo
920 672 998 703 uiro
1023 671 1164 703 dilectus
1189 676 1254 709 est,
1283 677 1322 703 ut
1342 677 1376 703 et
1399 672 1602 703 contuberni
1623 670 1838 703 necessitudo
1866 675 1900 700 et
1921 669 2008 699 adu-

112 722 290 755 lescentuli
311 724 566 758 modestissumi
589 727 701 770 pudor
723 725 926 769 postulabat.
973 724 1096 767 Quod,
1129 724 1157 756 si
1179 724 1326 763 adesset,
1358 736 1429 756 non
1449 724 1564 756 minus
1586 725 1646 756 ille
1671 724 1874 762 declararet,
1906 733 2009 763 quam

112 775 170 808 hic
182 776 274 808 illius
293 776 400 809 frater
413 779 587 820 patruelis,
612 785 646 810 et
662 790 767 818 socer,
791 779 833 809 T.
851 778 1059 820 Torquatus,
1086 776 1138 807 illi
1154 777 1248 808 omni
1261 783 1294 808 et
1308 776 1438 808 uirtute
1453 783 1486 808 et
1501 777 1601 808 laude
1617 788 1701 819 par,
1726 775 1784 818 qui
1803 780 1853 806 est
1869 773 2009 816 quidem

113 838 191 861 cum
208 829 267 861 illo
281 831 451 862 maxumis
466 831 611 863 uinculis
625 837 658 863 et
675 830 941 875 propinquitatis
959 835 991 861 et
1006 829 1190 861 adfinitatis
1209 830 1420 868 coniunctus,
1444 835 1495 860 set
1508 829 1554 860 ita
1568 829 1699 871 magnis
1715 827 1851 864 amoris,
1876 833 1915 858 ut
1929 826 2008 857 illae

111 882 369 915 necessitudinis
392 895 526 915 caussae
551 884 643 916 leues
667 895 738 916 esse
759 883 955 915 uideantur.
1000 881 1083 914 Fuit
1105 881 1142 912 in
1167 882 1269 914 Creta
1290 888 1408 926 postea
1431 881 1682 914 contubernalis
1706 880 1899 920 Saturnini,
1923 890 2009 922 pro-

189 1042 409 1083 fluctibusque)
431 1044 482 1082 Pa,
503 1045 538 1082 C,
558 1050 589 1075 et
619 1047 657 1086 χ5
668 1048 833 1087 fluctibus.
853 1063 893 1072 -—-
937 1046 1132 1086 recrearunt)
1158 1048 1211 1077 Mc
1238 1049 1459 1083 νἐονεαιιενὶηΐ,
1476 1047 1530 1077 Ἑι
1560 1047 1736 1086 consectum
1761 1051 1952 1076 recrearunt.
1972 1057 2009 1068 -—-

116 1090 350 1130 congesserunt)
370 1092 394 1121 C
416 1101 637 1123 concesserunt.
656 1110 695 1116 —
734 1101 971 1134 congesserunt,
1011 1096 1094 1135 quod
1120 1095 1291 1134 nauigium)
1320 1097 1382 1131 Ma,
1407 1096 1465 1130 Lc,
1485 1100 1516 1123 et
1535 1095 1566 1122 D
1588 1101 1808 1133 congesserunt
1833 1094 2010 1130 nauigium.

113 1153 153 1161 -
173 1137 255 1176 eum)
274 1139 312 1177 χ5
329 1150 408 1169 cum.
422 1155 462 1163 -—-
480 1151 555 1178 eam,
573 1141 674 1182 quam)
688 1144 741 1173 Mc
755 1150 922 1182 tamquam.
933 1160 971 1166 -
989 1143 1140 1182 seruarat)
1152 1144 1202 1172 Sic
1217 1145 1242 1172 B
1257 1148 1288 1172 et
1302 1144 1345 1181 E3
1365 1144 1395 1171 D
1412 1149 1638 1178 seruaue7·ant;
1658 1142 1756 1171 ceteri
1769 1147 2011 1170 seruauerat.-

189 1186 273 1215 uotis
297 1186 532 1226 ominibusque)
553 1191 604 1218 Sic
625 1201 680 1229 ego
702 1201 802 1228 corr.;
821 1192 846 1219 B
868 1194 950 1220 uotis
970 1192 1171 1229 omnibusque
1191 1192 1351 1225 lacrimis5
1384 1190 1410 1218 E
1440 1192 1524 1218 uotis
1544 1190 1682 1218 omnihus
1702 1191 1921 1227 lacrimisque;
1946 1189 2010 1222 Ma,

115 1232 182 1269 Mb,
201 1234 266 1269 Mc,
284 1233 341 1271 La,
361 1235 422 1272 Lb,
440 1237 498 1272 Le,
518 1237 559 1273 D,
580 1236 620 1273 O,
642 1237 720 1274 Ox.,
742 1238 896 1275 Gruterr.‚
920 1239 1070 1275 Lambb.,
1096 1237 1181 1266 Pith.
1208 1239 1348 1265 lacrimis
1369 1238 1510 1274 uotisque
1536 1237 1695 1271 omnibus;
1730 1237 1782 1271 Pa,
1810 1236 1866 1271 Pb,
1898 1236 1950 1271 Pe,
1979 1239 2012 1263 et

115 1291 195 1310 unus
214 1281 296 1311 Lall.
316 1283 456 1311 lacrimis
476 1285 617 1321 uotisque
637 1285 790 1313 ominibus
797 1294 809 1319 ,·
834 1295 914 1314 unus
933 1287 973 1324 χ5
1002 1296 1059 1324 pro
1081 1287 1223 1323 uotisque
1242 1284 1355 1313 scribit
1375 1286 1527 1323 uocisque.
1547 1299 1586 1306 -
1623 1283 1800 1322 prosecuti)
1827 1284 1881 1311 Ma
1902 1292 2011 1319 perse-

115 1332 190 1359 cuti.
208 1344 249 1352 —-
286 1329 369 1368 quod
387 1339 437 1358 me
455 1344 494 1351 —
513 1331 691 1369 cedentem)
712 1331 740 1360 A
760 1331 864 1361 habet.
882 1348 921 1356 -—
958 1334 1029 1371 uel)
1056 1334 1109 1362 Mc
1130 1343 1189 1360 om.
1209 1347 1249 1353 —
1285 1331 1319 1359 ui
1346 1332 1487 1370 pulsum)
1512 1333 1575 1369 Ma,
1602 1332 1659 1368 La,
1677 1332 1740 1368 Lb,
1759 1332 1816 1365 Lc,
1836 1330 1888 1364 Pe,
1908 1329 1950 1365 D,
1971 1328 2011 1364 O,

114 1377 158 1413 H,
179 1376 218 1412 Τ,
237 1387 266 1413 ς,
286 1381 317 1405 et
336 1377 375 1414 753
402 1378 587 1414 impulsam,
615 1388 651 1416 χ1
674 1379 727 1407 uel
745 1380 894 1417 impulsu.
910 1394 950 1402 -ι
986 1380 1040 1409 uel
1059 1380 1199 1417 ratione)
1220 1379 1244 1407 C
1265 1380 1318 1407 uel
1335 1381 1466 1412 Romae,
1488 1378 1516 1406 T
1538 1389 1597 1407 om.
1617 1393 1655 1399 ——-
1695 1375 1867 1415 cedentem)
1888 1376 1974 1405 Uict.
1995 1386 2012 1404 a

115 1424 272 1453 cedentem
298 1426 440 1461 tempori.
459 1440 498 1447 —-
535 1424 665 1465 iuuerit)
691 1435 727 1464 χι
750 1428 872 1456 uicerit.
892 1442 933 1450 -—
971 1432 1003 1456 et
1027 1425 1094 1463 his)
1114 1427 1178 1462 Mc,
1207 1426 1242 1462 C,
1263 1430 1295 1454 et
1320 1426 1349 1453 T
1373 1432 1402 1454 et
1421 1428 1465 1461 is,
1487 1430 1519 1454 et
1538 1425 1582 1454 sic
1602 1426 1654 1454 Br.
1674 1436 1692 1453 a
1710 1436 1758 1463 pr.
1779 1435 1887 1460 manu,
1914 1434 1930 1452 a
1950 1434 2010 1457 sec,

116 1477 146 1499 et
165 1473 202 1500 is.
219 1485 260 1492 —-
297 1469 341 1510 et)
359 1471 386 1498 E
408 1476 439 1499 et
460 1473 513 1500 Mc
533 1478 624 1499 ut.—
662 1472 856 1513 populoque)
875 1475 919 1502 Pa
932 1476 1060 1512 populo.
1078 1489 1118 1497 -—
1156 1473 1324 1511 haberent)
1351 1473 1389 1511 χ5
1408 1472 1544 1502 haberet.
1562 1488 1602 1494 —-
1640 1472 1745 1512 quem)
1766 1473 1816 1500 Sic
1835 1472 1871 1507 B,
1892 1471 1929 1506 E,
1950 1472 2011 1507 Lb,

116 1518 169 1554 Pa,
189 1519 246 1555 Pb,
266 1519 319 1555 Pe,
340 1522 372 1546 et
391 1528 470 1546 unus
491 1518 703 1557 Lallemandi3
727 1520 824 1548 ceteri
844 1523 934 1558 qaod.
952 1537 992 1544 -—
1029 1520 1294 1556 misericordiam,
1321 1519 1472 1549 uirtutem
1490 1520 1588 1549 fuisse
1606 1519 1740 1559 miraris)
1760 1520 1814 1549 Ma
1824 1518 1931 1557 fuisse
1950 1520 2011 1547 mi-

116 1567 199 1594 raris
218 1566 465 1594 misericordiam
485 1569 651 1604 uirtutem,
677 1568 716 1606 χ5
735 1569 966 1604 misericordia,
991 1571 1113 1598 uirtute
1132 1578 1195 1597 esse
1215 1568 1348 1597 mirari-9.
1368 1582 1407 1590 —-·

193 1616 228 1646 C.
248 1616 308 1646 XI.
329 1616 358 1657 §.
376 1628 423 1654 27.
445 1618 545 1656 Uitia)
563 1621 616 1648 Mc
648 1621 741 1658 Uita,
769 1620 800 1648 D
834 1622 951 1650 Uitam.
969 1637 1009 1645 —-
1049 1621 1106 1651 Cn.
1125 1620 1247 1649 Plancii
1266 1630 1316 1648 res
1337 1619 1402 1660 eae)
1424 1621 1475 1649 Sic
1501 1622 1526 1649 B
1548 1626 1579 1650 et
1598 1620 1643 1658 E;
1672 1619 1769 1648 ceteri
1793 1630 1841 1648 res
1868 1619 1927 1648 hae
1958 1621 2011 1648 Cn.

115 1664 266 1701 Plana—ii,
293 1664 356 1693 nisi
379 1665 463 1704 quod
483 1666 525 1695 F1
546 1677 605 1704 pro
627 1678 676 1696 res
695 1667 755 1696 lzae
774 1667 870 1697 habet
887 1669 947 1698 lzae
966 1680 1031 1706 res,
1056 1674 1089 1698 et
1115 1679 1173 1708 pro
1193 1668 1253 1696 hae
1272 1669 1326 1698 Ma
1344 1672 1377 1696 et
1403 1668 1442 1706 χ3
1459 1668 1552 1704 haec,
1578 1670 1632 1699 Mc
1653 1674 1685 1697 et
1707 1668 1736 1696 O
1756 1668 1849 1700 heae,
1875 1671 1906 1695 et
1925 1667 1956 1694 D
1979 1670 2011 1695 ⁰¹2

114 1713 148 1742 H
167 1711 268 1740 liuius.
286 1726 326 1735 —-
363 1711 447 1750 dixi,
474 1712 591 1752 tegere)
615 1714 642 1742 E
662 1715 743 1742 dixit
762 1726 871 1754 agere,
897 1717 952 1745 Mssa
970 1723 1090 1756 tegere,
1116 1717 1164 1746 La
1184 1720 1216 1743 et
1236 1722 1262 1753 ψ
1279 1716 1348 1743 dixi
1372 1726 1419 1744 me
1446 1722 1556 1754 tegere.
1575 1731 1614 1739 --
1651 1721 1688 1744 tu
1707 1715 1741 1743 in
1761 1715 1812 1750 ea)
1832 1713 1862 1741 D
1884 1720 1917 1741 tu
1933 1723 2010 1750 mea,

115 1760 155 1799 23
182 1766 287 1788 tamen
306 1769 353 1788 ea.
371 1775 410 1782 ·-
447 1761 580 1798 mirere)
601 1762 648 1791 La
669 1772 739 1791 cum
759 1763 798 1801 gl.
819 1765 957 1797 mireris,
975 1775 993 1796 ς
1013 1775 1145 1800 merere,
1171 1764 1205 1792 H
1225 1773 1284 1791 om.
1304 1777 1343 1785 —-

191 1806 255 1836 Hic
282 1811 329 1835 est
346 1822 386 1829 ——-
404 1809 586 1846 grauissimo
612 1811 683 1839 uiro
705 1811 837 1839 dilectus
865 1812 929 1848 est)
948 1811 978 1841 A
1000 1811 1111 1848 habet,
1144 1811 1245 1839 media
1271 1816 1301 1839 et
1320 1811 1515 1839 sanctissimo
1532 1825 1571 1832 —
1591 1810 1773 1848 dignissimo
1794 1808 1949 1837 omittens.
1969 1803 2019 1830 --”

117 1855 180 1884 Hic
206 1858 253 1882 est
274 1854 373 1891 enim,
393 1856 447 1893 qui
467 1855 528 1896 ad.)
548 1857 574 1885 B
595 1863 626 1887 et
646 1859 692 1887 La
711 1860 777 1886 IIic
797 1859 880 1886 enim
900 1860 956 1896 qai
975 1860 1048 1894 ad.;
1068 1860 1111 1888 Pa
1130 1863 1162 1887 et
1181 1859 1211 1886 D
1232 1858 1298 1885 Hie
1318 1862 1363 1885 est
1383 1861 1465 1885 enim
1484 1858 1554 1887 ad..
1572 1871 1611 1880 —-·
1648 1856 1701 1896 A.)
1722 1857 1751 1884 A
1772 1857 1872 1890 Aulo,
1900 1856 1924 1885 C
1945 1857 2007 1885 Al-

118 1904 158 1932 lo.
178 1916 216 1924 —-
255 1901 428 1943 Torquato)
444 1904 490 1933 Pb
513 1909 544 1933 ct
563 1906 606 1934 Po
633 1906 907 1944 Torquatomenta.
925 1920 967 1928 —-
1003 1906 1061 1936 illo
1080 1922 1119 1929 —-·
1138 1905 1272 1943 honore)
1290 1914 1308 1936 ς
1329 1914 1388 1932 om.
1407 1919 1447 1926 —-
1491 1904 1673 1943 grauissimo
1707 1903 1750 1943 et)
1770 1904 1796 1932 E
1815 1906 2007 1942 grauissimo

119 1951 188 1978 uiro
215 1953 254 1976 et·
273 1963 311 1970 —
348 1951 554 1992 sanctissimo)
582 1953 632 1982 Lb
659 1955 856 1982 sanctissimo
881 1954 958 1982 uiro.
976 1967 1016 1975 -·-·
1055 1959 1088 1982 et
1109 1951 1241 1992 honore)
1266 1953 1321 1981 issa
1341 1962 1400 1980 om.
1418 1967 1458 1973 -—
1494 1957 1531 1981 ut
1550 1952 1592 1992 et)
1617 1964 1635 1986 ς
1656 1959 1699 1981 ut.
1720 1968 1758 1973 —
1796 1951 2008 1989 contubernii)

118 2000 172 2029 Ma
191 1995 382 2026 contuberni.
398 2013 437 2023 —-
475 1998 712 2038 adolescentuli)
732 2001 758 2029 E
781 2002 994 2030 adolescentis.
1006 2016 1047 2023 —-
1083 2000 1317 2037 modestissimi)
1335 2000 1386 2029 Lb
1405 2001 1648 2029 modestissimus
1667 2010 1737 2028 cum
1757 1999 1796 2037 gl.
1817 2004 1871 2035 est,
1892 2009 1928 2037 χι
1950 1998 2008 2026 lzo-

119 2045 295 2075 nestissimi.
316 2057 354 2065 --
391 2046 579 2085 postulabat)
600 2048 632 2076 H
646 2050 798 2086 postulat.
819 2063 857 2071 -

194 2089 300 2130 Quod)
322 2089 374 2118 Sic
394 2090 436 2128 B,
456 2092 494 2129 E,
513 2095 575 2132 Ma,
595 2095 661 2132 Mb,
681 2096 745 2133 Mc,
764 2096 806 2132 D,
828 2095 868 2132 O,
888 2095 958 2133 B'r„
978 2095 1121 2134 Lambb.,
1141 2095 1261 2134 aliquot
1282 2095 1436 2133 Gruterr„
1455 2101 1488 2125 et
1508 2096 1569 2125 Ox.
1589 2102 1714 2135 praeter
1734 2103 1771 2134 ψ,
1790 2093 1844 2133 qui
1864 2104 1933 2122 cum
1954 2103 2007 2122 ce·

118 2141 195 2171 teris
222 2140 277 2178 qui
295 2138 404 2175 habet3
434 2140 481 2168 La
502 2146 604 2171 tamen
624 2153 741 2182 supers.
767 2142 863 2173 habet
884 2145 980 2182 quod,
1009 2150 1041 2174 et
1061 2145 1092 2173 G
1113 2145 1145 2173 in
1164 2144 1303 2182 margine
1323 2145 1375 2172 uel
1392 2145 1483 2182 quod.
1499 2158 1538 2165 —-
1576 2142 1708 2181 adesset)
1728 2143 1776 2171 La
1796 2153 1866 2170 cum
1887 2142 1925 2180 gl.
1948 2143 2007 2171 ad-

119 2195 173 2219 est.
196 2203 235 2211 —-
272 2186 387 2226 minus)
410 2188 435 2216 C
463 2198 521 2217 om.
539 2203 580 2211 —-
615 2190 701 2220 illius
726 2191 835 2230 frater)
860 2191 887 2219 E
908 2192 1103 2227 illustrator,
1135 2193 1190 2221 Ma
1210 2193 1275 2219 eius
1286 2190 1412 2228 frater,
1445 2202 1480 2231 χι
1503 2193 1590 2221 illius
1606 2197 1709 2228 pater.
1728 2204 1766 2213 ·-·-
1806 2189 1856 2228 T.)
1876 2189 1902 2217 E
1924 2195 2007 2224 tans,

119 2238 173 2267 Mc
195 2237 245 2266 C..
262 2251 302 2257 —
341 2236 531 2275 Torquatus)
551 2247 570 2269 ς
589 2248 648 2268 om.
667 2254 705 2262 —
741 2238 791 2268 illi
811 2239 908 2278 omni)
928 2239 955 2267 E
978 2241 1062 2267 omni
1081 2240 1149 2276 illi,
1169 2239 1217 2268 La
1235 2240 1287 2268 illi
1307 2244 1336 2267 et
1355 2242 1446 2268 omni.
1463 2255 1502 2263 ·—-
1540 2244 1571 2268 et
1590 2236 1721 2277 uirtute)
1743 2237 1793 2265 Sic.
1814 2237 1851 2272 E,
1871 2237 1931 2273 Lb,
1953 2238 2007 2274 Pa,

118 2285 176 2321 Pb,
194 2285 249 2320 Pe,
266 2283 308 2320 D,
331 2283 370 2320 G,
389 2284 453 2319 Br„
473 2283 508 2319 C,
528 2289 559 2312 et
571 2286 626 2323 2535
646 2286 684 2314 de
697 2287 723 2315 B
743 2291 881 2324 tacetur3
901 2286 1000 2315 ceteri
1019 2288 1147 2315 uirtute.
1166 2302 1203 2309 --
1242 2286 1378 2326 quidem)
1403 2288 1441 2325 χ5
1462 2288 1546 2326 quid.
1565 2302 1604 2308 -
1642 2283 1839 2323 coniunctus)
1858 2285 1912 2314 Ma
1926 2295 2007 2322 pro-

113 2334 264 2371 pinquus.
281 2345 322 2354 ·-
356 2331 486 2371 magnis)
513 2332 564 2361 Sic
591 2343 608 2361 e
628 2334 708 2362 coni.
734 2334 931 2372 Pantagathi3
966 2333 992 2363 C
1017 2344 1133 2362 causae
1158 2332 1188 2371 (a
1208 2344 1248 2363 m.
1268 2333 1474 2374 recentiore),
1498 2335 1536 2373 χ3
1556 2336 1679 2371 magis;
1715 2332 1812 2360 ceteri
1831 2334 1949 2370 magni.
1969 2347 2007 2354 —

119 2385 155 2409 ut
175 2377 260 2418 illae)
279 2379 326 2408 La
352 2390 466 2408 causae
485 2379 560 2409 illae
581 2386 632 2417 ut,
652 2388 679 2419 ψ
699 2392 812 2409 causae
832 2387 868 2409 ut
887 2382 980 2415 illae,
1006 2382 1060 2411 Mc
1080 2381 1165 2412 illae.
1185 2396 1223 2406 -ι
1259 2381 1511 2422 necessitudinis)
1529 2382 1591 2418 Ma,
1610 2381 1667 2415 La,
1688 2379 1723 2417 C,
1739 2388 1787 2417 χι,
1807 2384 1839 2409 et
1857 2380 1876 2410 3
1902 2390 2005 2409 neees-

118 2427 280 2456 situdines.
297 2439 336 2449 ·—-
373 2426 448 2455 Fuit
466 2441 504 2448 —
523 2427 658 2465 Metelli)
678 2427 707 2455 A
727 2427 829 2456 habet.
848 2442 888 2450 —

194 2472 367 2514 Saturnini)
384 2474 438 2504 Mc
458 2473 607 2513 Saturni,
626 2474 656 2503 D
679 2475 833 2504 Saturnia:
847 2490 886 2497 —
