2185 2720
140 156 192 182 204
780 146 1351 178 COMMENTARIUS.

222 224 305 255 Sine
327 223 455 255 tlzensis
480 227 594 254 autem
617 222 702 266 quid
717 226 839 265 potero
864 219 990 264 dicere)
1033 221 1129 252 Iocus
1158 221 1349 253 Laterensis
1379 221 1421 253 de
1450 222 1577 255 thensis
1603 222 1715 255 locum
1737 225 1878 257 habebat
1899 224 1997 257 uerbi

141 287 253 309 caussa
275 275 375 307 etiam
397 275 432 305 in
454 274 522 306 istis
544 275 619 308 Act.
644 276 688 308 V.
710 274 746 305 in
769 274 866 307 Uei-r.
889 283 939 315 72.
961 285 1140 319 omnesque
1160 273 1208 315 di,
1234 274 1295 318 qui
1316 274 1486 308 uehiculis
1505 276 1704 310 thensarum
1727 279 1901 310 sollemnis
1923 289 1999 313 coe-

143 336 200 363 tus
222 329 383 362 ludorum
405 329 514 360 initis.
559 327 760 360 Omztmns.

227 383 299 416 Hic
321 381 426 412 etiam
446 381 632 419 addidisti,
655 392 707 412 me
729 379 857 412 idcirco
879 391 954 412 mea
976 380 1053 424 lege
1074 379 1178 412 exilio
1202 379 1370 412 ambitum
1391 381 1557 422 sanxisse,
1579 389 1620 416 ut
1641 384 1907 417 miserabiliores
1928 384 2001 428 epi-

144 439 241 481 logos
258 445 394 478 possem
419 433 544 475 dicere)
589 432 721 465 Uaria
750 432 1040 464 cauillatione
1068 433 1326 465 Laterensis
1356 442 1590 467 exeruerat
1619 437 1894 479 asperitatem
1916 443 2003 468 sto-

143 487 281 521 machi
312 485 374 518 sui
405 486 446 517 in
474 486 524 519 M.
548 485 762 525 Tullium,
800 490 846 516 ut
873 485 995 517 etiam
1027 496 1090 524 ea,
1121 485 1276 527 quibus
1300 485 1429 517 illius
1452 487 1589 518 oratio
1612 490 1796 521 maxime
1819 488 2002 530 floruit,

144 542 319 573 eleuare
343 561 352 570 .
375 560 386 569 .
409 560 418 569 .
442 538 469 582 ¹)
501 544 814 581 perseueraret.
858 539 943 570 Nec
964 538 1209 581 ignoramus
1232 538 1409 569 auctore
1434 538 1528 582 ipso
1553 539 1766 572 Cicerone
1787 548 1827 573 et
1849 542 1888 574 C.
1909 542 2003 575 An-

142 593 264 626 tonio
295 603 405 624 cons.
435 591 574 633 legem
602 591 867 622 seueriorem
895 591 943 623 de
970 591 1193 634 puniendo
1223 591 1383 622 ambitu
1404 591 1624 634 scriptam,
1660 594 1783 627 cuius
1810 595 2005 627 meminit

142 658 219 691 pro
248 646 437 678 Murena.
481 645 585 676 Nam
622 643 882 676 clementior
917 644 1194 686 aliquatenus
1224 643 1458 676 uidebatur
1489 644 1562 677 lex
1591 645 1728 678 fuisse
1757 647 2003 691 Calpurnia.

142 698 227 731 Hic
257 708 355 739 ergo
383 702 598 727 mutuatus
629 702 690 727 est
719 696 1059 728 occasiunculam
1087 697 1299 739 quandam
1328 696 1511 729 amarius
1534 698 1790 740 lacessendi,
1820 707 1864 732 ut
1884 700 2006 732 uide-

142 757 265 783 retur
302 749 560 780 atrociorem
595 760 778 792 poenam
808 755 1042 793 eapropter
1071 749 1280 782 aduersus
1314 749 1513 781 ambitum
1542 750 1806 793 decreuisse,
1847 759 1892 785 ut
1924 765 2002 797 pro

141 804 230 836 reis
261 802 394 834 multo
426 801 701 833 lacrimosius
726 808 967 845 peroraret.
1011 804 1105 834 Non
1135 803 1273 834 minus
1295 808 1438 834 tamen
1462 802 1620 834 urbane
1643 803 1799 847 etipse
1821 817 2004 850 respon-

143 857 230 897 det,
272 856 486 887 denotans
513 853 689 886 nimiam
718 855 969 887 Laterensis
999 861 1038 887 et
1066 855 1390 888 immoderatam
1429 856 1771 888 contumeliosae
1804 858 2004 891 audaciae

141 908 430 942 insulsitatem
459 906 655 938 dicendo:
692 907 758 938 sed
784 908 884 939 haec
918 907 1068 940 nescio
1102 908 1306 951 quomodo
1337 908 1595 950 frequenter
1621 908 1665 940 in
1694 920 1757 941 me
1787 912 2005 953 congessi-

141 963 213 1001 sti,
237 971 422 1004 saneque
451 960 495 991 in
517 971 562 991 eo
593 958 745 990 creber
766 959 907 992 fuisti.
953 962 1008 994 Ut
1029 961 1127 994 haec
1148 961 1367 992 inmodica
1388 961 1537 992 creber
1562 960 1707 1001 fuisti,
1748 969 1786 994 et
1806 963 1853 994 ab
1876 964 2006 1007 inpu-

143 1014 317 1046 dentiae
339 1012 587 1044 temeritate
609 1011 893 1054 uenientia12)
915 1014 1077 1046 ScnomA
1098 1015 1357 1047 AMBROSIANA.
1399 1012 1553 1045 Profecto
1574 1014 1699 1045 recenti
1721 1015 1827 1047 adhuc
1848 1029 1907 1048 sua
1930 1018 2004 1061 lege

143 1079 220 1099 cum
252 1078 314 1109 pro
337 1066 480 1097 Murena
504 1065 646 1103 diceret,
679 1064 741 1095 hac
771 1065 841 1098 eius
870 1067 952 1108 legis
980 1078 1090 1110 poena
1119 1078 1147 1098 e.
1177 1067 1229 1098 41.
1260 1078 1338 1098 usus
1362 1071 1411 1097 est
1435 1066 1656 1097 ornatissume
1678 1066 1721 1097 ad
1742 1068 2003 1102 misericordiam

142 1119 290 1151 iudicum
323 1117 544 1149 excitandam.
588 1117 633 1149 A.
656 1117 765 1149 Maius
790 1118 1027 1150 conferendam
1059 1131 1129 1151 esse
1150 1119 1398 1151 adnotationem
1429 1118 1574 1150 eiusdem
1596 1118 1743 1151 hominis
1773 1120 1941 1155 intellexit
1962 1123 2005 1155 ad

144 1172 329 1205 orationem
352 1182 414 1213 pro
438 1171 474 1201 P.
498 1170 592 1201 Sulla
620 1181 691 1213 cap.
715 1172 745 1202 5.
769 1183 802 1214 p.
828 1183 878 1213 70.
903 1172 951 1214 [p.
978 1184 1034 1215 129
1058 1184 1107 1214 sq.
1131 1172 1180 1203 ed.
1204 1172 1305 1213 sec.],
1339 1171 1399 1202 ubi
1420 1171 1502 1203 haec
1523 1171 1699 1213 leguntur:
1735 1173 1906 1207 Damnati
1927 1177 2004 1220 lege

144 1225 304 1258 Cornelia
327 1225 388 1256 Ῐιοο
410 1235 520 1267 genus
537 1235 669 1266 poenae
682 1222 866 1267 serebant,
896 1231 935 1257 ut
957 1226 1230 1269 magistratuum
1245 1225 1415 1268 petitione
1430 1236 1497 1268 per
1520 1224 1633 1256 decem
1655 1237 1762 1258 annos
1784 1226 2004 1262 abstinerent.

145 1279 338 1321 Aliquanto
355 1282 477 1320 postea
500 1276 651 1308 seuerior
678 1276 732 1308 lex
756 1277 948 1322 Calpurnia
975 1284 1008 1310 et
1023 1279 1174 1322 pecunia
1195 1277 1362 1309 multauit
1392 1277 1453 1319 (est
1483 1277 1519 1308 in
1548 1276 1618 1308 cod·
1649 1278 1760 1311 multa
1778 1278 1874 1323 fuit)
1903 1286 1936 1312 et
1966 1282 2003 1314 in

142 1335 346 1375 perpetuum
373 1329 557 1361 honoribus
589 1330 693 1361 iussit
721 1342 837 1363 carere
868 1331 1059 1365 damnatos.
1108 1330 1293 1363 Habebant
1323 1335 1435 1363 tamen
1466 1330 1642 1362 licentiam
1667 1331 1800 1364 Romae
1830 1334 2002 1368 morandi.

143 1383 272 1416 Postea
302 1383 372 1413 iam
396 1383 570 1415 damnatis
597 1383 697 1415 Sulla
727 1389 760 1416 et
780 1385 954 1418 Antronio
976 1396 1126 1428 poenam
1147 1384 1188 1415 cle
1209 1383 1342 1415 ambitu
1361 1383 1563 1426 grauiorem
1592 1384 1744 1416 consules
1767 1384 1804 1417 C.
1824 1385 2002 1419 Antonius

146 1442 179 1468 et
202 1436 318 1468 Cicero
340 1440 548 1474 sanxerunt,
588 1441 628 1468 ut
644 1442 787 1479 Praeter
814 1438 896 1470 llaec
927 1437 1099 1470 ueteribus
1128 1435 1262 1479 legibus
1293 1436 1481 1468 constituta
1506 1436 1611 1468 etiam
1633 1436 1736 1468 exilio
1758 1438 2003 1472 multarentur.

144 1489 217 1520 Iam
238 1488 327 1530 leges
355 1487 499 1519 ambitus
523 1489 666 1530 conlegit
689 1489 844 1531 Sigonius
874 1490 917 1521 ΙΙ.
943 1490 982 1521 de
1008 1489 1137 1521 iudiciis
1159 1490 1229 1528 50„
1264 1488 1305 1519 de
1327 1487 1433 1519 isdem
1456 1488 1562 1519 multa
1592 1488 1751 1530 perdocte
1775 1490 1946 1522 Manutius
1967 1491 2005 1522 in

145 1541 262 1572 libello
285 1541 325 1571 de
344 1540 492 1582 Legibus
515 1552 586 1584 cap.
609 1542 798 1581 XXVIII&
836 1542 963 1584 aliquid
988 1549 1100 1573 tamen
1122 1542 1161 1572 de
1183 1543 1245 1573 hac
1266 1542 1339 1583 lege
1360 1540 1475 1571 Tullia
1501 1540 1598 1572 nobis
1620 1541 1832 1574 adiciendum
1857 1543 2005 1576 uidetur.

145 1594 305 1632 Fontem,
329 1605 372 1626 ex
396 1605 461 1635 quo
485 1594 644 1634 manarit,
667 1594 873 1627 demonstrat
894 1595 1061 1627 Asconius
1084 1606 1118 1638 p.
1142 1606 1214 1637 977.
1237 1593 1289 1625 ed.
1310 1594 1446 1632 Graeu„
1471 1591 1551 1624 dum
1573 1601 1809 1636 argumentum
1832 1595 1902 1627 eius
1927 1607 2005 1628 ora-

147 1645 245 1677 tionis
268 1652 405 1684 enarrat,
432 1658 531 1688 quam
548 1647 663 1678 Cicero
687 1648 868 1679 consularis
891 1647 1081 1679 candidatus
1105 1647 1224 1678 habuit
1243 1646 1279 1677 in
1301 1651 1434 1678 senatu:
1458 1646 1569 1686 Quom
1591 1647 1627 1679 in
1638 1648 1711 1680 dies
1733 1648 1874 1681 licentia
1894 1648 2006 1681 ambi-

149 1705 205 1730 tus
235 1705 425 1741 augeretur
440 1706 585 1743 propter
600 1701 828 1744 praecipuam
849 1700 1020 1733 Catilinae
1050 1706 1083 1733 et
1104 1700 1238 1734 Antoni
1266 1698 1465 1738 azcclaciam,
1505 1706 1684 1732 censuerat
1704 1707 1857 1740 senatus,
1889 1706 1930 1733 ut
1951 1701 2006 1733 lex

148 1750 296 1783 ambitus
328 1757 432 1784 aucta
461 1753 565 1785 etiam
596 1766 672 1785 eum
696 1766 810 1798 poena
830 1752 1002 1797 ferretur.
1044 1753 1094 1785 Ei
1116 1765 1247 1797 quoque
1268 1753 1320 1784 rei
1341 1751 1382 1791 Q.
1404 1751 1544 1783 ,Μυσία-ς
1568 1751 1749 1785 Orestinus
1775 1753 1934 1785 tribunus
1953 1753 2004 1797 pl.

150 1805 409 1843 intercesserat3
441 1816 541 1848 quom
563 1805 697 1845 Cicero,
723 1807 886 1849 grauiter
907 1811 1028 1838 senatu
1051 1806 1325 1838 intercessionem
1337 1804 1496 1848 ferente,
1528 1805 1681 1836 surrexit
1700 1811 1803 1850 atque
1825 1807 1861 1838 in
1884 1806 2004 1838 coitio-

149 1869 225 1889 nem
255 1856 426 1888 Catilinae
454 1862 486 1888 et
507 1857 641 1890 Antoni
670 1859 826 1891 inuectus
855 1865 904 1891 est
932 1864 1013 1890 ante
1034 1858 1106 1890 dies
1127 1858 1343 1890 comitiorum
1359 1869 1500 1901 paucos,
1543 1857 1680 1888 Postero
1702 1869 1790 1890 anno
1811 1869 1864 1890 res
1887 1857 2005 1890 eadem

149 1910 186 1941 in
208 1915 322 1940 senatu
343 1915 412 1940 acta
435 1915 482 1941 est
511 1916 543 1941 et
566 1923 609 1943 ex
632 1911 701 1943 eius
726 1911 920 1943 auctoritate
938 1910 1103 1954 perfecta3
1137 1921 1213 1942 cum
1236 1910 1371 1952 quidem
1391 1910 1447 1941 uir
1471 1910 1785 1953 praestantissumus
1806 1917 1906 1953 atque
1927 1922 2006 1953 gra-

149 1962 333 2001 uissumus,
372 1962 442 1993 Ser.
466 1963 651 2006 Sulpicius,
692 1965 901 1995 consulatum
928 1969 1057 2007 peteret
1086 1963 1299 2005 aliorumque
1326 1962 1452 1994 ambitu
1482 1962 1725 1994 excluderetur.
1772 1964 1804 1996 Is
1830 1964 1943 2006 itaque
1968 1969 2006 1995 ut

149 2016 208 2047 lex
229 2014 374 2046 ferretur
396 2015 533 2047 lubente
558 2022 672 2048 senatu
693 2016 913 2047 uehementer
934 2016 1085 2047 instabat.
1132 2015 1196 2047 Cui
1219 2015 1337 2047 Cicero
1359 2026 1422 2057 pro
1439 2015 1583 2046 Murena
1605 2026 1632 2046 e.
1649 2016 1716 2048 23.:
1739 2017 1871 2060 Legem
1892 2015 2002 2048 ambi-

154 2074 210 2100 tus
230 2068 433 2113 flagitasti,
464 2081 551 2112 quae
580 2069 644 2101 tibi
670 2081 737 2101 non
768 2070 903 2108 deerat.-
938 2074 1013 2102 erat
1035 2069 1124 2100 enim
1145 2069 1370 2101 seuerissume
1391 2068 1522 2111 scripta
1543 2067 1743 2111 Calpurnia.
1787 2067 1894 2110 Atqui
1916 2066 2004 2099 Tul-

150 2121 196 2151 lia
217 2120 288 2163 ipsa
309 2121 458 2153 seuerior
479 2122 641 2153 ambitum
663 2133 732 2153 non
754 2121 923 2165 repressit.
968 2121 1094 2154 Gestus
1119 2127 1170 2153 est
1190 2133 1263 2153 mos
1282 2126 1316 2153 et
1337 2120 1512 2152 uoluntati
1533 2125 1566 2152 et
1588 2121 1759 2164 dignitati
1782 2127 1874 2153 tuae.
1917 2119 2003 2151 Cum

153 2172 288 2214 quidem
309 2173 394 2204 hanc
415 2174 524 2216 legem
546 2180 658 2220 patres
679 2174 896 2206 necessariam
918 2174 1114 2206 iudicarent.
1157 2174 1296 2205 Praeter
1318 2173 1460 2204 exilium
1481 2184 1584 2216 porro
1612 2173 1679 2205 duo
1707 2174 1771 2205 alia
1796 2173 1903 2216 capita
1928 2181 2003 2203 me·-

154 2231 345 2257 morantur:
376 2239 489 2270 poena
507 2229 656 2273 grauior
678 2229 714 2261 in
731 2227 884 2273 plebem,
913 2238 1036 2272 nempe
1059 2226 1097 2259 in
1117 2226 1297 2271 sequestris
1318 2225 1468 2269 aliosque
1491 2225 1634 2259 ambitus
1655 2225 1880 2265 administros,
1918 2234 2000 2267 quos

233 2389 261 2428 1)
301 2392 437 2430 Spatium
460 2405 524 2424 esse
542 2397 577 2425 in
597 2397 703 2426 codice
721 2396 812 2426 unius
831 2395 975 2426 uocabuli
993 2395 1032 2424 A.
1050 2394 1151 2425 Maius
1170 2400 1285 2425 monet.

229 2439 259 2475 2)
297 2438 386 2468 Uidit
406 2442 612 2481 Niebuhrius,
633 2455 701 2474 cum
721 2444 941 2474 exclamatione
959 2443 1033 2472 haec
1052 2442 1135 2472 dicta
1153 2452 1228 2472 esse.
