<?xml version="1.0" encoding="UTF-8"?>
<!DOCTYPE html PUBLIC "-//W3C//DTD XHTML 1.0 Transitional//EN"
    "http://www.w3.org/TR/xhtml1/DTD/xhtml1-transitional.dtd">
<html xmlns="http://www.w3.org/1999/xhtml" xml:lang="en" lang="en">
 <head>
  <title>
</title>
<meta http-equiv="Content-Type" content="text/html;charset=utf-8" />
  <meta name='ocr-system' content='tesseract 3.04.00' />
  <meta name='ocr-capabilities' content='ocr_page ocr_carea ocr_par ocr_line ocrx_word'/>
</head>
<body>
  <div class='ocr_page' id='page_1' title='image "./oratioprocnplanc00ciceuoft/oratioprocnplanc00ciceuoft_0242.png"; bbox 0 0 2185 2720; ppageno 0'>
   <div class='ocr_carea' id='block_1_1' title="bbox 116 159 1343 192">
    <p class='ocr_par' dir='ltr' id='par_1_1' title="bbox 116 159 1343 192">
     <span class='ocr_line' id='line_1_1' title="bbox 116 159 1343 192; baseline -0.002 0"><span class='ocrx_word' id='word_1_1' title='bbox 116 164 171 192; x_wconf 61' lang='lat'><strong>124</strong></span> <span class='ocrx_word' id='word_1_2' title='bbox 775 159 1343 190; x_wconf 87' lang='lat' dir='ltr'><strong>COMMENTARIUS.</strong></span> 
     </span>
    </p>
   </div>
   <div class='ocr_carea' id='block_1_2' title="bbox 109 231 2002 2473">
    <p class='ocr_par' dir='ltr' id='par_1_2' title="bbox 113 231 1996 433">
     <span class='ocr_line' id='line_1_2' title="bbox 114 231 1996 276; baseline 0.002 -11"><span class='ocrx_word' id='word_1_3' title='bbox 114 245 185 266; x_wconf 80' lang='lat' dir='ltr'><strong>seni</strong></span> <span class='ocrx_word' id='word_1_4' title='bbox 208 233 412 276; x_wconf 85' lang='lat' dir='ltr'><strong>suspicatur,</strong></span> <span class='ocrx_word' id='word_1_5' title='bbox 439 231 532 273; x_wconf 85' lang='lat' dir='ltr'><strong>fore,</strong></span> <span class='ocrx_word' id='word_1_6' title='bbox 562 238 601 264; x_wconf 88' lang='lat' dir='ltr'><strong>ut</strong></span> <span class='ocrx_word' id='word_1_7' title='bbox 622 232 752 265; x_wconf 84' lang='lat' dir='ltr'><strong>Maecia</strong></span> <span class='ocrx_word' id='word_1_8' title='bbox 773 244 793 265; x_wconf 87' lang='lat' dir='ltr'><strong>a</strong></span> <span class='ocrx_word' id='word_1_9' title='bbox 814 234 952 266; x_wconf 84' lang='lat' dir='ltr'>Plancio</span> <span class='ocrx_word' id='word_1_10' title='bbox 976 234 1178 273; x_wconf 89' lang='lat' dir='ltr'><strong>reiceretur,</strong></span> <span class='ocrx_word' id='word_1_11' title='bbox 1209 232 1301 275; x_wconf 90' lang='lat' dir='ltr'><strong>quod</strong></span> <span class='ocrx_word' id='word_1_12' title='bbox 1323 232 1478 265; x_wconf 90' lang='lat' dir='ltr'><strong>homines</strong></span> <span class='ocrx_word' id='word_1_13' title='bbox 1501 233 1594 265; x_wconf 90' lang='lat' dir='ltr'><strong>illius</strong></span> <span class='ocrx_word' id='word_1_14' title='bbox 1615 235 1723 268; x_wconf 88' lang='lat' dir='ltr'><strong>tribus</strong></span> <span class='ocrx_word' id='word_1_15' title='bbox 1746 236 1900 269; x_wconf 91' lang='lat' dir='ltr'><strong>omnium</strong></span> <span class='ocrx_word' id='word_1_16' title='bbox 1921 247 1996 269; x_wconf 85' lang='lat' dir='ltr'><strong>ma-</strong></span> 
     </span>
     <span class='ocr_line' id='line_1_3' title="bbox 113 285 1996 330; baseline 0.003 -13"><span class='ocrx_word' id='word_1_17' title='bbox 113 297 219 317; x_wconf 79' lang='lat' dir='ltr'><strong>xume</strong></span> <span class='ocrx_word' id='word_1_18' title='bbox 241 285 370 317; x_wconf 87' lang='lat' dir='ltr'><strong>inimici</strong></span> <span class='ocrx_word' id='word_1_19' title='bbox 394 285 529 316; x_wconf 88' lang='lat' dir='ltr'>Plancio</span> <span class='ocrx_word' id='word_1_20' title='bbox 556 292 683 326; x_wconf 87' lang='lat' dir='ltr'><strong>essent,</strong></span> <span class='ocrx_word' id='word_1_21' title='bbox 710 291 812 328; x_wconf 85' lang='lat' dir='ltr'><strong>atque</strong></span> <span class='ocrx_word' id='word_1_22' title='bbox 834 286 907 330; x_wconf 89' lang='lat' dir='ltr'><strong>ipse</strong></span> <span class='ocrx_word' id='word_1_23' title='bbox 931 286 1073 318; x_wconf 89' lang='lat' dir='ltr'><strong>fortasse</strong></span> <span class='ocrx_word' id='word_1_24' title='bbox 1095 285 1288 318; x_wconf 85' lang='lat' dir='ltr'>Laterensis</span> <span class='ocrx_word' id='word_1_25' title='bbox 1315 285 1346 317; x_wconf 91' lang='lat' dir='ltr'><strong>ei</strong></span> <span class='ocrx_word' id='word_1_26' title='bbox 1369 285 1474 317; x_wconf 91' lang='lat' dir='ltr'><strong>tribui</strong></span> <span class='ocrx_word' id='word_1_27' title='bbox 1494 285 1682 329; x_wconf 86' lang='lat' dir='ltr'><strong>adscriptus</strong></span> <span class='ocrx_word' id='word_1_28' title='bbox 1704 296 1799 321; x_wconf 84' lang='lat' dir='ltr'><strong>esset.</strong></span> <span class='ocrx_word' id='word_1_29' title='bbox 1842 290 1996 322; x_wconf 87' lang='lat' dir='ltr'><strong>Licuisse</strong></span> 
     </span>
     <span class='ocr_line' id='line_1_4' title="bbox 113 337 1995 386; baseline 0.001 -16"><span class='ocrx_word' id='word_1_30' title='bbox 113 345 227 370; x_wconf 81' lang='lat' dir='ltr'><strong>autem</strong></span> <span class='ocrx_word' id='word_1_31' title='bbox 257 337 496 370; x_wconf 82' lang='lat' dir='ltr'>sodaliciorum</span> <span class='ocrx_word' id='word_1_32' title='bbox 524 350 584 370; x_wconf 89' lang='lat' dir='ltr'><strong>reo</strong></span> <span class='ocrx_word' id='word_1_33' title='bbox 611 350 715 370; x_wconf 88' lang='lat' dir='ltr'><strong>unam</strong></span> <span class='ocrx_word' id='word_1_34' title='bbox 747 339 789 370; x_wconf 91' lang='lat' dir='ltr'><strong>de</strong></span> <span class='ocrx_word' id='word_1_35' title='bbox 815 346 976 383; x_wconf 84' lang='lat' dir='ltr'><strong>quattuor</strong></span> <span class='ocrx_word' id='word_1_36' title='bbox 1008 339 1164 371; x_wconf 78' lang='lat' dir='ltr'><strong>tribubus</strong></span> <span class='ocrx_word' id='word_1_37' title='bbox 1194 338 1235 369; x_wconf 90' lang='lat' dir='ltr'><strong>ab</strong></span> <span class='ocrx_word' id='word_1_38' title='bbox 1258 344 1466 370; x_wconf 86' lang='lat' dir='ltr'><strong>accussatore</strong></span> <span class='ocrx_word' id='word_1_39' title='bbox 1490 338 1591 370; x_wconf 80' lang='lat' dir='ltr'><strong>editis</strong></span> <span class='ocrx_word' id='word_1_40' title='bbox 1621 339 1765 380; x_wconf 84' lang='lat' dir='ltr'><strong>reicere,</strong></span> <span class='ocrx_word' id='word_1_41' title='bbox 1801 342 1839 374; x_wconf 78' lang='lat' dir='ltr'><strong>in</strong></span> <span class='ocrx_word' id='word_1_42' title='bbox 1861 342 1995 386; x_wconf 80' lang='lat' dir='ltr'><strong>Proleg.</strong></span> 
     </span>
     <span class='ocr_line' id='line_1_5' title="bbox 114 391 839 433; baseline -0.001 -9"><span class='ocrx_word' id='word_1_43' title='bbox 114 392 157 424; x_wconf 92' lang='lat' dir='ltr'><strong>L.</strong></span> <span class='ocrx_word' id='word_1_44' title='bbox 181 392 241 423; x_wconf 86' lang='lat' dir='ltr'><strong>III.</strong></span> <span class='ocrx_word' id='word_1_45' title='bbox 268 391 304 422; x_wconf 89' lang='lat' dir='ltr'><strong>C.</strong></span> <span class='ocrx_word' id='word_1_46' title='bbox 329 391 389 422; x_wconf 91' lang='grc' dir='ltr'><strong>ΙΙΙ.</strong></span> <span class='ocrx_word' id='word_1_47' title='bbox 418 392 447 433; x_wconf 99' lang='grc'><strong>3.</strong></span> <span class='ocrx_word' id='word_1_48' title='bbox 473 392 502 423; x_wconf 82' lang='lat'><strong>5.</strong></span> <span class='ocrx_word' id='word_1_49' title='bbox 527 391 839 424; x_wconf 78' lang='lat' dir='ltr'><strong>demonstratumst.</strong></span> 
     </span>
    </p>

    <p class='ocr_par' dir='ltr' id='par_1_3' title="bbox 111 442 1999 645">
     <span class='ocr_line' id='line_1_6' title="bbox 198 442 1997 488; baseline 0.002 -13"><span class='ocrx_word' id='word_1_50' title='bbox 198 444 228 484; x_wconf 84' lang='lat'><strong>§.</strong></span> <span class='ocrx_word' id='word_1_51' title='bbox 253 443 304 485; x_wconf 85' lang='lat'><strong>59.</strong></span> <span class='ocrx_word' id='word_1_52' title='bbox 340 442 411 474; x_wconf 78' lang='lat' dir='ltr'><strong>Suo</strong></span> <span class='ocrx_word' id='word_1_53' title='bbox 435 444 584 483; x_wconf 78' lang='lat' dir='ltr'><strong>iudicio,</strong></span> <span class='ocrx_word' id='word_1_54' title='bbox 609 457 676 476; x_wconf 90' lang='lat' dir='ltr'><strong>non</strong></span> <span class='ocrx_word' id='word_1_55' title='bbox 698 445 746 476; x_wconf 83' lang='lat' dir='ltr'><strong>ad</strong></span> <span class='ocrx_word' id='word_1_56' title='bbox 767 445 973 478; x_wconf 76' lang='lat' dir='ltr'><em>sententiam</em></span> <span class='ocrx_word' id='word_1_57' title='bbox 995 443 1096 488; x_wconf 78' lang='lat' dir='ltr'><strong>legis)</strong></span> <span class='ocrx_word' id='word_1_58' title='bbox 1141 442 1316 475; x_wconf 80' lang='lat' dir='ltr'>Sententia</span> <span class='ocrx_word' id='word_1_59' title='bbox 1336 442 1420 484; x_wconf 88' lang='lat' dir='ltr'><strong>legis</strong></span> <span class='ocrx_word' id='word_1_60' title='bbox 1443 442 1525 474; x_wconf 83' lang='lat' dir='ltr'><strong>haec</strong></span> <span class='ocrx_word' id='word_1_61' title='bbox 1549 449 1637 482; x_wconf 85' lang='lat' dir='ltr'><strong>erat,</strong></span> <span class='ocrx_word' id='word_1_62' title='bbox 1674 449 1713 475; x_wconf 91' lang='lat' dir='ltr'><strong>ut</strong></span> <span class='ocrx_word' id='word_1_63' title='bbox 1734 451 1921 477; x_wconf 84' lang='lat' dir='ltr'><strong>accussator</strong></span> <span class='ocrx_word' id='word_1_64' title='bbox 1943 457 1997 479; x_wconf 83' lang='lat' dir='ltr'><strong>eas</strong></span> 
     </span>
     <span class='ocr_line' id='line_1_7' title="bbox 111 495 1999 538; baseline 0.001 -10"><span class='ocrx_word' id='word_1_65' title='bbox 111 495 236 534; x_wconf 82' lang='lat' dir='ltr'><strong>tribus,</strong></span> <span class='ocrx_word' id='word_1_66' title='bbox 262 506 342 536; x_wconf 87' lang='lat' dir='ltr'><strong>quas</strong></span> <span class='ocrx_word' id='word_1_67' title='bbox 366 502 542 538; x_wconf 85' lang='lat' dir='ltr'><strong>corruptas</strong></span> <span class='ocrx_word' id='word_1_68' title='bbox 566 496 820 537; x_wconf 80' lang='lat' dir='ltr'>criminaretur,</span> <span class='ocrx_word' id='word_1_69' title='bbox 854 496 970 528; x_wconf 82' lang='lat' dir='ltr'><strong>ederet</strong></span> <span class='ocrx_word' id='word_1_70' title='bbox 992 508 1035 528; x_wconf 77' lang='lat' dir='ltr'><strong>ex</strong></span> <span class='ocrx_word' id='word_1_71' title='bbox 1058 497 1167 538; x_wconf 89' lang='lat' dir='ltr'><strong>iisque</strong></span> <span class='ocrx_word' id='word_1_72' title='bbox 1188 495 1315 527; x_wconf 88' lang='lat' dir='ltr'><strong>iudices</strong></span> <span class='ocrx_word' id='word_1_73' title='bbox 1339 495 1513 537; x_wconf 87' lang='lat' dir='ltr'><strong>deligeret.</strong></span> <span class='ocrx_word' id='word_1_74' title='bbox 1557 496 1643 528; x_wconf 88' lang='lat' dir='ltr'><strong>Eam</strong></span> <span class='ocrx_word' id='word_1_75' title='bbox 1665 508 1735 528; x_wconf 88' lang='lat' dir='ltr'><strong>non</strong></span> <span class='ocrx_word' id='word_1_76' title='bbox 1765 503 1897 528; x_wconf 89' lang='lat' dir='ltr'><strong>secutus</strong></span> <span class='ocrx_word' id='word_1_77' title='bbox 1926 503 1999 530; x_wconf 75' lang='lat' dir='ltr'><strong>erat</strong></span> 
     </span>
     <span class='ocr_line' id='line_1_8' title="bbox 111 547 1997 592; baseline 0 -12"><span class='ocrx_word' id='word_1_78' title='bbox 111 547 322 587; x_wconf 84' lang='lat' dir='ltr'><strong>Laterensis,</strong></span> <span class='ocrx_word' id='word_1_79' title='bbox 364 547 456 590; x_wconf 86' lang='lat' dir='ltr'><strong>quod</strong></span> <span class='ocrx_word' id='word_1_80' title='bbox 486 549 676 581; x_wconf 84' lang='lat' dir='ltr'>Uoltiniam</span> <span class='ocrx_word' id='word_1_81' title='bbox 704 555 738 580; x_wconf 87' lang='lat' dir='ltr'><strong>et</strong></span> <span class='ocrx_word' id='word_1_82' title='bbox 768 549 1006 589; x_wconf 87' lang='lat' dir='ltr'><strong>Terentinam,</strong></span> <span class='ocrx_word' id='word_1_83' title='bbox 1050 560 1130 591; x_wconf 88' lang='lat' dir='ltr'><strong>quas</strong></span> <span class='ocrx_word' id='word_1_84' title='bbox 1158 554 1335 592; x_wconf 85' lang='lat' dir='ltr'><strong>corruptas</strong></span> <span class='ocrx_word' id='word_1_85' title='bbox 1364 548 1544 591; x_wconf 85' lang='lat' dir='ltr'><strong>arguebat,</strong></span> <span class='ocrx_word' id='word_1_86' title='bbox 1582 549 1630 580; x_wconf 86' lang='lat' dir='ltr'><strong>ita</strong></span> <span class='ocrx_word' id='word_1_87' title='bbox 1661 548 1832 581; x_wconf 80' lang='lat' dir='ltr'><strong>deuinctas</strong></span> <span class='ocrx_word' id='word_1_88' title='bbox 1859 548 1997 581; x_wconf 82' lang='lat' dir='ltr'><strong>Plancio</strong></span> 
     </span>
     <span class='ocr_line' id='line_1_9' title="bbox 112 599 1160 645; baseline 0 -13"><span class='ocrx_word' id='word_1_89' title='bbox 112 599 256 639; x_wconf 83' lang='lat' dir='ltr'><strong>sciebat,</strong></span> <span class='ocrx_word' id='word_1_90' title='bbox 286 605 325 631; x_wconf 91' lang='lat' dir='ltr'><strong>ut</strong></span> <span class='ocrx_word' id='word_1_91' title='bbox 348 611 407 631; x_wconf 90' lang='lat' dir='ltr'><strong>reo</strong></span> <span class='ocrx_word' id='word_1_92' title='bbox 430 601 697 642; x_wconf 88' lang='lat' dir='ltr'><strong>patrocinaturas</strong></span> <span class='ocrx_word' id='word_1_93' title='bbox 722 613 793 633; x_wconf 87' lang='lat' dir='ltr'><strong>esse</strong></span> <span class='ocrx_word' id='word_1_94' title='bbox 815 608 907 634; x_wconf 87' lang='lat' dir='ltr'><strong>certo</strong></span> <span class='ocrx_word' id='word_1_95' title='bbox 933 601 1160 645; x_wconf 86' lang='lat' dir='ltr'><strong>praeuideret.</strong></span> 
     </span>
    </p>

    <p class='ocr_par' dir='ltr' id='par_1_4' title="bbox 110 651 1999 904">
     <span class='ocr_line' id='line_1_10' title="bbox 197 651 1999 697; baseline 0.001 -14"><span class='ocrx_word' id='word_1_96' title='bbox 197 651 257 684; x_wconf 82' lang='lat' dir='ltr'><strong>Set</strong></span> <span class='ocrx_word' id='word_1_97' title='bbox 278 652 326 684; x_wconf 86' lang='lat' dir='ltr'><strong>ad</strong></span> <span class='ocrx_word' id='word_1_98' title='bbox 347 665 447 685; x_wconf 80' lang='lat' dir='ltr'><strong>suam</strong></span> <span class='ocrx_word' id='word_1_99' title='bbox 468 665 562 697; x_wconf 80' lang='lat' dir='ltr'><strong>spem</strong></span> <span class='ocrx_word' id='word_1_100' title='bbox 583 654 752 697; x_wconf 71' lang='lat' dir='ltr'><strong>aliquam)</strong></span> <span class='ocrx_word' id='word_1_101' title='bbox 797 654 915 685; x_wconf 88' lang='lat' dir='ltr'><strong>Tacite</strong></span> <span class='ocrx_word' id='word_1_102' title='bbox 939 653 1103 696; x_wconf 85' lang='lat' dir='ltr'><strong>siguificat</strong></span> <span class='ocrx_word' id='word_1_103' title='bbox 1127 659 1162 684; x_wconf 88' lang='lat' dir='ltr'><strong>et</strong></span> <span class='ocrx_word' id='word_1_104' title='bbox 1192 658 1280 684; x_wconf 88' lang='lat' dir='ltr'><strong>tecte</strong></span> <span class='ocrx_word' id='word_1_105' title='bbox 1308 651 1446 692; x_wconf 82' lang='lat' dir='ltr'><strong>Cicero,</strong></span> <span class='ocrx_word' id='word_1_106' title='bbox 1483 652 1652 685; x_wconf 86' lang='lat' dir='ltr'><strong>eiusmodi</strong></span> <span class='ocrx_word' id='word_1_107' title='bbox 1678 653 1805 685; x_wconf 88' lang='lat' dir='ltr'><strong>iudices</strong></span> <span class='ocrx_word' id='word_1_108' title='bbox 1829 652 1870 683; x_wconf 93' lang='lat' dir='ltr'><strong>ab</strong></span> <span class='ocrx_word' id='word_1_109' title='bbox 1893 653 1999 685; x_wconf 87' lang='lat' dir='ltr'><strong>Late—</strong></span> 
     </span>
     <span class='ocr_line' id='line_1_11' title="bbox 110 704 1999 749; baseline 0 -12"><span class='ocrx_word' id='word_1_110' title='bbox 110 715 210 737; x_wconf 84' lang='lat' dir='ltr'><strong>rense</strong></span> <span class='ocrx_word' id='word_1_111' title='bbox 239 704 385 737; x_wconf 83' lang='lat' dir='ltr'><strong>delectos</strong></span> <span class='ocrx_word' id='word_1_112' title='bbox 416 717 503 745; x_wconf 85' lang='lat' dir='ltr'><strong>esse,</strong></span> <span class='ocrx_word' id='word_1_113' title='bbox 537 716 620 747; x_wconf 88' lang='lat' dir='ltr'><strong>quos</strong></span> <span class='ocrx_word' id='word_1_114' title='bbox 644 706 833 748; x_wconf 85' lang='lat' dir='ltr'><strong>sperauerit</strong></span> <span class='ocrx_word' id='word_1_115' title='bbox 861 712 1060 749; x_wconf 85' lang='lat' dir='ltr'><strong>propterea,</strong></span> <span class='ocrx_word' id='word_1_116' title='bbox 1096 704 1188 747; x_wconf 90' lang='lat' dir='ltr'><strong>quod</strong></span> <span class='ocrx_word' id='word_1_117' title='bbox 1210 704 1446 736; x_wconf 85' lang='lat' dir='ltr'><strong>inimicissumi</strong></span> <span class='ocrx_word' id='word_1_118' title='bbox 1467 704 1604 737; x_wconf 88' lang='lat' dir='ltr'><strong>Plancio</strong></span> <span class='ocrx_word' id='word_1_119' title='bbox 1627 712 1756 745; x_wconf 80' lang='lat' dir='ltr'><strong>essent,</strong></span> <span class='ocrx_word' id='word_1_120' title='bbox 1795 717 1893 737; x_wconf 89' lang='lat' dir='ltr'><strong>reum</strong></span> <span class='ocrx_word' id='word_1_121' title='bbox 1916 717 1999 737; x_wconf 87' lang='lat' dir='ltr'><strong>con-</strong></span> 
     </span>
     <span class='ocr_line' id='line_1_12' title="bbox 112 756 1997 800; baseline 0 -12"><span class='ocrx_word' id='word_1_122' title='bbox 112 756 355 800; x_wconf 83' lang='lat' dir='ltr'><strong>dempnaturos</strong></span> <span class='ocrx_word' id='word_1_123' title='bbox 381 768 463 788; x_wconf 87' lang='lat' dir='ltr'><strong>esse.</strong></span> <span class='ocrx_word' id='word_1_124' title='bbox 509 757 741 790; x_wconf 88' lang='lat' dir='ltr'><strong>Uehementer</strong></span> <span class='ocrx_word' id='word_1_125' title='bbox 760 764 874 789; x_wconf 90' lang='lat' dir='ltr'><strong>autem</strong></span> <span class='ocrx_word' id='word_1_126' title='bbox 903 757 1006 789; x_wconf 88' lang='lat' dir='ltr'><strong>falsus</strong></span> <span class='ocrx_word' id='word_1_127' title='bbox 1037 762 1086 788; x_wconf 80' lang='lat' dir='ltr'><strong>est</strong></span> <span class='ocrx_word' id='word_1_128' title='bbox 1106 756 1284 788; x_wconf 74' lang='lat' dir='ltr'><strong>Ernestius</strong></span> <span class='ocrx_word' id='word_1_129' title='bbox 1307 756 1349 787; x_wconf 88' lang='lat' dir='ltr'><strong>ad</strong></span> <span class='ocrx_word' id='word_1_130' title='bbox 1372 757 1462 788; x_wconf 75' lang='lat' dir='ltr'><strong>hunc</strong></span> <span class='ocrx_word' id='word_1_131' title='bbox 1486 757 1615 797; x_wconf 87' lang='lat' dir='ltr'><strong>locum,</strong></span> <span class='ocrx_word' id='word_1_132' title='bbox 1647 758 1853 800; x_wconf 86' lang='lat' dir='ltr'><strong>coniungens</strong></span> <span class='ocrx_word' id='word_1_133' title='bbox 1880 758 1997 798; x_wconf 90' lang='lat' dir='ltr'><strong>uerba,</strong></span> 
     </span>
     <span class='ocr_line' id='line_1_13' title="bbox 111 809 1998 854; baseline 0 -12"><span class='ocrx_word' id='word_1_134' title='bbox 111 821 206 853; x_wconf 78' lang='lat' dir='ltr'><strong>spem</strong></span> <span class='ocrx_word' id='word_1_135' title='bbox 227 811 384 854; x_wconf 71' lang='lat' dir='ltr'><strong>aliquam</strong></span> <span class='ocrx_word' id='word_1_136' title='bbox 406 811 448 842; x_wconf 91' lang='lat' dir='ltr'><strong>de</strong></span> <span class='ocrx_word' id='word_1_137' title='bbox 471 810 633 849; x_wconf 79' lang='lat' dir='ltr'><strong>ciuitate,</strong></span> <span class='ocrx_word' id='word_1_138' title='bbox 658 820 884 852; x_wconf 85' lang='lat' dir='ltr'><strong>monensque:</strong></span> <span class='ocrx_word' id='word_1_139' title='bbox 908 810 1099 852; x_wconf 87' lang='lat' dir='ltr'><strong>„Intellege</strong></span> <span class='ocrx_word' id='word_1_140' title='bbox 1123 809 1164 840; x_wconf 93' lang='lat' dir='ltr'><strong>de</strong></span> <span class='ocrx_word' id='word_1_141' title='bbox 1185 815 1352 852; x_wconf 85' lang='lat' dir='ltr'><strong>potestate</strong></span> <span class='ocrx_word' id='word_1_142' title='bbox 1373 809 1512 841; x_wconf 89' lang='lat' dir='ltr'><strong>testium</strong></span> <span class='ocrx_word' id='word_1_143' title='bbox 1534 821 1579 842; x_wconf 79' lang='lat' dir='ltr'><strong>ex</strong></span> <span class='ocrx_word' id='word_1_144' title='bbox 1600 810 1760 842; x_wconf 90' lang='lat' dir='ltr'><strong>uniuerso</strong></span> <span class='ocrx_word' id='word_1_145' title='bbox 1783 810 1913 854; x_wconf 82' lang='lat' dir='ltr'><strong>populo</strong></span> <span class='ocrx_word' id='word_1_146' title='bbox 1936 810 1998 841; x_wconf 83' lang='lat' dir='ltr'><strong>de-</strong></span> 
     </span>
     <span class='ocr_line' id='line_1_14' title="bbox 111 861 1282 904; baseline 0.001 -12"><span class='ocrx_word' id='word_1_147' title='bbox 111 861 346 904; x_wconf 87' lang='lat' dir='ltr'><strong>ligendorum,</strong></span> <span class='ocrx_word' id='word_1_148' title='bbox 374 874 443 894; x_wconf 89' lang='lat' dir='ltr'><strong>non</strong></span> <span class='ocrx_word' id='word_1_149' title='bbox 467 874 484 894; x_wconf 90' lang='lat' dir='ltr'><strong>e</strong></span> <span class='ocrx_word' id='word_1_150' title='bbox 504 862 660 894; x_wconf 79' lang='lat' dir='ltr'><strong>tribubus</strong></span> <span class='ocrx_word' id='word_1_151' title='bbox 683 862 794 893; x_wconf 87' lang='lat' dir='ltr'><strong>certis.</strong></span> <span class='ocrx_word' id='word_1_152' title='bbox 839 863 915 893; x_wconf 87' lang='lat' dir='ltr'><strong>Hoc</strong></span> <span class='ocrx_word' id='word_1_153' title='bbox 937 861 1027 893; x_wconf 87' lang='lat' dir='ltr'><strong>iufra</strong></span> <span class='ocrx_word' id='word_1_154' title='bbox 1048 863 1137 893; x_wconf 87' lang='lat' dir='ltr'><strong>clare</strong></span> <span class='ocrx_word' id='word_1_155' title='bbox 1159 861 1251 893; x_wconf 80' lang='lat' dir='ltr'><strong>dicit.</strong></span> <span class='ocrx_word' id='word_1_156' title='bbox 1261 864 1282 880; x_wconf 86' lang='lat'><strong>“</strong></span> 
     </span>
    </p>

    <p class='ocr_par' dir='ltr' id='par_1_5' title="bbox 110 912 2000 1061">
     <span class='ocr_line' id='line_1_15' title="bbox 196 912 1999 958; baseline -0.001 -11"><span class='ocrx_word' id='word_1_157' title='bbox 196 914 252 946; x_wconf 81' lang='lat' dir='ltr'><strong>De</strong></span> <span class='ocrx_word' id='word_1_158' title='bbox 275 915 419 947; x_wconf 77' lang='lat' dir='ltr'><strong>ciuitate</strong></span> <span class='ocrx_word' id='word_1_159' title='bbox 441 913 622 958; x_wconf 77' lang='lat' dir='ltr'><strong>delegerit)</strong></span> <span class='ocrx_word' id='word_1_160' title='bbox 666 914 771 945; x_wconf 88' lang='lat' dir='ltr'><strong>Recte</strong></span> <span class='ocrx_word' id='word_1_161' title='bbox 795 913 954 945; x_wconf 90' lang='lat' dir='ltr'><strong>dicuntur</strong></span> <span class='ocrx_word' id='word_1_162' title='bbox 975 913 1103 945; x_wconf 87' lang='lat' dir='ltr'><strong>iudices</strong></span> <span class='ocrx_word' id='word_1_163' title='bbox 1129 914 1169 945; x_wconf 87' lang='lat' dir='ltr'><strong>ab</strong></span> <span class='ocrx_word' id='word_1_164' title='bbox 1193 915 1377 945; x_wconf 85' lang='lat' dir='ltr'><strong>Laterense</strong></span> <span class='ocrx_word' id='word_1_165' title='bbox 1403 912 1446 943; x_wconf 90' lang='lat' dir='ltr'><strong>de</strong></span> <span class='ocrx_word' id='word_1_166' title='bbox 1468 912 1604 945; x_wconf 88' lang='lat' dir='ltr'><strong>ciuitate</strong></span> <span class='ocrx_word' id='word_1_167' title='bbox 1630 914 1750 946; x_wconf 88' lang='lat' dir='ltr'><strong>delecti</strong></span> <span class='ocrx_word' id='word_1_168' title='bbox 1774 926 1858 954; x_wconf 89' lang='lat' dir='ltr'><strong>esse,</strong></span> <span class='ocrx_word' id='word_1_169' title='bbox 1885 926 1999 957; x_wconf 90' lang='lat' dir='ltr'><strong>quon-</strong></span> 
     </span>
     <span class='ocr_line' id='line_1_16' title="bbox 110 965 2000 1010; baseline 0.001 -13"><span class='ocrx_word' id='word_1_170' title='bbox 110 967 178 998; x_wconf 90' lang='lat' dir='ltr'><strong>iam</strong></span> <span class='ocrx_word' id='word_1_171' title='bbox 207 973 395 999; x_wconf 84' lang='lat' dir='ltr'><strong>accussator</strong></span> <span class='ocrx_word' id='word_1_172' title='bbox 419 973 578 1010; x_wconf 81' lang='lat' dir='ltr'><strong>quattuor</strong></span> <span class='ocrx_word' id='word_1_173' title='bbox 598 966 725 1007; x_wconf 87' lang='lat' dir='ltr'><strong>tribus,</strong></span> <span class='ocrx_word' id='word_1_174' title='bbox 761 976 841 1008; x_wconf 88' lang='lat' dir='ltr'><strong>quas</strong></span> <span class='ocrx_word' id='word_1_175' title='bbox 861 966 1080 998; x_wconf 86' lang='lat' dir='ltr'><strong>commodum</strong></span> <span class='ocrx_word' id='word_1_176' title='bbox 1108 965 1238 1005; x_wconf 88' lang='lat' dir='ltr'><strong>fuerat,</strong></span> <span class='ocrx_word' id='word_1_177' title='bbox 1271 965 1424 997; x_wconf 80' lang='lat' dir='ltr'><strong>ediderat</strong></span> <span class='ocrx_word' id='word_1_178' title='bbox 1445 977 1489 998; x_wconf 81' lang='lat' dir='ltr'><strong>ex</strong></span> <span class='ocrx_word' id='word_1_179' title='bbox 1511 966 1620 1008; x_wconf 89' lang='lat' dir='ltr'><strong>iisque</strong></span> <span class='ocrx_word' id='word_1_180' title='bbox 1641 978 1709 998; x_wconf 86' lang='lat' dir='ltr'><strong>una</strong></span> <span class='ocrx_word' id='word_1_181' title='bbox 1730 967 1771 998; x_wconf 89' lang='lat' dir='ltr'><strong>ab</strong></span> <span class='ocrx_word' id='word_1_182' title='bbox 1793 978 1853 999; x_wconf 87' lang='lat' dir='ltr'><strong>reo</strong></span> <span class='ocrx_word' id='word_1_183' title='bbox 1875 967 2000 999; x_wconf 86' lang='lat' dir='ltr'><strong>reiecta</strong></span> 
     </span>
     <span class='ocr_line' id='line_1_17' title="bbox 112 1017 447 1061; baseline 0.003 -12"><span class='ocrx_word' id='word_1_184' title='bbox 112 1017 240 1053; x_wconf 83' lang='lat' dir='ltr'><strong>iudices</strong></span> <span class='ocrx_word' id='word_1_185' title='bbox 268 1019 447 1061; x_wconf 84' lang='lat' dir='ltr'><strong>delegerat.</strong></span> 
     </span>
    </p>

    <p class='ocr_par' dir='ltr' id='par_1_6' title="bbox 109 1070 1999 1792">
     <span class='ocr_line' id='line_1_18' title="bbox 196 1070 1998 1116; baseline -0.001 -13"><span class='ocrx_word' id='word_1_186' title='bbox 196 1071 295 1111; x_wconf 78' lang='lat' dir='ltr'><strong>Quid</strong></span> <span class='ocrx_word' id='word_1_187' title='bbox 316 1073 407 1104; x_wconf 86' lang='lat' dir='ltr'><strong>enim</strong></span> <span class='ocrx_word' id='word_1_188' title='bbox 422 1078 540 1116; x_wconf 76' lang='lat' dir='ltr'><strong>potest</strong></span> <span class='ocrx_word' id='word_1_189' title='bbox 561 1073 693 1112; x_wconf 84' lang='lat' dir='ltr'><strong>dicere,</strong></span> <span class='ocrx_word' id='word_1_190' title='bbox 729 1084 791 1105; x_wconf 79' lang='lat' dir='ltr'><strong>cur</strong></span> <span class='ocrx_word' id='word_1_191' title='bbox 813 1073 882 1104; x_wconf 81' lang='lat' dir='ltr'><strong>ista</strong></span> <span class='ocrx_word' id='word_1_192' title='bbox 906 1072 1012 1104; x_wconf 80' lang='lat' dir='ltr'><strong>editio</strong></span> <span class='ocrx_word' id='word_1_193' title='bbox 1034 1084 1101 1104; x_wconf 87' lang='lat' dir='ltr'><strong>non</strong></span> <span class='ocrx_word' id='word_1_194' title='bbox 1124 1082 1293 1104; x_wconf 79' lang='lat' dir='ltr'><strong>sumniam</strong></span> <span class='ocrx_word' id='word_1_195' title='bbox 1315 1070 1438 1103; x_wconf 75' lang='lat' dir='ltr'><strong>habeat</strong></span> <span class='ocrx_word' id='word_1_196' title='bbox 1461 1070 1695 1113; x_wconf 81' lang='lat' dir='ltr'><strong>acerbitatem)</strong></span> <span class='ocrx_word' id='word_1_197' title='bbox 1739 1071 1795 1103; x_wconf 89' lang='lat' dir='ltr'><strong>Sic</strong></span> <span class='ocrx_word' id='word_1_198' title='bbox 1821 1071 1859 1102; x_wconf 90' lang='lat' dir='ltr'><strong>in</strong></span> <span class='ocrx_word' id='word_1_199' title='bbox 1884 1070 1998 1102; x_wconf 86' lang='lat' dir='ltr'><strong>omni—</strong></span> 
     </span>
     <span class='ocr_line' id='line_1_19' title="bbox 110 1122 1998 1167; baseline 0 -12"><span class='ocrx_word' id='word_1_200' title='bbox 110 1124 172 1156; x_wconf 91' lang='lat' dir='ltr'><strong>bus</strong></span> <span class='ocrx_word' id='word_1_201' title='bbox 203 1124 301 1155; x_wconf 84' lang='lat' dir='ltr'><strong>codd.</strong></span> <span class='ocrx_word' id='word_1_202' title='bbox 332 1124 605 1167; x_wconf 85' lang='lat' dir='ltr'><strong>editionibusque</strong></span> <span class='ocrx_word' id='word_1_203' title='bbox 635 1125 805 1157; x_wconf 85' lang='lat' dir='ltr'><strong>scribitur.</strong></span> <span class='ocrx_word' id='word_1_204' title='bbox 850 1123 1084 1156; x_wconf 75' lang='lat' dir='ltr'><strong>Nihilominus</strong></span> <span class='ocrx_word' id='word_1_205' title='bbox 1115 1135 1176 1165; x_wconf 91' lang='lat' dir='ltr'><strong>ego</strong></span> <span class='ocrx_word' id='word_1_206' title='bbox 1198 1135 1267 1154; x_wconf 88' lang='lat' dir='ltr'><strong>non</strong></span> <span class='ocrx_word' id='word_1_207' title='bbox 1293 1122 1447 1154; x_wconf 78' lang='lat' dir='ltr'><strong>dubitaui</strong></span> <span class='ocrx_word' id='word_1_208' title='bbox 1469 1129 1570 1166; x_wconf 79' lang='lat' dir='ltr'><strong>potes</strong></span> <span class='ocrx_word' id='word_1_209' title='bbox 1596 1123 1777 1166; x_wconf 81' lang='lat' dir='ltr'><strong>corrigere.</strong></span> <span class='ocrx_word' id='word_1_210' title='bbox 1821 1125 1912 1156; x_wconf 88' lang='lat' dir='ltr'><strong>Nam</strong></span> <span class='ocrx_word' id='word_1_211' title='bbox 1935 1123 1998 1155; x_wconf 85' lang='lat' dir='ltr'><strong>etsi</strong></span> 
     </span>
     <span class='ocr_line' id='line_1_20' title="bbox 111 1174 1998 1219; baseline -0.001 -11"><span class='ocrx_word' id='word_1_212' title='bbox 111 1176 146 1208; x_wconf 83' lang='lat' dir='ltr'><strong>in</strong></span> <span class='ocrx_word' id='word_1_213' title='bbox 171 1182 296 1208; x_wconf 87' lang='lat' dir='ltr'><strong>antece.</strong></span> <span class='ocrx_word' id='word_1_214' title='bbox 320 1182 410 1207; x_wconf 88' lang='lat' dir='ltr'><strong>recte</strong></span> <span class='ocrx_word' id='word_1_215' title='bbox 433 1177 568 1209; x_wconf 87' lang='lat' dir='ltr'><strong>Tullius</strong></span> <span class='ocrx_word' id='word_1_216' title='bbox 592 1179 692 1210; x_wconf 85' lang='lat' dir='ltr'><strong>tertia</strong></span> <span class='ocrx_word' id='word_1_217' title='bbox 715 1189 794 1209; x_wconf 90' lang='lat' dir='ltr'><strong>usus</strong></span> <span class='ocrx_word' id='word_1_218' title='bbox 816 1187 962 1219; x_wconf 87' lang='lat' dir='ltr'><strong>persona</strong></span> <span class='ocrx_word' id='word_1_219' title='bbox 984 1175 1025 1206; x_wconf 87' lang='lat' dir='ltr'><strong>de</strong></span> <span class='ocrx_word' id='word_1_220' title='bbox 1046 1176 1231 1207; x_wconf 85' lang='lat' dir='ltr'><strong>Laterense</strong></span> <span class='ocrx_word' id='word_1_221' title='bbox 1256 1175 1388 1206; x_wconf 91' lang='lat' dir='ltr'><strong>locutus</strong></span> <span class='ocrx_word' id='word_1_222' title='bbox 1412 1181 1480 1214; x_wconf 85' lang='lat' dir='ltr'><strong>est,</strong></span> <span class='ocrx_word' id='word_1_223' title='bbox 1516 1181 1698 1218; x_wconf 88' lang='lat' dir='ltr'><strong>propterea</strong></span> <span class='ocrx_word' id='word_1_224' title='bbox 1727 1175 1818 1218; x_wconf 90' lang='lat' dir='ltr'><strong>quod</strong></span> <span class='ocrx_word' id='word_1_225' title='bbox 1838 1175 1882 1206; x_wconf 89' lang='lat' dir='ltr'><strong>ad</strong></span> <span class='ocrx_word' id='word_1_226' title='bbox 1904 1174 1998 1206; x_wconf 78' lang='lat' dir='ltr'><strong>iudi-</strong></span> 
     </span>
     <span class='ocr_line' id='line_1_21' title="bbox 111 1226 1997 1270; baseline -0.001 -10"><span class='ocrx_word' id='word_1_227' title='bbox 111 1240 164 1260; x_wconf 84' lang='lat' dir='ltr'><strong>ces</strong></span> <span class='ocrx_word' id='word_1_228' title='bbox 186 1228 373 1260; x_wconf 86' lang='lat' dir='ltr'><strong>necessario</strong></span> <span class='ocrx_word' id='word_1_229' title='bbox 397 1230 627 1261; x_wconf 86' lang='lat' dir='ltr'><strong>conuertenda</strong></span> <span class='ocrx_word' id='word_1_230' title='bbox 648 1230 757 1262; x_wconf 86' lang='lat' dir='ltr'><strong>oratio</strong></span> <span class='ocrx_word' id='word_1_231' title='bbox 781 1235 868 1268; x_wconf 85' lang='lat' dir='ltr'><strong>erat,</strong></span> <span class='ocrx_word' id='word_1_232' title='bbox 904 1235 1018 1260; x_wconf 88' lang='lat' dir='ltr'><strong>tamen</strong></span> <span class='ocrx_word' id='word_1_233' title='bbox 1041 1239 1132 1259; x_wconf 83' lang='lat' dir='ltr'><strong>nunc</strong></span> <span class='ocrx_word' id='word_1_234' title='bbox 1154 1228 1266 1259; x_wconf 90' lang='lat' dir='ltr'><strong>denuo</strong></span> <span class='ocrx_word' id='word_1_235' title='bbox 1288 1229 1509 1259; x_wconf 86' lang='lat' dir='ltr'><strong>Laterensem</strong></span> <span class='ocrx_word' id='word_1_236' title='bbox 1538 1227 1692 1259; x_wconf 87' lang='lat' dir='ltr'><strong>debuisse</strong></span> <span class='ocrx_word' id='word_1_237' title='bbox 1715 1226 1919 1270; x_wconf 87' lang='lat' dir='ltr'><strong>conpellari,</strong></span> <span class='ocrx_word' id='word_1_238' title='bbox 1953 1237 1997 1259; x_wconf 82' lang='lat' dir='ltr'><strong>ex</strong></span> 
     </span>
     <span class='ocr_line' id='line_1_22' title="bbox 111 1279 1996 1324; baseline -0.001 -12"><span class='ocrx_word' id='word_1_239' title='bbox 111 1292 204 1323; x_wconf 87' lang='lat' dir='ltr'><strong>seqq.</strong></span> <span class='ocrx_word' id='word_1_240' title='bbox 238 1281 293 1313; x_wconf 82' lang='grc' dir='ltr'><strong>Τιι</strong></span> <span class='ocrx_word' id='word_1_241' title='bbox 323 1282 458 1324; x_wconf 75' lang='lat' dir='ltr'><strong>deligas</strong></span> <span class='ocrx_word' id='word_1_242' title='bbox 488 1288 550 1313; x_wconf 87' lang='lat' dir='ltr'><strong>etc.</strong></span> <span class='ocrx_word' id='word_1_243' title='bbox 573 1281 752 1313; x_wconf 86' lang='lat' dir='ltr'><strong>manifesto</strong></span> <span class='ocrx_word' id='word_1_244' title='bbox 783 1287 934 1324; x_wconf 84' lang='lat' dir='ltr'><strong>apparet.</strong></span> <span class='ocrx_word' id='word_1_245' title='bbox 980 1281 1201 1323; x_wconf 87' lang='lat' dir='ltr'><strong>Omninoque</strong></span> <span class='ocrx_word' id='word_1_246' title='bbox 1228 1279 1462 1319; x_wconf 87' lang='lat' dir='ltr'><strong>tenendumst,</strong></span> <span class='ocrx_word' id='word_1_247' title='bbox 1506 1290 1642 1323; x_wconf 86' lang='lat' dir='ltr'><strong>semper</strong></span> <span class='ocrx_word' id='word_1_248' title='bbox 1674 1280 1711 1311; x_wconf 86' lang='lat' dir='ltr'><strong>in</strong></span> <span class='ocrx_word' id='word_1_249' title='bbox 1741 1280 1804 1311; x_wconf 87' lang='lat' dir='ltr'><strong>hac</strong></span> <span class='ocrx_word' id='word_1_250' title='bbox 1831 1279 1996 1318; x_wconf 89' lang='lat' dir='ltr'><strong>oratione,</strong></span> 
     </span>
     <span class='ocr_line' id='line_1_23' title="bbox 111 1331 1996 1375; baseline -0.001 -11"><span class='ocrx_word' id='word_1_251' title='bbox 111 1333 178 1365; x_wconf 85' lang='lat' dir='ltr'><strong>nisi</strong></span> <span class='ocrx_word' id='word_1_252' title='bbox 205 1333 264 1363; x_wconf 87' lang='lat' dir='ltr'><strong>ubi</strong></span> <span class='ocrx_word' id='word_1_253' title='bbox 293 1332 335 1363; x_wconf 90' lang='lat' dir='ltr'><strong>ad</strong></span> <span class='ocrx_word' id='word_1_254' title='bbox 366 1333 492 1365; x_wconf 87' lang='lat' dir='ltr'><strong>iudices</strong></span> <span class='ocrx_word' id='word_1_255' title='bbox 523 1334 678 1365; x_wconf 85' lang='lat' dir='ltr'><strong>conuerti</strong></span> <span class='ocrx_word' id='word_1_256' title='bbox 707 1333 897 1366; x_wconf 88' lang='lat' dir='ltr'><strong>orationem</strong></span> <span class='ocrx_word' id='word_1_257' title='bbox 927 1333 1122 1375; x_wconf 88' lang='lat' dir='ltr'><strong>oportebat,</strong></span> <span class='ocrx_word' id='word_1_258' title='bbox 1157 1333 1311 1364; x_wconf 88' lang='lat' dir='ltr'><strong>Tullium</strong></span> <span class='ocrx_word' id='word_1_259' title='bbox 1335 1333 1555 1364; x_wconf 88' lang='lat' dir='ltr'><strong>Laterensem</strong></span> <span class='ocrx_word' id='word_1_260' title='bbox 1578 1333 1691 1375; x_wconf 87' lang='lat' dir='ltr'><strong>ipsum</strong></span> <span class='ocrx_word' id='word_1_261' title='bbox 1711 1331 1852 1374; x_wconf 90' lang='lat' dir='ltr'><strong>adloqui</strong></span> <span class='ocrx_word' id='word_1_262' title='bbox 1875 1331 1996 1363; x_wconf 87' lang='lat' dir='ltr'><strong>solere.</strong></span> 
     </span>
     <span class='ocr_line' id='line_1_24' title="bbox 112 1383 1998 1429; baseline -0.002 -12"><span class='ocrx_word' id='word_1_263' title='bbox 112 1385 217 1417; x_wconf 86' lang='lat' dir='ltr'><strong>Cuius</strong></span> <span class='ocrx_word' id='word_1_264' title='bbox 242 1385 295 1416; x_wconf 84' lang='lat' dir='ltr'><strong>rei</strong></span> <span class='ocrx_word' id='word_1_265' title='bbox 324 1396 438 1417; x_wconf 86' lang='lat' dir='ltr'><strong>caussa</strong></span> <span class='ocrx_word' id='word_1_266' title='bbox 465 1386 501 1417; x_wconf 88' lang='lat' dir='ltr'><strong>in</strong></span> <span class='ocrx_word' id='word_1_267' title='bbox 524 1393 596 1418; x_wconf 89' lang='lat' dir='ltr'><strong>eost</strong></span> <span class='ocrx_word' id='word_1_268' title='bbox 617 1386 743 1429; x_wconf 83' lang='lat' dir='ltr'><strong>posita,</strong></span> <span class='ocrx_word' id='word_1_269' title='bbox 779 1386 869 1428; x_wconf 91' lang='lat' dir='ltr'><strong>quod</strong></span> <span class='ocrx_word' id='word_1_270' title='bbox 898 1386 1051 1417; x_wconf 88' lang='lat' dir='ltr'><strong>minume</strong></span> <span class='ocrx_word' id='word_1_271' title='bbox 1073 1386 1120 1417; x_wconf 82' lang='lat' dir='ltr'><strong>ita</strong></span> <span class='ocrx_word' id='word_1_272' title='bbox 1141 1386 1361 1416; x_wconf 84' lang='lat' dir='ltr'><strong>Laterensem</strong></span> <span class='ocrx_word' id='word_1_273' title='bbox 1384 1384 1519 1416; x_wconf 84' lang='lat' dir='ltr'><strong>Tullius</strong></span> <span class='ocrx_word' id='word_1_274' title='bbox 1543 1384 1763 1426; x_wconf 86' lang='lat' dir='ltr'><strong>despiciebat,</strong></span> <span class='ocrx_word' id='word_1_275' title='bbox 1797 1389 1836 1415; x_wconf 88' lang='lat' dir='ltr'><strong>ut</strong></span> <span class='ocrx_word' id='word_1_276' title='bbox 1857 1383 1998 1414; x_wconf 85' lang='lat' dir='ltr'><strong>adlocu-</strong></span> 
     </span>
     <span class='ocr_line' id='line_1_25' title="bbox 109 1435 1997 1480; baseline -0.001 -13"><span class='ocrx_word' id='word_1_277' title='bbox 109 1436 203 1468; x_wconf 87' lang='lat' dir='ltr'><strong>tione</strong></span> <span class='ocrx_word' id='word_1_278' title='bbox 227 1448 305 1468; x_wconf 89' lang='lat' dir='ltr'><strong>eum</strong></span> <span class='ocrx_word' id='word_1_279' title='bbox 329 1437 506 1480; x_wconf 84' lang='lat' dir='ltr'><strong>indignum</strong></span> <span class='ocrx_word' id='word_1_280' title='bbox 529 1438 704 1469; x_wconf 87' lang='lat' dir='ltr'><strong>iudicaret.</strong></span> <span class='ocrx_word' id='word_1_281' title='bbox 748 1440 800 1470; x_wconf 87' lang='lat' dir='ltr'><strong>Ea</strong></span> <span class='ocrx_word' id='word_1_282' title='bbox 814 1437 906 1469; x_wconf 85' lang='lat' dir='ltr'><strong>enim</strong></span> <span class='ocrx_word' id='word_1_283' title='bbox 919 1438 990 1469; x_wconf 83' lang='lat' dir='ltr'><strong>sola</strong></span> <span class='ocrx_word' id='word_1_284' title='bbox 1011 1437 1078 1469; x_wconf 86' lang='lat' dir='ltr'><strong>fuit</strong></span> <span class='ocrx_word' id='word_1_285' title='bbox 1098 1449 1221 1476; x_wconf 81' lang='lat' dir='ltr'><strong>caussa,</strong></span> <span class='ocrx_word' id='word_1_286' title='bbox 1249 1437 1290 1468; x_wconf 92' lang='lat' dir='ltr'><strong>ob</strong></span> <span class='ocrx_word' id='word_1_287' title='bbox 1315 1448 1416 1479; x_wconf 84' lang='lat' dir='ltr'><strong>quam</strong></span> <span class='ocrx_word' id='word_1_288' title='bbox 1437 1437 1473 1468; x_wconf 89' lang='lat' dir='ltr'><strong>in</strong></span> <span class='ocrx_word' id='word_1_289' title='bbox 1497 1436 1705 1468; x_wconf 81' lang='lat' dir='ltr'><strong>orationibus</strong></span> <span class='ocrx_word' id='word_1_290' title='bbox 1720 1436 1845 1476; x_wconf 85' lang='lat' dir='ltr'><strong>Pison.,</strong></span> <span class='ocrx_word' id='word_1_291' title='bbox 1871 1435 1997 1476; x_wconf 69' lang='lat' dir='ltr'><strong>Catill„</strong></span> 
     </span>
     <span class='ocr_line' id='line_1_26' title="bbox 113 1488 1999 1532; baseline 0 -12"><span class='ocrx_word' id='word_1_292' title='bbox 113 1496 146 1521; x_wconf 87' lang='lat' dir='ltr'><strong>et</strong></span> <span class='ocrx_word' id='word_1_293' title='bbox 172 1490 324 1522; x_wconf 87' lang='lat' dir='ltr'><strong>Uerrinis</strong></span> <span class='ocrx_word' id='word_1_294' title='bbox 357 1490 398 1520; x_wconf 88' lang='lat' dir='ltr'><strong>de</strong></span> <span class='ocrx_word' id='word_1_295' title='bbox 421 1491 561 1529; x_wconf 88' lang='lat' dir='ltr'><strong>Pisone,</strong></span> <span class='ocrx_word' id='word_1_296' title='bbox 597 1490 759 1531; x_wconf 80' lang='lat' dir='ltr'><strong>Catilina,</strong></span> <span class='ocrx_word' id='word_1_297' title='bbox 793 1497 827 1522; x_wconf 87' lang='lat' dir='ltr'><strong>et</strong></span> <span class='ocrx_word' id='word_1_298' title='bbox 849 1491 960 1523; x_wconf 86' lang='lat' dir='ltr'><strong>Uerre</strong></span> <span class='ocrx_word' id='word_1_299' title='bbox 988 1489 1193 1531; x_wconf 85' lang='lat' dir='ltr'><strong>saepissume</strong></span> <span class='ocrx_word' id='word_1_300' title='bbox 1217 1489 1318 1520; x_wconf 82' lang='lat' dir='ltr'><strong>tertia</strong></span> <span class='ocrx_word' id='word_1_301' title='bbox 1343 1501 1422 1520; x_wconf 91' lang='lat' dir='ltr'><strong>usus</strong></span> <span class='ocrx_word' id='word_1_302' title='bbox 1451 1499 1597 1532; x_wconf 86' lang='lat' dir='ltr'><strong>persona</strong></span> <span class='ocrx_word' id='word_1_303' title='bbox 1623 1489 1754 1519; x_wconf 90' lang='lat' dir='ltr'><strong>locutus</strong></span> <span class='ocrx_word' id='word_1_304' title='bbox 1777 1493 1838 1519; x_wconf 87' lang='lat' dir='ltr'><strong>est.</strong></span> <span class='ocrx_word' id='word_1_305' title='bbox 1883 1488 1999 1530; x_wconf 87' lang='lat' dir='ltr'><strong>Quam</strong></span> 
     </span>
     <span class='ocr_line' id='line_1_27' title="bbox 110 1540 1997 1586; baseline 0.001 -13"><span class='ocrx_word' id='word_1_306' title='bbox 110 1541 209 1574; x_wconf 86' lang='lat' dir='ltr'><strong>facile</strong></span> <span class='ocrx_word' id='word_1_307' title='bbox 238 1549 351 1574; x_wconf 88' lang='lat' dir='ltr'><strong>autem</strong></span> <span class='ocrx_word' id='word_1_308' title='bbox 377 1549 495 1586; x_wconf 78' lang='lat' dir='ltr'><strong>potes,</strong></span> <span class='ocrx_word' id='word_1_309' title='bbox 531 1543 732 1586; x_wconf 85' lang='lat' dir='ltr'><strong>praesertim</strong></span> <span class='ocrx_word' id='word_1_310' title='bbox 760 1548 921 1584; x_wconf 87' lang='lat' dir='ltr'><strong>sequente</strong></span> <span class='ocrx_word' id='word_1_311' title='bbox 950 1553 984 1572; x_wconf 90' lang='lat' dir='ltr'><strong>u.</strong></span> <span class='ocrx_word' id='word_1_312' title='bbox 1017 1543 1148 1580; x_wconf 78' lang='lat' dir='ltr'><strong>dicere,</strong></span> <span class='ocrx_word' id='word_1_313' title='bbox 1183 1541 1218 1572; x_wconf 91' lang='lat' dir='ltr'><strong>in</strong></span> <span class='ocrx_word' id='word_1_314' title='bbox 1237 1547 1352 1585; x_wconf 70' lang='lat' dir='ltr'><strong>potest</strong></span> <span class='ocrx_word' id='word_1_315' title='bbox 1378 1542 1529 1584; x_wconf 89' lang='lat' dir='ltr'><strong>potuerit</strong></span> <span class='ocrx_word' id='word_1_316' title='bbox 1551 1540 1695 1579; x_wconf 81' lang='lat' dir='ltr'><strong>mutari,</strong></span> <span class='ocrx_word' id='word_1_317' title='bbox 1729 1551 1845 1573; x_wconf 86' lang='lat' dir='ltr'><strong>omnes</strong></span> <span class='ocrx_word' id='word_1_318' title='bbox 1868 1541 1997 1574; x_wconf 83' lang='lat' dir='ltr'><strong>uident-</strong></span> 
     </span>
     <span class='ocr_line' id='line_1_28' title="bbox 112 1593 1998 1638; baseline 0 -12"><span class='ocrx_word' id='word_1_319' title='bbox 112 1594 168 1626; x_wconf 84' lang='lat' dir='ltr'><strong>Sic</strong></span> <span class='ocrx_word' id='word_1_320' title='bbox 195 1593 284 1625; x_wconf 87' lang='lat' dir='ltr'><strong>infra</strong></span> <span class='ocrx_word' id='word_1_321' title='bbox 313 1596 342 1636; x_wconf 84' lang='grc'><strong>3.</strong></span> <span class='ocrx_word' id='word_1_322' title='bbox 368 1606 396 1636; x_wconf 83' lang='lat'><strong>7.</strong></span> <span class='ocrx_word' id='word_1_323' title='bbox 425 1596 517 1627; x_wconf 67' lang='lat' dir='ltr'><strong>nillil</strong></span> <span class='ocrx_word' id='word_1_324' title='bbox 536 1601 638 1638; x_wconf 77' lang='lat' dir='ltr'><strong>potes</strong></span> <span class='ocrx_word' id='word_1_325' title='bbox 669 1596 705 1626; x_wconf 76' lang='lat' dir='ltr'><strong>in</strong></span> <span class='ocrx_word' id='word_1_326' title='bbox 729 1601 761 1627; x_wconf 83' lang='lat' dir='ltr'><strong>te</strong></span> <span class='ocrx_word' id='word_1_327' title='bbox 782 1595 939 1638; x_wconf 85' lang='lat' dir='ltr'><strong>plerique</strong></span> <span class='ocrx_word' id='word_1_328' title='bbox 965 1593 1064 1624; x_wconf 88' lang='lat' dir='ltr'><strong>codd.</strong></span> <span class='ocrx_word' id='word_1_329' title='bbox 1094 1593 1217 1625; x_wconf 83' lang='lat' dir='ltr'><strong>uitiose</strong></span> <span class='ocrx_word' id='word_1_330' title='bbox 1244 1600 1358 1636; x_wconf 79' lang='lat' dir='ltr'><strong>potest</strong></span> <span class='ocrx_word' id='word_1_331' title='bbox 1386 1594 1549 1625; x_wconf 86' lang='lat' dir='ltr'><strong>scribunt.</strong></span> <span class='ocrx_word' id='word_1_332' title='bbox 1595 1594 1756 1625; x_wconf 86' lang='lat' dir='ltr'><strong>Ceterum</strong></span> <span class='ocrx_word' id='word_1_333' title='bbox 1784 1604 1900 1625; x_wconf 89' lang='lat' dir='ltr'><strong>sensus</strong></span> <span class='ocrx_word' id='word_1_334' title='bbox 1929 1598 1998 1626; x_wconf 70' lang='lat' dir='ltr'><strong>estz</strong></span> 
     </span>
     <span class='ocr_line' id='line_1_29' title="bbox 117 1645 1999 1687; baseline 0 -10"><span class='ocrx_word' id='word_1_335' title='bbox 117 1646 278 1677; x_wconf 89' lang='lat' dir='ltr'><strong>concedas</strong></span> <span class='ocrx_word' id='word_1_336' title='bbox 302 1654 484 1686; x_wconf 88' lang='lat' dir='ltr'><strong>necessest,</strong></span> <span class='ocrx_word' id='word_1_337' title='bbox 529 1648 740 1686; x_wconf 86' lang='lat' dir='ltr'><strong>Laterensis,</strong></span> <span class='ocrx_word' id='word_1_338' title='bbox 785 1647 1046 1677; x_wconf 80' lang='lat' dir='ltr'><strong>acerbissumam</strong></span> <span class='ocrx_word' id='word_1_339' title='bbox 1067 1645 1166 1677; x_wconf 85' lang='lat' dir='ltr'><strong>istam</strong></span> <span class='ocrx_word' id='word_1_340' title='bbox 1189 1646 1341 1677; x_wconf 89' lang='lat' dir='ltr'><strong>tribuum</strong></span> <span class='ocrx_word' id='word_1_341' title='bbox 1365 1646 1550 1677; x_wconf 89' lang='lat' dir='ltr'><strong>editionem</strong></span> <span class='ocrx_word' id='word_1_342' title='bbox 1573 1658 1660 1686; x_wconf 89' lang='lat' dir='ltr'><strong>esse,</strong></span> <span class='ocrx_word' id='word_1_343' title='bbox 1691 1657 1776 1687; x_wconf 90' lang='lat' dir='ltr'><strong>quae</strong></span> <span class='ocrx_word' id='word_1_344' title='bbox 1797 1645 1999 1677; x_wconf 84' lang='lat' dir='ltr'><strong>accussatori</strong></span> 
     </span>
     <span class='ocr_line' id='line_1_30' title="bbox 112 1697 1997 1741; baseline -0.001 -12"><span class='ocrx_word' id='word_1_345' title='bbox 112 1699 186 1740; x_wconf 87' lang='lat' dir='ltr'><strong>lege</strong></span> <span class='ocrx_word' id='word_1_346' title='bbox 207 1698 341 1730; x_wconf 88' lang='lat' dir='ltr'><strong>Licinia</strong></span> <span class='ocrx_word' id='word_1_347' title='bbox 365 1700 584 1738; x_wconf 85' lang='lat' dir='ltr'><strong>concedatur,</strong></span> <span class='ocrx_word' id='word_1_348' title='bbox 621 1699 649 1731; x_wconf 93' lang='lat' dir='ltr'><strong>si</strong></span> <span class='ocrx_word' id='word_1_349' title='bbox 673 1711 756 1741; x_wconf 87' lang='lat' dir='ltr'><strong>quos</strong></span> <span class='ocrx_word' id='word_1_350' title='bbox 779 1698 1029 1730; x_wconf 86' lang='lat' dir='ltr'><strong>commodumst</strong></span> <span class='ocrx_word' id='word_1_351' title='bbox 1052 1698 1196 1737; x_wconf 89' lang='lat' dir='ltr'><strong>iudices,</strong></span> <span class='ocrx_word' id='word_1_352' title='bbox 1231 1709 1382 1741; x_wconf 89' lang='lat' dir='ltr'><strong>quosque</strong></span> <span class='ocrx_word' id='word_1_353' title='bbox 1402 1704 1462 1729; x_wconf 91' lang='lat' dir='ltr'><strong>aut</strong></span> <span class='ocrx_word' id='word_1_354' title='bbox 1484 1698 1608 1730; x_wconf 82' lang='lat' dir='ltr'><strong>amicos</strong></span> <span class='ocrx_word' id='word_1_355' title='bbox 1631 1704 1726 1738; x_wconf 89' lang='lat' dir='ltr'><strong>tuos,</strong></span> <span class='ocrx_word' id='word_1_356' title='bbox 1762 1703 1820 1728; x_wconf 85' lang='lat' dir='ltr'><strong>aut</strong></span> <span class='ocrx_word' id='word_1_357' title='bbox 1841 1697 1997 1729; x_wconf 85' lang='lat' dir='ltr'><strong>inimicos</strong></span> 
     </span>
     <span class='ocr_line' id='line_1_31' title="bbox 111 1750 969 1792; baseline 0 -11"><span class='ocrx_word' id='word_1_358' title='bbox 111 1750 177 1791; x_wconf 89' lang='lat' dir='ltr'><strong>rei,</strong></span> <span class='ocrx_word' id='word_1_359' title='bbox 201 1757 260 1781; x_wconf 87' lang='lat' dir='ltr'><strong>aut</strong></span> <span class='ocrx_word' id='word_1_360' title='bbox 284 1751 423 1782; x_wconf 88' lang='lat' dir='ltr'><strong>omnino</strong></span> <span class='ocrx_word' id='word_1_361' title='bbox 447 1751 592 1783; x_wconf 85' lang='lat' dir='ltr'><strong>crudelis</strong></span> <span class='ocrx_word' id='word_1_362' title='bbox 616 1752 816 1790; x_wconf 78' lang='lat' dir='ltr'><strong>existumas,</strong></span> <span class='ocrx_word' id='word_1_363' title='bbox 839 1750 969 1792; x_wconf 81' lang='lat' dir='ltr'><strong>deligis.</strong></span> 
     </span>
    </p>

    <p class='ocr_par' dir='ltr' id='par_1_7' title="bbox 112 1801 1998 1898">
     <span class='ocr_line' id='line_1_32' title="bbox 198 1801 1998 1847; baseline -0.002 -12"><span class='ocrx_word' id='word_1_364' title='bbox 198 1804 346 1838; x_wconf 78' lang='lat' dir='ltr'><strong>Remota</strong></span> <span class='ocrx_word' id='word_1_365' title='bbox 379 1805 514 1836; x_wconf 77' lang='lat' dir='ltr'><strong>ratione</strong></span> <span class='ocrx_word' id='word_1_366' title='bbox 545 1805 626 1843; x_wconf 79' lang='lat' dir='ltr'><strong>illa,</strong></span> <span class='ocrx_word' id='word_1_367' title='bbox 665 1816 769 1847; x_wconf 76' lang='lat' dir='ltr'><strong>quam</strong></span> <span class='ocrx_word' id='word_1_368' title='bbox 798 1805 834 1835; x_wconf 82' lang='lat' dir='ltr'><strong>in</strong></span> <span class='ocrx_word' id='word_1_369' title='bbox 862 1802 1071 1835; x_wconf 81' lang='lat' dir='ltr'><strong>decernendo</strong></span> <span class='ocrx_word' id='word_1_370' title='bbox 1098 1803 1207 1834; x_wconf 78' lang='lat' dir='ltr'><strong>secuti</strong></span> <span class='ocrx_word' id='word_1_371' title='bbox 1234 1802 1366 1844; x_wconf 78' lang='lat' dir='ltr'><strong>sumus)</strong></span> <span class='ocrx_word' id='word_1_372' title='bbox 1409 1802 1487 1835; x_wconf 88' lang='lat' dir='ltr'><strong>Nisi</strong></span> <span class='ocrx_word' id='word_1_373' title='bbox 1513 1813 1570 1834; x_wconf 88' lang='lat' dir='ltr'><strong>eae</strong></span> <span class='ocrx_word' id='word_1_374' title='bbox 1592 1803 1701 1835; x_wconf 87' lang='lat' dir='ltr'><strong>tribus</strong></span> <span class='ocrx_word' id='word_1_375' title='bbox 1725 1801 1766 1833; x_wconf 89' lang='lat' dir='ltr'><strong>ab</strong></span> <span class='ocrx_word' id='word_1_376' title='bbox 1788 1805 1998 1832; x_wconf 72' lang='lat' dir='ltr'><strong>accussatore</strong></span> 
     </span>
     <span class='ocr_line' id='line_1_33' title="bbox 112 1853 1021 1898; baseline 0 -13"><span class='ocrx_word' id='word_1_377' title='bbox 112 1853 278 1893; x_wconf 81' lang='lat' dir='ltr'><strong>eduntur,</strong></span> <span class='ocrx_word' id='word_1_378' title='bbox 305 1866 387 1896; x_wconf 84' lang='lat' dir='ltr'><strong>quas</strong></span> <span class='ocrx_word' id='word_1_379' title='bbox 410 1856 589 1898; x_wconf 87' lang='lat' dir='ltr'><strong>largitione</strong></span> <span class='ocrx_word' id='word_1_380' title='bbox 613 1862 788 1898; x_wconf 84' lang='lat' dir='ltr'><strong>corruptas</strong></span> <span class='ocrx_word' id='word_1_381' title='bbox 810 1855 1021 1885; x_wconf 84' lang='lat' dir='ltr'><strong>criminatur.</strong></span> 
     </span>
    </p>

    <p class='ocr_par' dir='ltr' id='par_1_8' title="bbox 111 1903 2002 2473">
     <span class='ocr_line' id='line_1_34' title="bbox 199 1903 2000 1952; baseline -0.001 -15"><span class='ocrx_word' id='word_1_382' title='bbox 199 1907 229 1948; x_wconf 84' lang='lat'><strong>§.</strong></span> <span class='ocrx_word' id='word_1_383' title='bbox 241 1907 293 1938; x_wconf 82' lang='lat'><strong>40.</strong></span> <span class='ocrx_word' id='word_1_384' title='bbox 321 1908 374 1939; x_wconf 73' lang='lat' dir='ltr'><strong>Tu</strong></span> <span class='ocrx_word' id='word_1_385' title='bbox 399 1908 534 1952; x_wconf 77' lang='lat' dir='ltr'><strong>deligas</strong></span> <span class='ocrx_word' id='word_1_386' title='bbox 545 1927 587 1932; x_wconf 92' lang='lat'><strong>—</strong></span> <span class='ocrx_word' id='word_1_387' title='bbox 599 1921 702 1952; x_wconf 80' lang='lat' dir='ltr'><strong>cogas</strong></span> <span class='ocrx_word' id='word_1_388' title='bbox 729 1919 885 1940; x_wconf 79' lang='lat' dir='ltr'><strong>caussam</strong></span> <span class='ocrx_word' id='word_1_389' title='bbox 898 1907 940 1938; x_wconf 87' lang='lat' dir='ltr'><strong>de</strong></span> <span class='ocrx_word' id='word_1_390' title='bbox 949 1906 1111 1950; x_wconf 76' lang='lat' dir='ltr'><strong>fortunis</strong></span> <span class='ocrx_word' id='word_1_391' title='bbox 1124 1907 1280 1939; x_wconf 76' lang='lat' dir='ltr'><strong>omnibns</strong></span> <span class='ocrx_word' id='word_1_392' title='bbox 1295 1907 1409 1939; x_wconf 83' lang='lat' dir='ltr'><strong>dicere</strong></span> <span class='ocrx_word' id='word_1_393' title='bbox 1417 1907 1449 1950; x_wconf 73' lang='grc' dir='ltr'><strong>Ρ)</strong></span> <span class='ocrx_word' id='word_1_394' title='bbox 1473 1905 1606 1939; x_wconf 86' lang='lat' dir='ltr'><strong>Offensi</strong></span> <span class='ocrx_word' id='word_1_395' title='bbox 1621 1903 1916 1937; x_wconf 87' lang='lat' dir='ltr'><strong>hoc·coniunctiuo</strong></span> <span class='ocrx_word' id='word_1_396' title='bbox 1930 1903 2000 1936; x_wconf 82' lang='lat' dir='ltr'><strong>uiri</strong></span> 
     </span>
     <span class='ocr_line' id='line_1_35' title="bbox 113 1957 1999 2002; baseline -0.001 -12"><span class='ocrx_word' id='word_1_397' title='bbox 113 1957 252 2001; x_wconf 87' lang='lat' dir='ltr'><strong>quidam</strong></span> <span class='ocrx_word' id='word_1_398' title='bbox 276 1958 366 1989; x_wconf 83' lang='lat' dir='ltr'><strong>docti</strong></span> <span class='ocrx_word' id='word_1_399' title='bbox 388 1967 484 1999; x_wconf 88' lang='lat' dir='ltr'><strong>sunt,</strong></span> <span class='ocrx_word' id='word_1_400' title='bbox 521 1961 592 1991; x_wconf 84' lang='lat' dir='ltr'><strong>sine</strong></span> <span class='ocrx_word' id='word_1_401' title='bbox 617 1961 719 1991; x_wconf 84' lang='lat' dir='ltr'><strong>dubio</strong></span> <span class='ocrx_word' id='word_1_402' title='bbox 743 1965 945 2002; x_wconf 85' lang='lat' dir='ltr'><strong>propterea,</strong></span> <span class='ocrx_word' id='word_1_403' title='bbox 980 1958 1071 2000; x_wconf 89' lang='lat' dir='ltr'><strong>quod</strong></span> <span class='ocrx_word' id='word_1_404' title='bbox 1094 1970 1160 2000; x_wconf 93' lang='lat' dir='ltr'><strong>quo</strong></span> <span class='ocrx_word' id='word_1_405' title='bbox 1184 1959 1288 1990; x_wconf 90' lang='lat' dir='ltr'><strong>uerbo</strong></span> <span class='ocrx_word' id='word_1_406' title='bbox 1314 1959 1473 1990; x_wconf 78' lang='lat' dir='ltr'><strong>auxiliari</strong></span> <span class='ocrx_word' id='word_1_407' title='bbox 1495 1970 1557 1991; x_wconf 89' lang='lat' dir='ltr'><strong>nos</strong></span> <span class='ocrx_word' id='word_1_408' title='bbox 1580 1958 1622 1989; x_wconf 86' lang='lat' dir='ltr'><strong>ad</strong></span> <span class='ocrx_word' id='word_1_409' title='bbox 1645 1957 1904 2000; x_wconf 85' lang='lat' dir='ltr'><strong>exprimendam</strong></span> <span class='ocrx_word' id='word_1_410' title='bbox 1925 1957 1999 1989; x_wconf 86' lang='lat' dir='ltr'><strong>uim</strong></span> 
     </span>
     <span class='ocr_line' id='line_1_36' title="bbox 111 2010 1999 2054; baseline -0.001 -12"><span class='ocrx_word' id='word_1_411' title='bbox 111 2011 242 2053; x_wconf 80' lang='lat' dir='ltr'><strong>primae</strong></span> <span class='ocrx_word' id='word_1_412' title='bbox 264 2022 428 2053; x_wconf 76' lang='lat' dir='ltr'><strong>personae</strong></span> <span class='ocrx_word' id='word_1_413' title='bbox 454 2013 554 2044; x_wconf 89' lang='lat' dir='ltr'><strong>huius</strong></span> <span class='ocrx_word' id='word_1_414' title='bbox 578 2012 786 2044; x_wconf 85' lang='lat' dir='ltr'><strong>coniunctiui</strong></span> <span class='ocrx_word' id='word_1_415' title='bbox 806 2011 1017 2053; x_wconf 83' lang='lat' dir='ltr'><strong>potentialis,</strong></span> <span class='ocrx_word' id='word_1_416' title='bbox 1047 2010 1084 2041; x_wconf 87' lang='lat' dir='ltr'><strong>in</strong></span> <span class='ocrx_word' id='word_1_417' title='bbox 1106 2010 1372 2052; x_wconf 82' lang='lat' dir='ltr'><strong>interrogatione</strong></span> <span class='ocrx_word' id='word_1_418' title='bbox 1394 2011 1517 2053; x_wconf 83' lang='lat' dir='ltr'><strong>positi,</strong></span> <span class='ocrx_word' id='word_1_419' title='bbox 1550 2011 1601 2042; x_wconf 90' lang='lat' dir='ltr'><strong>uti</strong></span> <span class='ocrx_word' id='word_1_420' title='bbox 1623 2011 1787 2050; x_wconf 88' lang='lat' dir='ltr'><strong>solemus,</strong></span> <span class='ocrx_word' id='word_1_421' title='bbox 1820 2010 1856 2041; x_wconf 91' lang='lat' dir='ltr'><strong>id</strong></span> <span class='ocrx_word' id='word_1_422' title='bbox 1876 2021 1999 2054; x_wconf 89' lang='lat' dir='ltr'><strong>parum</strong></span> 
     </span>
     <span class='ocr_line' id='line_1_37' title="bbox 112 2062 1999 2106; baseline -0.001 -11"><span class='ocrx_word' id='word_1_423' title='bbox 112 2070 232 2106; x_wconf 88' lang='lat' dir='ltr'><strong>aptum</strong></span> <span class='ocrx_word' id='word_1_424' title='bbox 256 2063 335 2095; x_wconf 89' lang='lat' dir='ltr'><strong>huic</strong></span> <span class='ocrx_word' id='word_1_425' title='bbox 361 2064 435 2095; x_wconf 88' lang='lat' dir='ltr'><strong>loco</strong></span> <span class='ocrx_word' id='word_1_426' title='bbox 458 2065 639 2095; x_wconf 83' lang='lat' dir='ltr'><strong>uidebatur</strong></span> <span class='ocrx_word' id='word_1_427' title='bbox 662 2076 743 2096; x_wconf 86' lang='lat' dir='ltr'><strong>esse.</strong></span> <span class='ocrx_word' id='word_1_428' title='bbox 789 2064 921 2096; x_wconf 88' lang='lat' dir='ltr'><strong>Uerum</strong></span> <span class='ocrx_word' id='word_1_429' title='bbox 950 2074 1155 2104; x_wconf 83' lang='lat' dir='ltr'><strong>quamquam</strong></span> <span class='ocrx_word' id='word_1_430' title='bbox 1185 2063 1334 2093; x_wconf 85' lang='lat' dir='ltr'><strong>eademst</strong></span> <span class='ocrx_word' id='word_1_431' title='bbox 1361 2063 1488 2104; x_wconf 87' lang='lat' dir='ltr'><strong>ubique</strong></span> <span class='ocrx_word' id='word_1_432' title='bbox 1514 2062 1615 2094; x_wconf 88' lang='lat' dir='ltr'><strong>huius</strong></span> <span class='ocrx_word' id='word_1_433' title='bbox 1646 2062 1854 2094; x_wconf 87' lang='lat' dir='ltr'><strong>coniunctiui</strong></span> <span class='ocrx_word' id='word_1_434' title='bbox 1875 2068 1999 2104; x_wconf 89' lang='lat' dir='ltr'><strong>poten-</strong></span> 
     </span>
     <span class='ocr_line' id='line_1_38' title="bbox 113 2113 1999 2159; baseline -0.002 -12"><span class='ocrx_word' id='word_1_435' title='bbox 113 2116 202 2148; x_wconf 87' lang='lat' dir='ltr'><strong>tialis</strong></span> <span class='ocrx_word' id='word_1_436' title='bbox 233 2116 336 2156; x_wconf 90' lang='lat' dir='ltr'><strong>ratio,</strong></span> <span class='ocrx_word' id='word_1_437' title='bbox 376 2116 448 2147; x_wconf 86' lang='lat' dir='ltr'><strong>siue</strong></span> <span class='ocrx_word' id='word_1_438' title='bbox 475 2117 587 2159; x_wconf 84' lang='lat' dir='ltr'><strong>prima</strong></span> <span class='ocrx_word' id='word_1_439' title='bbox 616 2117 687 2148; x_wconf 89' lang='lat' dir='ltr'><strong>siue</strong></span> <span class='ocrx_word' id='word_1_440' title='bbox 710 2115 855 2148; x_wconf 84' lang='lat' dir='ltr'><strong>secunda</strong></span> <span class='ocrx_word' id='word_1_441' title='bbox 877 2126 1022 2157; x_wconf 87' lang='lat' dir='ltr'><strong>persona</strong></span> <span class='ocrx_word' id='word_1_442' title='bbox 1052 2115 1209 2156; x_wconf 86' lang='lat' dir='ltr'><strong>positast,</strong></span> <span class='ocrx_word' id='word_1_443' title='bbox 1245 2114 1431 2145; x_wconf 87' lang='lat' dir='ltr'><strong>tenendum</strong></span> <span class='ocrx_word' id='word_1_444' title='bbox 1454 2120 1586 2153; x_wconf 85' lang='lat' dir='ltr'><strong>tamen,</strong></span> <span class='ocrx_word' id='word_1_445' title='bbox 1615 2115 1702 2146; x_wconf 89' lang='lat' dir='ltr'><strong>hanc</strong></span> <span class='ocrx_word' id='word_1_446' title='bbox 1721 2113 1903 2146; x_wconf 87' lang='lat' dir='ltr'><strong>secundam</strong></span> <span class='ocrx_word' id='word_1_447' title='bbox 1927 2113 1999 2145; x_wconf 79' lang='lat' dir='ltr'><strong>eius</strong></span> 
     </span>
     <span class='ocr_line' id='line_1_39' title="bbox 114 2164 1997 2211; baseline -0.002 -11"><span class='ocrx_word' id='word_1_448' title='bbox 114 2180 295 2211; x_wconf 83' lang='lat' dir='ltr'><strong>personam</strong></span> <span class='ocrx_word' id='word_1_449' title='bbox 319 2169 502 2210; x_wconf 87' lang='lat' dir='ltr'><strong>aptissume</strong></span> <span class='ocrx_word' id='word_1_450' title='bbox 524 2180 623 2211; x_wconf 86' lang='lat' dir='ltr'><strong>saepe</strong></span> <span class='ocrx_word' id='word_1_451' title='bbox 645 2180 664 2199; x_wconf 89' lang='lat' dir='ltr'><strong>a</strong></span> <span class='ocrx_word' id='word_1_452' title='bbox 678 2168 775 2199; x_wconf 92' lang='lat' dir='ltr'><strong>nobis</strong></span> <span class='ocrx_word' id='word_1_453' title='bbox 799 2167 905 2198; x_wconf 86' lang='lat' dir='ltr'><strong>uerbo</strong></span> <span class='ocrx_word' id='word_1_454' title='bbox 928 2168 1069 2199; x_wconf 75' lang='lat' dir='ltr'><strong>uolendi</strong></span> <span class='ocrx_word' id='word_1_455' title='bbox 1091 2166 1152 2209; x_wconf 75' lang='lat' dir='ltr'><strong>(da</strong></span> <span class='ocrx_word' id='word_1_456' title='bbox 1175 2168 1283 2199; x_wconf 77' lang='lat' dir='ltr'><strong>willst</strong></span> <span class='ocrx_word' id='word_1_457' title='bbox 1306 2186 1345 2191; x_wconf 97' lang='lat'><strong>—</strong></span> <span class='ocrx_word' id='word_1_458' title='bbox 1371 2168 1567 2209; x_wconf 71' lang='lat' dir='ltr'><strong>auslesenP)</strong></span> <span class='ocrx_word' id='word_1_459' title='bbox 1590 2167 1688 2198; x_wconf 83' lang='lat' dir='ltr'><strong>reddi</strong></span> <span class='ocrx_word' id='word_1_460' title='bbox 1709 2178 1820 2210; x_wconf 89' lang='lat' dir='ltr'><strong>posse.</strong></span> <span class='ocrx_word' id='word_1_461' title='bbox 1865 2164 1936 2197; x_wconf 83' lang='lat' dir='ltr'><strong>Cfr.</strong></span> <span class='ocrx_word' id='word_1_462' title='bbox 1953 2165 1997 2196; x_wconf 87' lang='lat' dir='ltr'><strong>H.</strong></span> 
     </span>
     <span class='ocr_line' id='line_1_40' title="bbox 114 2218 1998 2264; baseline -0.003 -11"><span class='ocrx_word' id='word_1_463' title='bbox 114 2225 152 2254; x_wconf 87' lang='lat' dir='ltr'><strong>in</strong></span> <span class='ocrx_word' id='word_1_464' title='bbox 174 2221 274 2253; x_wconf 84' lang='lat' dir='ltr'><strong>Catil.</strong></span> <span class='ocrx_word' id='word_1_465' title='bbox 297 2221 400 2260; x_wconf 89' lang='lat' dir='ltr'><strong>VIII,</strong></span> <span class='ocrx_word' id='word_1_466' title='bbox 428 2221 476 2252; x_wconf 86' lang='lat'><strong>18.</strong></span> <span class='ocrx_word' id='word_1_467' title='bbox 508 2221 562 2253; x_wconf 72' lang='grc' dir='ltr'><strong>Τιι</strong></span> <span class='ocrx_word' id='word_1_468' title='bbox 586 2222 701 2264; x_wconf 83' lang='lat' dir='ltr'><strong>agris,</strong></span> <span class='ocrx_word' id='word_1_469' title='bbox 728 2227 766 2253; x_wconf 77' lang='lat' dir='ltr'><strong>tn</strong></span> <span class='ocrx_word' id='word_1_470' title='bbox 789 2218 981 2262; x_wconf 67' lang='lat' dir='ltr'><strong>aedificiis,</strong></span> <span class='ocrx_word' id='word_1_471' title='bbox 1004 2224 1043 2251; x_wconf 72' lang='lat' dir='ltr'><strong>ta</strong></span> <span class='ocrx_word' id='word_1_472' title='bbox 1065 2225 1231 2261; x_wconf 81' lang='lat' dir='ltr'><strong>argento,</strong></span> <span class='ocrx_word' id='word_1_473' title='bbox 1257 2225 1295 2250; x_wconf 74' lang='lat' dir='ltr'><strong>tn</strong></span> <span class='ocrx_word' id='word_1_474' title='bbox 1309 2218 1470 2262; x_wconf 84' lang='lat' dir='ltr'><strong>familia,</strong></span> <span class='ocrx_word' id='word_1_475' title='bbox 1495 2225 1535 2251; x_wconf 74' lang='lat' dir='ltr'><strong>tn</strong></span> <span class='ocrx_word' id='word_1_476' title='bbox 1557 2220 1658 2251; x_wconf 81' lang='lat' dir='ltr'><strong>rebus</strong></span> <span class='ocrx_word' id='word_1_477' title='bbox 1679 2220 1833 2252; x_wconf 73' lang='lat' dir='ltr'><strong>erunibus</strong></span> <span class='ocrx_word' id='word_1_478' title='bbox 1855 2222 1998 2249; x_wconf 79' lang='lat' dir='ltr'><strong>ornatus</strong></span> 
     </span>
     <span class='ocr_line' id='line_1_41' title="bbox 116 2269 1999 2316; baseline -0.003 -12"><span class='ocrx_word' id='word_1_479' title='bbox 116 2278 149 2305; x_wconf 82' lang='lat' dir='ltr'><strong>et</strong></span> <span class='ocrx_word' id='word_1_480' title='bbox 173 2274 328 2316; x_wconf 72' lang='lat' dir='ltr'><strong>copiosas</strong></span> <span class='ocrx_word' id='word_1_481' title='bbox 352 2274 418 2312; x_wconf 74' lang='lat' dir='ltr'><strong>sis,</strong></span> <span class='ocrx_word' id='word_1_482' title='bbox 451 2279 483 2305; x_wconf 80' lang='lat' dir='ltr'><strong>et</strong></span> <span class='ocrx_word' id='word_1_483' title='bbox 506 2273 638 2305; x_wconf 74' lang='lat' dir='ltr'><strong>dubites</strong></span> <span class='ocrx_word' id='word_1_484' title='bbox 661 2274 798 2316; x_wconf 73' lang='lat' dir='ltr'><strong>aliquid</strong></span> <span class='ocrx_word' id='word_1_485' title='bbox 820 2273 862 2304; x_wconf 86' lang='lat' dir='ltr'><strong>de</strong></span> <span class='ocrx_word' id='word_1_486' title='bbox 877 2272 1092 2315; x_wconf 79' lang='lat' dir='ltr'><strong>possessione</strong></span> <span class='ocrx_word' id='word_1_487' title='bbox 1121 2272 1322 2311; x_wconf 77' lang='lat' dir='ltr'><strong>detrahere,</strong></span> <span class='ocrx_word' id='word_1_488' title='bbox 1356 2272 1535 2315; x_wconf 79' lang='lat' dir='ltr'><strong>acquirere</strong></span> <span class='ocrx_word' id='word_1_489' title='bbox 1557 2272 1604 2303; x_wconf 81' lang='lat' dir='ltr'><strong>ad</strong></span> <span class='ocrx_word' id='word_1_490' title='bbox 1616 2271 1755 2314; x_wconf 80' lang='lat' dir='ltr'><strong>fidem?</strong></span> <span class='ocrx_word' id='word_1_491' title='bbox 1797 2270 1824 2301; x_wconf 88' lang='lat' dir='ltr'><strong>I.</strong></span> <span class='ocrx_word' id='word_1_492' title='bbox 1850 2269 1887 2300; x_wconf 89' lang='lat' dir='ltr'><strong>in</strong></span> <span class='ocrx_word' id='word_1_493' title='bbox 1909 2269 1999 2300; x_wconf 88' lang='lat' dir='ltr'><strong>Rul-</strong></span> 
     </span>
     <span class='ocr_line' id='line_1_42' title="bbox 117 2321 2002 2366; baseline 0.001 -12"><span class='ocrx_word' id='word_1_494' title='bbox 117 2324 191 2355; x_wconf 85' lang='lat' dir='ltr'><strong>lum</strong></span> <span class='ocrx_word' id='word_1_495' title='bbox 213 2325 246 2363; x_wconf 89' lang='lat' dir='ltr'><strong>I,</strong></span> <span class='ocrx_word' id='word_1_496' title='bbox 270 2325 300 2357; x_wconf 81' lang='lat'><strong>5.</strong></span> <span class='ocrx_word' id='word_1_497' title='bbox 344 2326 481 2357; x_wconf 73' lang='lat' dir='ltr'><strong>Siluani</strong></span> <span class='ocrx_word' id='word_1_498' title='bbox 503 2338 584 2357; x_wconf 81' lang='lat' dir='ltr'><strong>uero</strong></span> <span class='ocrx_word' id='word_1_499' title='bbox 609 2331 646 2356; x_wconf 73' lang='grc' dir='ltr'><strong>ἰιι</strong></span> <span class='ocrx_word' id='word_1_500' title='bbox 669 2325 848 2357; x_wconf 77' lang='lat' dir='ltr'><strong>Scantiam</strong></span> <span class='ocrx_word' id='word_1_501' title='bbox 870 2324 1000 2355; x_wconf 81' lang='lat' dir='ltr'><strong>uendas</strong></span> <span class='ocrx_word' id='word_1_502' title='bbox 1023 2324 1119 2355; x_wconf 75' lang='lat' dir='ltr'><strong>nobis</strong></span> <span class='ocrx_word' id='word_1_503' title='bbox 1142 2324 1339 2356; x_wconf 75' lang='lat' dir='ltr'><strong>consulibus</strong></span> <span class='ocrx_word' id='word_1_504' title='bbox 1361 2329 1465 2366; x_wconf 76' lang='lat' dir='ltr'><strong>atque</strong></span> <span class='ocrx_word' id='word_1_505' title='bbox 1487 2324 1548 2356; x_wconf 78' lang='lat' dir='ltr'><strong>lioc</strong></span> <span class='ocrx_word' id='word_1_506' title='bbox 1570 2326 1716 2356; x_wconf 79' lang='lat' dir='ltr'><strong>senatu?</strong></span> <span class='ocrx_word' id='word_1_507' title='bbox 1747 2330 1786 2356; x_wconf 79' lang='lat' dir='ltr'><strong>tu</strong></span> <span class='ocrx_word' id='word_1_508' title='bbox 1805 2321 1917 2353; x_wconf 79' lang='lat' dir='ltr'><em>ullum</em></span> <span class='ocrx_word' id='word_1_509' title='bbox 1938 2334 2002 2355; x_wconf 58' lang='lat' dir='ltr'><strong>ue.b</strong></span> 
     </span>
     <span class='ocr_line' id='line_1_43' title="bbox 117 2374 2000 2421; baseline -0.001 -13"><span class='ocrx_word' id='word_1_510' title='bbox 117 2376 230 2419; x_wconf 82' lang='lat' dir='ltr'><strong>ctigal</strong></span> <span class='ocrx_word' id='word_1_511' title='bbox 265 2377 449 2420; x_wconf 80' lang='lat' dir='ltr'><strong>adtingas,</strong></span> <span class='ocrx_word' id='word_1_512' title='bbox 497 2383 534 2409; x_wconf 78' lang='lat' dir='ltr'><strong>tic</strong></span> <span class='ocrx_word' id='word_1_513' title='bbox 559 2378 686 2421; x_wconf 78' lang='lat' dir='ltr'><strong>populi</strong></span> <span class='ocrx_word' id='word_1_514' title='bbox 721 2377 875 2409; x_wconf 85' lang='lat' dir='ltr'><strong>Romani</strong></span> <span class='ocrx_word' id='word_1_515' title='bbox 911 2376 1067 2408; x_wconf 77' lang='lat' dir='ltr'><strong>subsidia</strong></span> <span class='ocrx_word' id='word_1_516' title='bbox 1104 2375 1202 2415; x_wconf 78' lang='lat' dir='ltr'><strong>belli,</strong></span> <span class='ocrx_word' id='word_1_517' title='bbox 1247 2382 1285 2408; x_wconf 77' lang='lat' dir='ltr'><strong>tu</strong></span> <span class='ocrx_word' id='word_1_518' title='bbox 1315 2382 1516 2408; x_wconf 81' lang='lat' dir='ltr'><strong>ornamenta</strong></span> <span class='ocrx_word' id='word_1_519' title='bbox 1547 2376 1644 2420; x_wconf 81' lang='lat' dir='ltr'><strong>pacis</strong></span> <span class='ocrx_word' id='word_1_520' title='bbox 1680 2375 1808 2417; x_wconf 81' lang='lat' dir='ltr'><strong>eripias</strong></span> <span class='ocrx_word' id='word_1_521' title='bbox 1824 2374 1841 2404; x_wconf 83' lang='lat'><em>?</em></span> <span class='ocrx_word' id='word_1_522' title='bbox 1884 2374 1927 2405; x_wconf 86' lang='lat' dir='ltr'><strong>II.</strong></span> <span class='ocrx_word' id='word_1_523' title='bbox 1963 2374 2000 2406; x_wconf 87' lang='lat' dir='ltr'><strong>in</strong></span> 
     </span>
     <span class='ocr_line' id='line_1_44' title="bbox 118 2425 2001 2473; baseline 0 -14"><span class='ocrx_word' id='word_1_524' title='bbox 118 2428 213 2459; x_wconf 79' lang='lat' dir='ltr'><strong>Rutl.</strong></span> <span class='ocrx_word' id='word_1_525' title='bbox 237 2428 399 2469; x_wconf 79' lang='lat' dir='ltr'><strong>XXVH,</strong></span> <span class='ocrx_word' id='word_1_526' title='bbox 426 2429 475 2469; x_wconf 60' lang='lat'><strong>731.</strong></span> <span class='ocrx_word' id='word_1_527' title='bbox 504 2430 558 2463; x_wconf 79' lang='lat' dir='ltr'><strong>Tu</strong></span> <span class='ocrx_word' id='word_1_528' title='bbox 582 2443 649 2463; x_wconf 80' lang='lat' dir='ltr'><strong>non</strong></span> <span class='ocrx_word' id='word_1_529' title='bbox 671 2429 841 2473; x_wconf 73' lang='lat' dir='ltr'><strong>definiaS,</strong></span> <span class='ocrx_word' id='word_1_530' title='bbox 875 2434 957 2473; x_wconf 74' lang='lat' dir='ltr'><strong>quot</strong></span> <span class='ocrx_word' id='word_1_531' title='bbox 980 2428 1149 2467; x_wconf 80' lang='lat' dir='ltr'><strong>colonias,</strong></span> <span class='ocrx_word' id='word_1_532' title='bbox 1181 2429 1216 2460; x_wconf 89' lang='lat' dir='ltr'><strong>in</strong></span> <span class='ocrx_word' id='word_1_533' title='bbox 1241 2440 1327 2472; x_wconf 79' lang='lat' dir='ltr'><strong>quae</strong></span> <span class='ocrx_word' id='word_1_534' title='bbox 1350 2429 1442 2467; x_wconf 81' lang='lat' dir='ltr'><strong>loca,</strong></span> <span class='ocrx_word' id='word_1_535' title='bbox 1473 2440 1538 2471; x_wconf 79' lang='lat' dir='ltr'><strong>quo</strong></span> <span class='ocrx_word' id='word_1_536' title='bbox 1560 2437 1701 2459; x_wconf 83' lang='lat' dir='ltr'><strong>numero</strong></span> <span class='ocrx_word' id='word_1_537' title='bbox 1724 2425 1920 2458; x_wconf 83' lang='lat' dir='ltr'><strong>colonorum</strong></span> <span class='ocrx_word' id='word_1_538' title='bbox 1941 2426 2001 2459; x_wconf 77' lang='lat' dir='ltr'><strong>de-</strong></span> 
     </span>
    </p>
   </div>
  </div>
 </body>
</html>
