2185 2720
824 127 849 156 c
869 127 898 155 A
917 127 960 156 P.
999 126 1161 156 xxxm.
1187 125 1216 167 §.
1240 130 1372 160 79—81.
1981 132 2034 159 ποι

248 205 414 238 Omnibus
438 204 630 238 uirtutibus
657 215 711 236 me
732 201 910 246 adfectum
933 214 1004 235 esse
1028 201 1141 246 cupio)
1186 202 1240 234 De
1269 202 1510 235 constructione
1540 214 1593 235 me
1624 199 1803 244 aeffectum
1831 213 1901 234 esse
1929 202 2029 246 cupio

161 257 284 290 uidesis
304 258 463 290 Beierum
488 257 531 289 ad
555 257 624 289 Cic.
651 256 693 287 de
714 255 812 287 Offic.
836 255 869 294 I,
909 266 957 298 19.
987 266 1021 298 p.
1050 256 1121 286 151.
1155 255 1357 287 ORELLms.
1402 254 1511 297 Magis
1540 253 1672 296 uolgato
1702 253 1885 286 uerborum
1915 254 2030 285 ordine

156 310 265 353 placet
292 310 340 351 is,
382 311 441 354 qui
470 317 519 343 est
545 310 582 342 in
608 308 678 341 cod.
705 307 799 349 ΕΓΒ,
838 309 993 341 omnibus
1020 320 1073 340 me
1102 308 1315 349 uirtutibus,
1351 319 1453 351 quem
1481 307 1716 347 restituissem,
1751 306 1779 338 si
1806 306 1864 338 alii
1895 312 2028 338 tueren-

157 370 212 396 tur
234 364 328 397 libii.

240 417 357 458 Quam
378 429 431 450 me
455 422 488 448 et
506 420 654 459 gratum
676 426 747 447 esse
769 420 802 447 et
825 414 953 456 uideri)
998 412 1070 445 Etsi
1092 413 1223 455 Proleg.
1245 414 1288 446 L.
1310 414 1337 446 Ι.
1361 413 1399 445 C.
1423 413 1484 445 ΙΙΙ.
1508 413 1538 455 §.
1565 424 1614 446 1ο.
1637 411 1736 443 unice
1758 410 1963 443 Erfurtensis
1984 410 2029 442 li-

156 469 211 502 bri
234 470 431 513 scripturam
453 475 487 501 et
509 481 581 501 esse
601 474 749 511 gratum
772 473 805 500 et
827 468 944 500 uideri
965 466 1125 510 probaui,
1160 471 1273 498 tamen
1295 473 1409 510 postea
1431 478 1508 498 cum
1534 465 1619 497 mihi
1642 465 1763 496 rectius
1787 464 1884 496 etiam
1909 462 2027 495 Cicero

150 529 299 567 gratum
320 528 355 556 et·
376 534 447 554 esse
472 527 506 554 et
527 521 643 554 uideri
662 520 808 553 scribere
828 520 975 565 potuisse
999 519 1091 552 uisus
1114 525 1207 561 esset,
1231 520 1438 553 retinendam
1459 526 1497 552 ut
1517 519 1553 552 in
1574 531 1611 552 re
1634 517 1733 549 dubia
1755 518 1922 560 uolgatam
1945 515 2027 547 scri-

153 581 289 617 pturam
311 574 441 618 putaui.

239 628 270 669 5.
292 627 344 659 81.
389 628 455 660 Cui
484 640 552 661 non
581 628 677 660 locus
707 627 768 660 ille
794 632 934 667 mutus,
972 626 1033 659 ubi
1060 626 1169 670 altus)
1215 627 1287 660 Cfr.
1321 639 1406 671 quae
1434 626 1474 659 de
1494 625 1658 670 scriptura
1683 623 1784 657 huius
1805 622 1871 655 loci
1892 622 2025 663 Proleg.

152 681 198 713 L.
219 680 263 712 II.
291 680 329 712 C.
352 680 379 712 Ι.
403 682 434 724 §.
461 681 509 713 15.
535 679 743 713 monuimus.

244 733 313 766 Ubi
333 734 428 767 altus
450 739 514 767 aut
536 734 656 766 doctus
679 731 743 777 est)
789 732 903 774 Quom
925 731 1097 774 Naugerio
1119 732 1215 766 altus
1237 733 1411 766 exhibenti
1433 732 1642 765 Priscianum
1664 742 1734 762 esse
1755 735 1925 762 auctorem
1950 738 2026 759 mo-

154 786 309 827 nuerim,
352 797 498 829 eumque
526 786 621 829 sequi
651 797 728 817 cum
761 785 901 818 Ernesto
931 784 1127 825 maluerim,
1165 785 1205 818 de
1231 786 1395 819 latinitate
1424 786 1583 819 festinans
1615 795 1775 827 quaerere
1805 780 2024 827 praetermisi.

151 839 315 871 Ernestus
351 839 443 871 enim
483 840 610 872 alitum
647 837 752 870 sordis
785 843 881 869 uocat
908 836 1188 879 antiquariorum.
1231 840 1340 883 Atqui
1368 839 1526 879 Uossius‚
1568 838 1622 870 uir
1655 837 1757 869 latine
1793 837 2024 874 doctissumus,

154 893 217 924 III.
243 893 283 924 de
303 893 407 925 Anal.
433 893 502 933 28„
544 891 632 934 quod
660 890 739 923 iude
768 902 830 934 per
859 901 1032 933 syncopen
1060 892 1155 924 altus
1183 893 1346 935 extiterit,
1383 893 1480 925 ualde
1509 891 1639 935 probat.
1681 890 1890 921 Priscianum
1912 895 2024 921 tamen
2078 890 2083 899 ‘

154 945 328 977 audiamus
350 957 384 989 p.
407 945 500 988 397.:
533 944 589 978 Ab
610 944 667 977 alo
689 949 762 976 tam
783 943 878 976 altus
902 955 1006 987 quam
1026 944 1136 976 alitus
1158 945 1300 980 dicitur.
1343 946 1459 979 Cicero
1481 957 1545 990 pro
1564 944 1731 983 Plancio,
1766 943 1826 976 ubi
1847 944 1941 975 altus
1963 947 2024 975 est.

151 998 342 1031 Sallustius
365 1001 400 1032 in
422 998 619 1041 Iugurtha,
650 1001 684 1029 et
705 1009 836 1029 omnem.
864 1002 1014 1029 aetatem
1033 997 1166 1041 Arpini
1192 999 1298 1032 altus.
1340 1000 1384 1032 In
1409 999 1614 1043 quibusdam
1638 1001 1754 1029 autem
1779 996 1951 1028 codicibus
1973 1000 2025 1027 et-

154 1052 227 1084 iam
247 1052 356 1084 alitus
380 1051 571 1083 inuenitur.
615 1050 796 1082 Sallustine
820 1049 938 1088 unius,
963 1061 1006 1082 an
1029 1051 1128 1083 etiam
1151 1051 1269 1085 Tulli?
1295 1064 1374 1084 nam
1397 1052 1547 1096 profecto
1570 1051 1650 1082 haut
1670 1060 1786 1080 recens
1808 1055 1855 1080 est
1876 1049 1912 1080 iu
1934 1047 2024 1079 Tul-

153 1103 200 1136 lio
223 1104 376 1136 uarietas.
422 1102 558 1135 Sallusti
580 1102 674 1134 locus
696 1109 744 1134 est
765 1103 837 1145 Iug.
859 1103 997 1143 LXIII,
1028 1115 1058 1136 2.
1082 1104 1120 1136 de
1140 1105 1178 1137 C.
1201 1105 1323 1139 Mario.
1344 1106 1403 1139 Set
1426 1106 1455 1138 is
1477 1110 1598 1142 natus,
1628 1108 1660 1135 et
1683 1114 1814 1134 omnem
1829 1100 2023 1145 pueritiam

155 1156 289 1201 Arpini
309 1158 415 1190 altus.
459 1156 515 1188 Sic
537 1155 639 1187 edidit
663 1156 798 1188 Cortius
823 1166 866 1187 ex
888 1155 1058 1188 codicibus
1081 1157 1148 1189 suis
1171 1159 1424 1199 uetustioribus,
1454 1158 1501 1190 sic
1522 1156 1788 1198 Hauercampius
1811 1166 1845 1197 p.
1871 1165 1942 1196 227.
1965 1153 2024 1184 ad-

152 1208 370 1241 sentientibus
393 1209 497 1242 Riuio
520 1214 554 1240 et
575 1209 731 1250 VVassio,
763 1208 810 1240 sic
832 1220 876 1240 ex
901 1209 1099 1252 Erlangensi
1121 1211 1230 1244 codice
1253 1218 1368 1243 noster
1389 1211 1576 1244 Harlesius.
1621 1209 1753 1240 Tamen
1777 1209 1884 1240 alitus
1908 1207 2022 1239 Cortio

151 1261 290 1293 uidetur
312 1263 383 1295 stili
406 1261 599 1294 Sallustiani
620 1261 897 1293 conmendatione
910 1263 1140 1305 probabilior.
1187 1264 1377 1297 Charisium
1399 1265 1477 1296 citat
1497 1275 1531 1306 p.
1556 1273 1648 1302 220„
1685 1261 1743 1293 ubi
1765 1261 1850 1293 nihil
1877 1261 1905 1292 is
1927 1260 2022 1300 aliut,

152 1315 218 1347 uisi
242 1321 423 1359 utrumque
451 1321 580 1347 rectum
602 1326 672 1346 esse
694 1314 790 1346 nullo
816 1314 932 1346 addito
955 1317 1113 1359 exemplo
1137 1323 1284 1349 testatur.
1329 1319 1386 1350 Set
1406 1315 1585 1350 Diomedes
1607 1327 1642 1358 p.
1666 1315 1739 1357 571.
1761 1315 1870 1354 Alor,
1905 1314 2024 1353 aleris,

152 1369 248 1402 altus
271 1382 358 1402 sum.
401 1368 616 1407 Sallustius,
644 1367 777 1412 Arpini
798 1369 902 1401 altus.
947 1369 1078 1401 Illelius
1101 1375 1151 1402 est
1173 1376 1287 1404 tamen
1309 1372 1421 1404 dicere
1442 1370 1609 1403 vitandae
1632 1368 1875 1411 ambiguitatis
1899 1368 2023 1411 gratia

150 1423 268 1454 alitus.
313 1422 413 1456 Nam
439 1427 472 1454 et
502 1421 670 1453 alimenta
698 1421 874 1454 dicuntur.
918 1422 1005 1453 Sane
1034 1429 1141 1455 metus
1171 1423 1230 1455 ille
1251 1424 1369 1456 miseri
1400 1429 1449 1455 est
1474 1422 1658 1466 pusillique
1682 1420 1915 1452 Grammatici.
1958 1420 2023 1453 Li-

152 1474 227 1506 uios
250 1475 377 1513 XXX,
415 1474 467 1506 28.
490 1473 530 1504 de
551 1474 744 1505 Hannibale
767 1474 875 1514 dixit,
915 1475 1002 1507 alito
1024 1481 1128 1520 atque
1150 1477 1294 1509 educato
1317 1477 1408 1509 inter
1429 1490 1545 1516 arma,
1585 1473 1673 1518 quod
1703 1474 1738 1504 in
1761 1473 1911 1504 COdlCUffl
1941 1484 2022 1516 Pel·-

149 1538 335 1570 paucorum
365 1528 515 1559 dissensu
544 1526 682 1558 retinuit
712 1527 1020 1560 Drakenborchius.
1065 1530 1116 1561 At
1143 1534 1236 1560 tanto
1267 1529 1438 1572 antiquior
1463 1530 1601 1561 Plautus
1623 1527 1780 1560 Rudente
1802 1527 1870 1566 ΠΙ,
1901 1526 1937 1566 4,
1968 1526 2020 1559 56.

153 1581 300 1614 Athenis
325 1587 431 1613 natus
454 1581 615 1623 altusque
637 1581 870 1625 educatusque
891 1581 1032 1615 Atticis.
1074 1582 1125 1613 Ita
1149 1582 1185 1614 in
1207 1582 1303 1615 libris
1329 1584 1495 1615 omnibus.
1543 1582 1612 1624 Qui
1637 1581 1744 1624 prisca
1765 1591 1917 1622 quaeque
1937 1590 2020 1611 con-

153 1633 359 1673 sectabatur,
382 1634 432 1665 M.
454 1634 566 1666 Uarro
590 1639 672 1676 aput
693 1634 784 1665 Non.
806 1645 841 1676 p.
866 1634 937 1676 257.
957 1635 1082 1667 Mero-2
1116 1636 1262 1676 Sedens,
1294 1636 1425 1679 inquit,
1463 1637 1556 1669 altus·
1579 1636 1693 1670 alieno
1716 1638 1867 1677 sumptu.
1910 1632 2021 1665 Deni-

152 1697 218 1729 que
245 1686 364 1718 Cicero
386 1686 423 1718 in
444 1687 552 1718 Bruto
577 1697 605 1716 c.
632 1697 681 1717 10.
705 1692 738 1717 et
759 1687 821 1719 VI.
847 1686 953 1730 Epist.
981 1699 1008 1718 1.
1036 1694 1122 1721 nata
1145 1695 1178 1722 et
1200 1690 1286 1722 alta.
1328 1689 1447 1722 Priore
1468 1690 1542 1721 loco
1568 1688 1655 1720 nihil
1675 1687 1845 1727 uariatur,
1874 1698 1917 1717 ne
1938 1692 2021 1729 aput

151 1739 393 1772 Schneiderum
416 1738 572 1781 quidem,
605 1744 638 1770 et
661 1739 874 1779 Schutzium3
911 1740 1017 1771 altero
1041 1741 1105 1773 duo
1128 1742 1192 1773 soli
1215 1742 1341 1774 codices
1363 1749 1444 1786 aput
1467 1744 1592 1775 Graeu.
1616 1741 1722 1780 alita,
1759 1746 1791 1772 et
1811 1739 1935 1781 reliqui
1957 1740 2020 1770 du-

152 1804 226 1824 cem
245 1793 371 1824 habent
396 1798 576 1836 optumum
600 1792 700 1824 illum
722 1792 923 1824 Mediceum.
971 1794 1172 1827 Constanter
1193 1795 1307 1827 itidem
1329 1797 1372 1828 ΙΙ.
1397 1796 1437 1828 de
1450 1797 1496 1828 N.
1509 1796 1553 1828 D.
1567 1796 1619 1827 46.
1643 1796 1736 1827 altae
1758 1799 2019 1837 renouataeque.

151 1846 208 1878 Ex
238 1845 330 1878 hisce
361 1846 517 1877 omnibus
547 1845 594 1876 ita
621 1844 837 1876 statuendum
865 1845 1013 1878 uidetur.
1059 1848 1174 1890 Quom
1204 1849 1237 1880 id
1259 1850 1396 1881 Sallusti
1425 1849 1553 1882 codices
1576 1848 1709 1892 optumi
1733 1859 1804 1879 11011
1827 1846 2018 1885 exhibeant,

152 1898 241 1941 quod
261 1899 366 1942 magis
389 1899 630 1930 Sallustianum
655 1898 895 1938 existumatur,
921 1899 1080 1932 Plautum
1102 1902 1375 1946 antiquioresque
1396 1911 1511 1936 tamen
1531 1903 1631 1935 illum
1653 1901 1767 1944 sequi,
1795 1912 1898 1944 quom
1921 1900 2020 1932 Cice-

148 1952 240 1984 ronis
262 1951 319 1983 hio
339 1951 497 1984 meliores
524 1957 556 1983 et
579 1951 732 1994 plurumi
754 1951 900 1983 alterum
922 1952 1085 1994 habeant,
1122 1955 1176 1987 cui
1199 1957 1405 1989 consuetudo
1432 1956 1536 2000 ipsius
1558 1955 1817 1998 aequaliumque
1842 1957 2018 1997 repugnat,

150 2004 191 2035 ab
214 2004 323 2036 aliena
351 2005 428 2037 illut
450 2016 520 2037 esse
540 2016 662 2043 manu3
697 2004 846 2047 Augusti
869 2006 1006 2038 demum
1036 2014 1190 2052 tempore
1211 2011 1337 2043 alitum
1359 2009 1561 2049 inualuisse,
1599 2008 1690 2051 quod
1712 2008 1869 2040 inlustres
1893 2007 2018 2038 Gram-

150 2056 263 2088 matici
286 2057 472 2097 extiterint,
508 2058 566 2100 qui
590 2070 632 2090 ex
654 2058 807 2101 analogia
828 2059 893 2091 hoc
914 2061 1172 2103 praeferendum
1194 2063 1377 2095 docuerint.
1421 2065 1538 2106 Itaque
1560 2068 1638 2106 post
1659 2061 1798 2094 Liujom
1821 2066 1938 2104 quater
1959 2060 2018 2091 ad-

148 2109 261 2141 hibuit
282 2110 408 2142 alitum
431 2111 587 2144 Ualerius
609 2112 793 2143 Maxumus
815 2113 961 2146 librariis
984 2121 1052 2147 tam
1075 2116 1282 2156 lubentibus,
1307 2123 1344 2149 ut
1367 2116 1481 2159 priore
1504 2121 1634 2148 tantum
1656 2115 1729 2147 loco
1751 2114 1817 2156 ΙΙΙ,
1840 2115 1876 2156 4,
1899 2114 1930 2147 4.
1952 2113 2018 2145 ali-

150 2163 230 2205 quid
251 2162 295 2194 sit
320 2163 509 2203 uarietatis,
535 2163 636 2206 idque
658 2165 698 2196 ab
721 2176 757 2196 re
779 2172 894 2197 nostra
916 2168 1016 2210 plane
1039 2169 1199 2201 alienum.
1244 2170 1503 2201 GARATONIUS.

231 2216 348 2250 Nulla
371 2223 488 2249 extare
507 2218 667 2261 possunt)
710 2218 803 2250 Male
826 2220 1010 2261 Graeuius,
1035 2233 1136 2263 quem
1157 2229 1288 2254 secutus
1310 2221 1487 2254 Ernestius
1510 2227 1568 2262 est,
1593 2233 1636 2254 ex
1659 2221 1732 2253 cod.
1756 2220 1847 2261 ΕΓΗ,
1871 2231 2017 2263 quocum

147 2269 175 2302 B
190 2269 315 2312 aliique
337 2269 475 2308 faciunt,
499 2281 562 2312 pro
585 2271 685 2303 nulla
704 2271 839 2315 scripsit
860 2274 990 2313 nullae,
1012 2274 1052 2305 ad
1074 2287 1152 2319 opes
1174 2275 1336 2307 referens.
1378 2275 1456 2306 Hoc
1478 2274 1568 2306 enim
1590 2275 1669 2307 dicit
1691 2275 1821 2315 Cicero,
1843 2274 2016 2306 neminem

150 2320 256 2353 officia
276 2321 349 2353 aliis
374 2328 561 2365 praestare,
595 2323 661 2355 nisi
684 2335 756 2364 eos,
790 2325 909 2368 quibus
931 2333 1089 2369 praestet,
1122 2339 1288 2360 memores
1311 2338 1431 2359 eorum
1454 2333 1487 2359 et
1508 2334 1619 2370 gratos
1642 2328 1715 2360 fore
1737 2340 1931 2372 persuasum
1953 2328 2016 2359 ha-

147 2375 234 2406 beat.
279 2375 403 2407 Contra
424 2375 618 2408 Ernestium
640 2383 831 2420 praeterea,
863 2379 921 2420 qui
943 2385 1072 2412 temere
1095 2382 1209 2426 officia
1230 2387 1348 2414 extare
1368 2387 1458 2412 recte
1482 2381 1548 2412 dici
1569 2382 1721 2423 negauit,
1744 2381 1929 2413 Huldricus
1951 2381 2013 2412 hos

146 2429 237 2460 locos
259 2427 397 2460 adtulit:
434 2429 471 2460 C.
495 2429 521 2460 Ι.
553 2430 582 2471 §.
607 2440 636 2462 2.
668 2429 768 2462 huius
792 2443 841 2464 or.
871 2433 970 2466 cuius
991 2447 1059 2468 non
1082 2441 1173 2468 extet
1195 2435 1232 2468 in
1254 2447 1307 2468 me
1329 2446 1500 2467 summum
1528 2436 1700 2467 meritum.
1734 2434 1773 2466 de
1794 2434 1907 2467 Amic.
1930 2444 1958 2464 c.
1984 2443 2012 2474 7.

1560 2490 1597 2518 38
