2185 2720
152 143 307 174 XXXVI
821 140 1353 171 PROLEGOMENA.

229 219 264 248 C.
284 219 327 247 X.
348 215 375 257 §.
395 217 441 246 26.
479 218 604 245 Etenim
628 217 657 244 si
682 221 756 244 ante
784 217 918 245 reditum
948 228 1047 245 meum
1075 217 1126 245 C'n.
1146 216 1280 244 Plancio
1307 225 1338 242 se
1358 213 1449 252 uolgo
1470 216 1536 243 uiri
1555 215 1644 254 boni,
1669 229 1739 248 cnm
1757 219 1810 249 7220
1831 216 2028 250 tribunatum

148 272 286 304 peteret,
311 266 394 293 ultro
422 264 609 302 offerebant:
641 265 693 292 cui
717 274 827 292 nomen
852 275 953 293 meum
980 265 1167 293 absentis
1195 262 1307 290 honori
1323 261 1460 300 suisset,
1487 264 1516 291 ei
1541 273 1624 292 meas
1643 269 1819 301 praesentis
1837 279 1947 307 preces
1966 279 2029 297 non

149 321 248 353 putas
264 311 446 352 proficisse?

229 363 279 390 Sic
300 362 324 389 B
345 365 375 388 ct
395 359 420 386 E
442 358 524 386 hunc
544 358 646 397 locum
666 358 816 396 seriptum
837 364 1020 395 seruaruut3
1055 357 1190 386 familiae
1218 356 1329 384 tertiae
1359 356 1481 385 codices
1509 357 1546 386 ad
1573 368 1668 387 unum
1697 370 1802 389 omnes
1829 362 2029 400 participium

153 411 288 439 absentis
309 407 466 436 omittunt.
507 405 599 442 Quod
619 416 679 443 quo
700 405 794 442 magis
815 412 962 436 certumst
999 406 1103 433 abesse
1124 405 1207 432 salua
1227 403 1381 431 sententia
1406 413 1470 432 non
1497 415 1606 443 posse,
1635 406 1767 445 ideoque
1793 417 1861 436 cum
1887 419 2029 438 maxume

153 458 320 497 genuinum
341 465 422 489 esse,
458 464 494 482 eo
524 454 625 482 miuus
647 453 822 491 quisquam,
859 453 1012 492 quomodo
1035 462 1141 480 errore
1162 451 1292 488 quodam
1313 452 1457 480 excidere
1477 453 1645 491 potuerits
1666 454 1835 492 intelleget.
1875 456 1961 492 Quae
1979 466 2030 485 res

153 507 244 541 facit,
276 509 311 532 ut
332 502 474 541 equidem
501 512 601 530 meum
627 511 816 539 pronomen,
853 500 936 538 quod
963 510 1045 528 nunc
1074 504 1143 526 ante
1170 498 1306 526 absentis
1327 499 1524 535 conlocatur,
1544 501 1580 528 ab
1601 501 1771 539 interprete
1791 502 1961 538 adiectum,
1990 507 2032 539 et,

155 565 223 583 eum
244 556 324 581 esset
342 560 436 589 super
456 550 551 578 uerba
571 559 679 576 nomen
699 548 835 575 absentis
862 547 1014 585 positum,
1050 547 1157 574 codem
1178 546 1269 573 modo
1290 546 1323 574 111
1343 547 1412 575 fam.
1433 547 1544 575 tertiae
1565 548 1724 577 codicibus
1744 549 1907 587 genuinam
1926 559 2028 588 expu-

153 603 227 631 lisse
246 609 356 629 uocem
376 603 498 636 putem,
529 607 588 634 (1110
610 596 701 633 paulo
722 600 792 623 ante
813 595 845 622 111
866 595 962 623 isdem
984 595 1112 633 glossam
1133 593 1374 631 superscriptam
1395 601 1438 622 est
1456 605 1628 633 pronomen
1649 607 1685 625 ea
1704 597 1772 624 loeo
1793 597 1928 625 mouisse
1946 596 2032 624 uidi-

153 660 230 680 mus.
268 647 306 675 Ι11
327 646 352 674 Β
373 650 404 673 et
423 645 450 672 E
471 644 572 672 denuo
593 648 624 671 ct
644 643 743 680 glossa
764 647 794 670 ct
814 653 878 670 uox
898 652 948 678 ea,
978 652 1071 680 super
1092 651 1150 679 qua
1170 640 1268 677 glossa
1294 641 1396 678 posita
1421 642 1538 678 suerat,
1564 643 1678 671 inlatae
1705 648 1786 671 sunt.
1826 643 1902 671 Illut
1929 648 2032 672 autem

153 698 211 727 nix
231 705 308 733 opus
329 698 389 726 cst,
410 697 445 720 ut
465 691 604 725 doceam,
631 701 728 718 meum
750 700 923 728 pronomen
945 690 1010 718 sine
1032 690 1096 716 ullo
1118 698 1225 715 sensus
1247 688 1434 718 detrimento
1456 691 1558 719 omitti
1578 700 1686 729 posse,
1713 701 1797 726 cum,
1824 690 1892 728 quis
1913 690 1954 718 sit
1971 700 2032 718 no-

154 745 237 775 mine
258 742 394 770 absentis
414 738 656 776 intellegenduS,
677 742 707 765 et
726 737 939 765 antecedentia
960 738 1054 765 uerba
1074 742 1146 764 anle
1166 735 1302 763 reditum
1321 746 1421 765 meum
1442 742 1473 765 et
1491 737 1651 776 sequentia
1669 748 1754 766 meas
1766 739 1942 775 praesentis
1956 747 2032 775 pre-

156 804 203 822 ces
223 789 424 829 apertissume
445 786 610 814 declarent.

231 839 265 867 C.
285 834 412 865 XXIII.
433 832 460 872 §
481 834 526 861 55.
566 833 670 860 alula·
695 835 787 861 etiam
808 842 972 860 connumes
999 832 1121 860 inimici
1147 841 1270 858 reorum
1289 834 1442 866 omnium,
1468 835 1523 871 qui
1547 835 1594 861 ita
1620 842 1737 869 semper
1764 834 1972 861 testimonium
1997 833 2034 861 de

155 887 277 918 ambitu»
297 886 420 915 dicunt,
440 882 534 926 quasi
553 886 608 908 aut
629 886 773 908 moueant
793 882 913 907 animos
933 881 972 907 iu
985 880 1050 907 di<-
1060 889 1080 905 ιι
1090 889 1119 905 m
1147 880 1212 906 suis
1233 881 1434 914 testimoniis,
1465 887 1522 908 aut
1538 887 1670 919 gratum
1682 880 1799 917 populo
1819 881 1958 908 Romano
1982 881 2034 913 sit,

157 942 213 965 aut
233 934 271 962 ab
293 943 324 960 eo
336 930 475 969 facilius
496 928 531 956 ob
553 938 620 955 eam
640 938 784 955 caussam
804 928 1007 965 dignitatem,
1028 935 1120 963 quam
1141 926 1269 958 uolunt,
1290 934 1528 965 consequantur.

231 981 293 1010 Hic
315 987 436 1017 quoque
456 975 724 1014 perobscurumst,
752 974 804 1012 qui
825 974 937 1002 factum
959 974 1014 1008 sit,
1049 977 1084 1000 ut
1104 981 1218 1000 nomen
1238 973 1379 1001 iudicum
1400 975 1612 1011 omitteretur,
1641 974 1723 1012 quod
1745 974 1779 1002 111
1800 973 1942 1002 omnibus
1961 973 2034 1002 fam,

157 1030 268 1061 tertiae
289 1025 446 1055 codicibus
467 1022 668 1050 desideratur.
706 1022 786 1049 Nam
809 1021 842 1049 in
862 1032 958 1049 111111111
978 1020 1067 1048 11111111
1092 1019 1195 1047 Oxou.
1216 1029 1246 1053 ψ,
1267 1030 1356 1057 (1110111
1377 1020 1492 1049 habere
1513 1032 1552 1050 ex
1572 1022 1697 1050 silentio
1720 1022 1849 1050 editoris
1875 1022 1935 1050 Ox.
1957 1031 2034 1050 con—

157 1078 282 1108 cludere
310 1074 472 1106 debemus,
503 1069 578 1108 quin
605 1069 646 1097 sit
673 1069 877 1097 emendatoris
899 1079 989 1097 mauu
1015 1068 1162 1103 inlatum,
1198 1067 1332 1096 dubitari
1359 1069 1499 1107 profecto
1526 1069 1645 1107 nequit.
1685 1070 1736 1097 Sic
1757 1069 1883 1107 Syluius
1911 1060 1970 1096 iam
1997 1068 2037 1096 ad

156 1135 267 1156 uocem
286 1124 403 1151 animos
423 1116 628 1156 supplendum
648 1126 761 1143 nomeu
782 1117 922 1144 iudicum
942 1126 1008 1143 0550
1028 1115 1159 1143 monuit.
1198 1114 1234 1142 Id
1261 1126 1374 1144 nomen
1403 1121 1504 1144 autem
1534 1117 1788 1154 quemadmodum
1808 1117 1845 1145 ad
1865 1115 2037 1144 sententiae

157 1172 367 1211 integritatem
396 1165 601 1195 necessarium
626 1169 713 1202 patet
739 1174 820 1199 esse,
857 1163 900 1191 ita
927 1173 991 1191 11011
1019 1163 1145 1191 inutilia
1171 1167 1291 1191 tantum
1317 1169 1364 1192 set
1389 1164 1519 1192 molesta
1540 1164 1632 1192 etiam
1652 1165 1747 1192 uerba
1767 1166 1832 1192 suis
1852 1165 2037 1192 testimoniis

158 1224 247 1254 sunt,
274 1227 343 1245 cum
362 1214 453 1243 modo
474 1213 569 1241 uerba
588 1214 634 1240 ila
654 1222 770 1248 semper
790 1213 1000 1240 testimonium
1020 1212 1129 1239 dieunt
1147 1211 1383 1248 praecesserint.
1423 1210 1509 1247 Quid
1536 1210 1631 1248 igitur
1650 1211 1859 1250 probabiliuS‚
1894 1220 1983 1248 quam
2002 1209 2036 1237 in
2053 1227 2056 1229 -

159 1267 265 1296 codice
286 1263 426 1303 principe
447 1260 565 1289 nomini
586 1259 724 1288 iudicum
745 1259 962 1297 explicationis
983 1269 1087 1286 caussa
1107 1258 1337 1296 superinposita
1355 1258 1452 1286 uerba
1470 1260 1535 1285 suis
1555 1261 1738 1287 testimoniis
1757 1260 1868 1295 fuisse,
1889 1263 1920 1286 et
1939 1257 1976 1285 ab
1997 1266 2034 1285 eo

159 1313 304 1347 librario,
326 1310 379 1349 qui
400 1308 575 1346 exemplar,
597 1317 635 1334 ex
656 1317 715 1344 quo
736 1306 805 1334 sain.
827 1307 937 1334 tertiae
958 1306 1079 1334 codices
1100 1306 1250 1344 originem
1272 1307 1437 1342 duxeruut,
1458 1306 1602 1341 confecit,
1622 1317 1680 1344 pro
1700 1316 1778 1334 11οο0
1799 1305 1932 1344 genuina
1950 1303 2036 1332 iudi-

161 1372 231 1391 cum
250 1363 375 1396 recepta
395 1366 478 1390 esse,
510 1354 640 1382 alterum
661 1360 761 1382 autem
782 1354 961 1390 librarium,
995 1355 1047 1393 qui
1069 1359 1175 1382 auctor
1195 1354 1270 1381 libri
1291 1354 1413 1390 extitit,
1447 1363 1487 1381 ex
1514 1363 1575 1391 quo
1594 1354 1620 1381 B
1641 1359 1672 1382 et
1690 1355 1717 1382 E
1738 1357 1917 1388 manarunt,
1950 1359 2037 1379 more

160 1420 215 1438 suo
235 1417 292 1436 nec
314 1405 454 1434 iudicum
474 1402 611 1430 omisisse
633 1406 663 1429 et
684 1402 778 1429 uerba
798 1404 862 1429 suis
883 1403 1066 1430 testimoniis
1086 1401 1221 1430 orationi
1243 1401 1406 1429 Tullianae
1426 1400 1592 1428 intulisse?

236 1456 270 1485 C.
290 1453 385 1482 XIX.
408 1451 434 1489 ς.
454 1451 499 1487 47.
538 1451 607 1479 Iam
632 1456 668 1477 ut
694 1460 746 1488 ego
774 1450 879 1482 docet),
905 1451 1080 1487 gratiosum
1101 1460 1161 1477 esse
1189 1451 1231 1476 in
1255 1459 1326 1477 sua
1353 1449 1439 1477 triba
1459 1449 1646 1481 Plancium,
1680 1449 1764 1486 quod
1782 1449 1889 1476 multis
1908 1446 2039 1483 henigne

155 1505 286 1544 fecerit,
303 1511 362 1539 pro
383 1501 488 1528 mullis
507 1497 720 1535 spoponderit,
753 1498 786 1524 in
806 1507 915 1535 operas
932 1498 1093 1534 plurumos
1115 1498 1220 1532 patris
1240 1499 1429 1525 auctoritate
1458 1501 1487 1522 et
1510 1497 1623 1532 gratia
1642 1497 1778 1530 miserit,
1810 1494 1892 1533 quod
1909 1493 2041 1530 denique

163 1551 302 1581 omnihus
323 1548 431 1586 officiis
455 1557 511 1583 per
531 1555 578 1577 se,
593 1556 651 1582 per
664 1551 798 1581 patrem,
817 1552 877 1581 per
894 1547 1025 1572 maiores
1045 1554 1114 1570 suos
1136 1549 1233 1571 totam
1252 1546 1416 1572 Atinatem
1430 1543 1671 1581 praefecturam
1695 1541 1968 1580 conprehenderit:
1994 1540 2041 1568 sic

163 1607 199 1629 tn
218 1600 307 1631 doce,
333 1592 650 1633 sequestremfitisse,
675 1593 826 1629 largitum
845 1602 924 1626 esse,
952 1593 1180 1627 conscripsisse,
1208 1591 1334 1619 tribalis
1355 1592 1538 1619 decuriasse.

237 1644 343 1673 Uerba
363 1644 397 1670 in
416 1652 473 1668 sua
494 1644 563 1667 ante
583 1639 665 1667 tribu
686 1639 804 1677 posita,
831 1649 907 1677 quae
934 1638 994 1666 soli
1015 1638 1039 1665 B
1061 1642 1091 1665 ct
1110 1637 1137 1666 E
1164 1644 1342 1674 sertlariuit,
1377 1648 1438 1675 quo
1467 1637 1562 1674 magis
1589 1640 1716 1674 apparet
1740 1645 1805 1664 non
1837 1644 1929 1672 posse
1954 1634 2041 1662 saluo

164 1703 257 1723 sensu
278 1692 392 1724 abesse,
417 1699 453 1717 eo
475 1688 574 1716 minus
595 1686 832 1724 perspicuumst,
853 1686 1006 1725 quomodo
1027 1686 1218 1713 amanuensis
1239 1695 1345 1714 errore
1366 1684 1510 1712 excidere
1530 1684 1701 1722 potuerint.
1741 1683 1847 1721 Itaque
1868 1681 1952 1720 quod
1971 1680 2041 1709 aliis

165 1743 199 1771 in
217 1739 296 1768 locis
317 1737 435 1772 effecit,
468 1740 504 1763 ut
526 1733 657 1772 genuina
678 1733 766 1760 Tulli
786 1734 881 1761 uerba
912 1734 1148 1768 omitterentur,
1177 1732 1228 1760 hic
1257 1742 1378 1771 quoque
1407 1733 1521 1761 factum
1547 1731 1710 1759 contendo.
1750 1731 1932 1761 Persuasum
1959 1728 2043 1757 enim

166 1789 275 1823 habeo,
295 1786 426 1814 uerbum
447 1794 507 1812 esse
529 1783 562 1810 111
584 1781 690 1809 οο(1100
710 1781 852 1820 principe
873 1792 966 1819 super
986 1781 1081 1809 uerba
1101 1783 1134 1809 in
1154 1792 1212 1808 sua
1234 1781 1370 1819 positum
1398 1780 1510 1815 fuisse,
1544 1789 1584 1807 ex
1604 1788 1698 1816 caque
1718 1787 1752 1806 re
1773 1777 1928 1816 duplicem
1946 1775 2044 1812 illam,

168 1846 245 1877 quae
264 1835 298 1862 111
318 1831 476 1861 codicibus
493 1835 555 1865 est,
575 1829 757 1867 scripturam
779 1828 847 1866 pari
867 1829 975 1864 modo,
996 1839 1056 1867 quo
1077 1829 1109 1856 111
1130 1828 1384 1856 antecedentibus
1404 1827 1483 1855 locis
1503 1827 1663 1862 factumst,
1685 1831 1781 1854 ortam
1802 1835 1877 1853 esse.

243 1882 277 1911 C.
298 1879 393 1909 XIX.
414 1877 441 1917 §.
460 1878 506 1916 49.
543 1877 612 1905 ,Νεο
632 1878 690 1904 erit
710 1876 786 1903 haec
805 1878 871 1904 alia
891 1878 973 1904 ratio
994 1878 1146 1909 Plancio,
1175 1886 1212 1903 ac
1237 1875 1478 1903 Laterensi:
1499 1883 1572 1901 nam
1591 1880 1641 1909 ut,
1661 1884 1739 1912 quas
1760 1874 1859 1902 tribus
1879 1878 1914 1900 tu
1933 1871 2046 1903 tulisti,

168 1934 196 1961 si
214 1933 279 1960 iam
304 1939 340 1956 ex
366 1933 394 1954 te
414 1927 590 1963 requiram,
617 1926 735 1961 possis,
763 1933 893 1961 quornm
919 1923 1022 1951 stadio
1050 1924 1177 1956 tuleris,
1213 1924 1385 1960 explicare:
1418 1924 1462 1950 sic
1491 1931 1544 1959 ego
1571 1920 1628 1948 hoc
1648 1921 1810 1955 contendo,
1843 1930 1890 1947 me
1909 1917 2047 1955 tibiipsi

169 1976 368 2010 adversarie,
389 1975 608 2010 cuiuscumque
629 1971 728 1999 tribus
747 1973 899 1999 rationem
913 1972 1107 2008 poposceriS‚
1128 1971 1334 1999 redditurum.

246 2024 296 2052 Sic
315 2022 399 2050 1111110
418 2020 521 2047 locum
542 2029 646 2046 omnes
668 2019 802 2047 editores
823 2018 1014 2056 scripserunt
1033 2022 1156 2056 praeter
1176 2018 1348 2054 Orellium,
1377 2016 1430 2056 qui
1451 2027 1508 2055 pro
1528 2015 1651 2053 uolgata
1668 2014 1805 2043 lectione
1825 2023 1862 2042 ac
1880 2013 2047 2041 Laterensi

170 2083 210 2102 ex
228 2073 254 2100 B
282 2075 313 2098 et
332 2069 358 2096 E
387 2067 538 2106 probante
560 2065 730 2093 Garatonio
757 2076 794 2094 ac
824 2066 896 2100 tibi,
930 2067 1109 2094 Laterensis
1135 2066 1264 2104 recepit.
1303 2065 1350 2093 Ac
1379 2065 1548 2093 uerissume
1577 2063 1701 2101 quidem
1723 2060 1910 2091 Garatonins
1939 2063 2047 2088 contra

170 2118 366 2151 Ernestium,
386 2114 439 2153 (1111
459 2114 611 2151 uolgatam
631 2113 1047 2151 scripturam'uenustiorem
1069 2113 1200 2151 putauit,
1221 2113 1278 2141 tibi
1296 2122 1469 2151 pronomen
1489 2115 1655 2150 propterea
1672 2110 1793 2149 requiri
1813 2107 1944 2144 monuit,
1963 2105 2046 2144 quod

170 2171 238 2196 toto
258 2165 317 2193 hoc
338 2164 407 2191 loco
428 2162 627 2190 Laterensem
644 2160 754 2189 Cicero
775 2162 1003 2199 adloqueretur.
1044 2160 1123 2188 Nam
1145 2160 1203 2188 etsi
1223 2159 1282 2187 hoc
1303 2170 1371 2187 cum
1391 2159 1476 2195 alibi,
1496 2164 1561 2186 tum
1580 2168 1721 2186 maxume
1740 2159 1774 2186 iu
1795 2156 1936 2186 oratione
1953 2153 2046 2182 Piso-

172 2214 263 2242 niana
283 2217 314 2239 et
334 2209 525 2239 Catilinariis
545 2210 658 2237 sactum
681 2208 854 2245 reperitur,
889 2213 924 2236 ut
945 2218 1034 2246 quem
1054 2207 1144 2235 modo
1166 2207 1327 2235 adlocutus
1356 2212 1421 2235 erat
1442 2212 1563 2242 orator,
1598 2207 1635 2234 de
1656 2216 1692 2234 eo
1713 2205 1817 2233 subito
1836 2209 1988 2239 tamquam
2008 2200 2046 2228 de

173 2261 292 2293 alieno,
313 2267 460 2286 conuersa
480 2256 518 2284 ad
537 2256 614 2284 alios
634 2255 787 2291 oratioue,
817 2256 935 2294 aliquid
955 2259 1142 2293 exponeret,
1172 2259 1275 2282 tamen
1294 2255 1327 2282 id
1346 2254 1405 2282 hoc
1425 2254 1494 2282 loco
1515 2253 1583 2282 fieri
1604 2253 1692 2281 nullo
1711 2252 1802 2280 modo
1821 2249 1945 2288 potuit,
1976 2257 2046 2276 cum

174 2307 260 2336 nulla
278 2315 360 2334 nunc
381 2313 547 2332 conuersae
576 2302 678 2331 subito
707 2302 744 2329 ad
764 2303 839 2330 alios
861 2302 1009 2330 orationis
1031 2313 1132 2330 caussa
1153 2302 1322 2339 excogitari
1340 2306 1438 2339 queat.
1468 2301 1521 2328 Fit
1538 2301 1620 2329 enim
1636 2300 1696 2328 hoc
1716 2307 1836 2336 semper
1857 2305 1926 2323 cum
1944 2294 2047 2332 magui

175 2357 369 2390 contemptus
396 2351 636 2389 significatione,
670 2360 746 2388 quae
771 2351 807 2378 ab
836 2350 895 2378 1100
923 2351 992 2378 1000
1021 2350 1256 2378 alienissumast.
1294 2349 1402 2387 Itaque
1429 2348 1486 2377 tihi
1506 2357 1694 2387 pronomen,
1729 2346 1757 2373 si
1776 2344 1938 2383 quicquam
1959 2342 2047 2377 aliut,

176 2401 381 2440 genuinumst.
409 2399 517 2437 Neque
538 2397 718 2427 Ernestium
738 2397 948 2426 dubitaturum
966 2397 1071 2432 fuisse,
1092 2396 1167 2434 quin
1187 2395 1350 2434 reciperet,
1370 2400 1457 2434 puto,
1477 2396 1512 2431 si,
1533 2405 1591 2433 qua
1609 2393 1730 2422 ratione
1749 2391 1852 2420 omitti
1873 2401 1889 2418 a
1908 2389 2046 2418 librariis

176 2448 344 2489 potuisset,
365 2446 582 2485 perspexisset.
623 2445 716 2483 Quod
736 2456 804 2474 eum
824 2445 890 2484 ipse
910 2455 974 2473 non
993 2444 1197 2483 perspiciam,
1218 2443 1244 2471 si
1264 2454 1338 2472 uera
1360 2443 1510 2472 habeatur
1530 2452 1564 2470 ea
1583 2440 1753 2479 scriptura,
1773 2447 1850 2478 quae
1868 2437 1903 2466 111
1921 2438 1947 2466 Β
1967 2442 1998 2466 et
2016 2436 2046 2466 Ε
