2185 2720
217 205 297 235 vm
880 198 1410 230 PROLEGOMENA.

219 278 318 307 Valde
337 276 534 316 neglegenter
552 273 609 304 hos
629 272 750 303 codices
768 274 925 304 consultos
945 284 1021 310 esse,
1040 275 1091 303 uel
1112 284 1151 303 ex
1169 274 1236 312 ipsa
1252 272 1380 301 Gruteri
1400 272 1593 311 praefatione
1611 278 1705 312 patet,
1725 275 1758 304 in
1778 285 1837 314 qua
1856 275 1933 305 dicit
1952 285 1983 306 se
2003 276 2085 305 ultra

219 327 366 354 ducentos
387 325 529 353 habuisse
549 322 670 351 codices
689 323 860 359 Palatinos,
894 327 940 351 set
959 329 1088 360 propter
1108 321 1256 359 temporis
1275 320 1428 358 angustias
1449 321 1547 349 omnis
1568 322 1710 350 conferre
1731 333 1794 351 non
1806 323 1961 362 potuisse.
1998 323 2085 359 Quot

219 374 350 403 Palatini
369 369 678 403 continueri11t,hanc
698 370 886 406 orationem,
912 370 1074 398 nescimus.
1112 369 1229 396 Decem
1248 372 1456 396 memorantur
1476 368 1513 396 ad
1533 379 1557 397 c.
1578 370 1623 397 33.
1651 367 1679 408 ᾗ.
1698 371 1754 399 82..
1792 371 1843 399 Ex
1861 371 2046 399 lectionibus
2069 381 2085 398 a

219 421 355 449 Grutcro
383 419 557 447 memoratis
581 417 655 446 satis
683 427 834 457 superque
863 417 1074 455 intellegitur,
1106 415 1295 445 oxoniensis
1321 412 1370 444 his
1398 415 1556 445 codicibus
1575 425 1676 455 neque
1702 421 1854 446 uetustate
1873 427 1973 457 neque
1993 428 2083 457 prac-

217 469 327 496 stantia
347 467 464 495 cedere.

291 530 524 560 Graeuiani
542 526 704 568 (Graeuu.)
723 526 758 556 hi
777 533 864 557 sunt:

834 591 1037 619 Franz-ianus
1050 592 1175 628 primus
1195 589 1232 630 (F
1247 589 1274 629 1)

833 638 1034 666 Francianus
1054 638 1207 666 secundus
1226 637 1264 677 (F
1275 637 1307 676 2)

833 684 1028 714 Pithoeanus
1049 684 1169 724 (Pith.).

214 753 350 782 Primum
371 756 402 779 et
421 749 587 778 seeundum
609 747 761 776 Graeuius
781 747 848 786 ipse
870 747 1020 782 contulit,
1041 747 1094 785 qui
1115 747 1268 785 accepisse
1288 756 1320 776 se
1340 756 1357 775 a
1375 746 1468 776 Petro
1488 745 1620 775 Francio
1641 745 1675 775 in
1695 746 1790 785 praef.
1810 756 1840 785 p.
1856 754 1882 775 2.
1903 745 1987 776 dicit.

290 801 438 834 „Primus
459 796 546 835 (ibid.
567 796 665 824 refert
687 794 854 833 Graeuius)
875 795 974 822 nitide
995 794 1166 832 descriptus
1187 794 1218 822 in
1239 795 1440 830 membranis,
1476 793 1510 821 in
1540 804 1599 831 quo
1621 793 1780 822 Ciceronis
1802 804 1905 822 omnes
1927 794 2080 823 orationes

213 846 372 884 leguntur,
392 855 454 872 non
475 843 598 882 quidem
617 848 829 879 ueterrumus,
850 848 897 871 set
916 847 1019 870 tamen
1039 842 1139 879 magni
1159 843 1325 870 faciendus.
1364 842 1393 870 Is
1415 851 1486 870 sane
1505 840 1583 868 mihi
1603 841 1734 869 multum
1754 841 1844 868 etiam
1864 841 2013 879 profuit.“

287 892 467 927 „Secundus
486 890 546 918 suit
566 890 744 919 chartaceus
766 891 864 919 codex
884 890 1058 926 recentior,
1078 894 1125 918 set
1143 899 1206 918 non
1226 889 1433 929 spernendus,
1452 889 1487 916 in
1508 898 1567 926 quo
1588 887 1741 916 habentur
1762 888 1916 925 orationes
1935 899 1993 927 pro
2013 888 2080 926 lege

212 940 355 973 Manilia,
377 949 432 976 pro
453 938 590 973 Milone,
618 948 652 966 ac
671 939 840 966 nonnullae
859 938 969 966 aliae.“

285 986 455 1014 Pithoeani
474 985 597 1013 nomine
616 985 842 1023 intellegendae
863 990 934 1013 sunt
954 983 1124 1012 lectionum
1143 984 1323 1020 uarietates,
1345 994 1416 1022 quas
1436 985 1547 1013 Petrus
1567 983 1716 1012 Pithoeus
1736 993 1775 1011 ex
1795 982 1907 1021 priscis
1927 984 2079 1011 membra*-

211 1034 259 1062 nis
280 1036 459 1060 enotancrat
479 1037 511 1059 ct
530 1032 660 1069 margini
681 1032 754 1059 edit.
775 1031 1233 1070 Lambinianac'adscripscrat.
1272 1032 1347 1059 Eam
1368 1031 1536 1059 editionem
1555 1036 1661 1058 nactus
1682 1035 1746 1058 erat
1768 1030 1928 1058 Graeuius.

286 1081 499 1110 Lalleman
512 1079 551 1107 di
571 1077 737 1117 (Lallem.).
778 1079 828 1106 Sic
850 1078 970 1106 codices
991 1078 1126 1106 Parisini
1146 1079 1221 1107 dicti
1241 1084 1328 1115 sunt,
1355 1089 1429 1117 quos
1450 1077 1598 1105 Nicolaus
1619 1077 1835 1105 Lallemandus
1855 1077 2004 1113 contulit,
2024 1077 2078 1115 qui

211 1129 248 1156 T.
270 1127 325 1155 III.
347 1137 418 1165 opp.
441 1126 524 1154 Tull.
546 1126 592 1153 cd.
614 1126 709 1153 Paris.
730 1124 1008 1154 MDCCLXVIII.
1035 1125 1088 1160 „in
1117 1126 1324 1161 orationibus,
1353 1126 1472 1164 inquit,
1505 1124 1702 1154 recensendis
1730 1124 1849 1152 codices
1877 1125 2076 1160 excussimus,

210 1180 241 1203 ct
261 1174 456 1213 praesertim,
486 1173 537 1211 qui
560 1183 576 1200 e
597 1173 777 1201 Colbertina
797 1171 989 1200 bibliotheca
1009 1171 1041 1199 in
1062 1173 1190 1209 Regiam
1211 1174 1285 1201 olim
1304 1173 1510 1209 transierunt3
1538 1172 1571 1200 in
1592 1171 1701 1209 quibus
1722 1171 1876 1200 orationes
1896 1172 1940 1200 ita
1959 1172 2076 1200 descri-

209 1227 280 1260 ptae
300 1226 386 1256 sunt,
419 1225 453 1248 ut
473 1220 505 1248 in
526 1220 660 1257 singulas
681 1219 741 1247 duo
768 1220 864 1248 trisne
886 1219 1023 1253 codicCS,
1058 1219 1222 1257 aliquando
1251 1221 1341 1248 etiam
1361 1221 1460 1259 pluris
1489 1220 1650 1248 consulere
1677 1218 1778 1246 liceat.
1817 1219 1939 1247 Horum
1957 1219 2075 1248 mentio

208 1269 353 1306 frequens
374 1267 434 1295 crit
453 1267 486 1294 in
506 1267 554 1295 his
574 1267 707 1302 notulis,
729 1277 801 1305 quas
821 1268 858 1295 ad
878 1267 1072 1302 nonnullam,
1100 1268 1125 1294 si
1147 1267 1213 1295 fieri
1234 1268 1346 1305 possit,
1375 1267 1573 1295 Ciceroniani
1593 1270 1697 1294 textus
1718 1266 1961 1295 emendationem
1982 1267 2074 1295 insti-

209 1315 353 1343 tuimus.“
390 1314 503 1342 Denuo
524 1314 715 1351 ignoramus,
749 1319 824 1351 quot
851 1315 972 1342 codices
1001 1314 1037 1342 ad
1058 1325 1102 1342 or.
1123 1315 1316 1342 Plancianam
1346 1326 1362 1342 a
1382 1314 1582 1343 Lallcmando
1604 1313 1718 1341 conlati
1739 1312 1818 1348 sint,
1853 1314 1906 1351 qui
1932 1314 1965 1342 in
1991 1315 2075 1343 notis

208 1372 436 1399 nonnumquam
464 1372 557 1389 unum
585 1360 635 1389 uel
663 1361 723 1388 (luo
745 1361 782 1389 de
802 1362 864 1389 suis
885 1361 962 1389 hanc
990 1361 1042 1389 uel
1069 1361 1153 1389 illam
1178 1362 1342 1390 lectionem
1363 1362 1478 1390 habere
1497 1362 1663 1390 monuerit.
1702 1360 1845 1388 Fortasse
1871 1360 1993 1389 eosdem
2019 1361 2075 1389 ille

209 1409 329 1437 codices
350 1409 521 1443 consuluit,
552 1408 604 1446 qui
625 1418 704 1436 nunc
726 1419 741 1436 a
762 1408 969 1437 Schlottichio
990 1408 1022 1435 in
1043 1418 1131 1436 usum
1150 1419 1250 1437 meum
1272 1410 1386 1437 conlati
1406 1415 1485 1438 sunt.
1524 1409 1652 1438 Maioris
1674 1413 1756 1435 certe
1785 1407 1867 1446 preti
1886 1418 1948 1435 non
1968 1408 2074 1443 fuisse,

208 1457 440 1485 manifesturnst.
480 1455 546 1482 Nec
567 1455 667 1483 sicubi
688 1456 725 1482 ab
746 1456 809 1483 illis
831 1456 994 1484 dissentire
1015 1455 1176 1491 uidentur,
1197 1461 1362 1494 propterea
1382 1456 1498 1484 diuersi
1517 1456 1611 1484 fuisse
1632 1454 1788 1482 iudicandi
1809 1459 1888 1490 sunt,
1908 1465 1976 1483 cum
1996 1455 2072 1483 Lal-

208 1504 380 1531 lemandum
400 1508 431 1530 et
450 1502 724 1540 neglegentissume
745 1503 903 1531 codicibus
925 1503 988 1531 suis
1016 1513 1104 1532 usum
1124 1513 1206 1539 esse,
1239 1508 1271 1533 et
1296 1503 1453 1533 hominem
1479 1502 1686 1541 magnilocum
1712 1502 1947 1542 mendacemque
1967 1503 2072 1538 fuisse,

208 1550 395 1579 certissumis
415 1548 601 1588 argumentis
622 1549 825 1578 demonstrari
845 1550 953 1589 possit.

1039 1654 1157 1691 CAP.
1198 1657 1244 1691 ΙΙ.

414 1727 480 1755 DE
510 1726 755 1758 CODICUM
789 1728 1248 1759 ENUMERATORUM
1283 1729 1509 1759 ORIGINE
1536 1728 1601 1758 ET
1631 1729 1866 1759 FAMILIA.

1103 1805 1130 1847 §.
1152 1814 1178 1840 1.

283 1868 395 1897 Cuncti
416 1869 554 1905 codices,
574 1874 705 1908 excepto
725 1869 940 1906 Ambrosiano,
961 1880 999 1899 ex
1018 1881 1081 1900 uno
1103 1872 1271 1911 eodemque
1290 1870 1382 1907 libro,
1403 1871 1456 1909 qui
1478 1876 1641 1910 corruptus
1662 1870 1721 1899 iam
1741 1875 1772 1898 et
1791 1869 1994 1909 interpolatus
2014 1881 2071 1900 nec

207 1915 379 1953 antiquior,
404 1922 439 1945 ut
458 1917 601 1953 uidetur,
631 1918 837 1946 Ambrosiano
859 1922 939 1953 erat,
967 1918 1119 1955 originem
1139 1919 1303 1948 duxerunt.
1342 1919 1485 1948 Efficitur
1504 1919 1564 1947 1100
1584 1918 1746 1947 manifesto
1767 1928 1806 1946 ex
1825 1918 1943 1956 aliquot
1962 1928 2072 1947 corru-

206 1963 318 2001 pteliS,
345 1973 420 2001 quae
441 1965 582 1992 omnibus
602 1965 669 1992 istis
691 1965 848 1993 codicibus
879 1975 1044 1994 conmuncs
1071 1970 1160 2001 sunt,
1193 1976 1275 1995 nunc
1304 1967 1425 1995 demum
1451 1966 1526 1994 libri
1545 1966 1742 1993 Ambrosiani
1763 1966 1946 1994 auctoritate
1966 1975 2072 1994 emen-

208 2010 304 2038 datae.
342 2011 389 2039 Ita
409 2022 513 2040 ornnes
534 2012 656 2039 codices
675 2021 699 2039 c.
716 2012 759 2039 X.
786 2010 813 2051 §.
831 2013 876 2041 26.
898 2018 1043 2051 corrupte
1064 2014 1153 2040 ciuili
1173 2024 1272 2042 errore
1292 2015 1446 2049 scribunt,
1467 2023 1522 2052 pro
1544 2024 1603 2051 quo
1624 2014 1707 2041 solus
1727 2013 1948 2041 Ambrosianus
1967 2023 2072 2042 ueram

208 2058 390 2095 scripturam
417 2059 508 2086 ciuili
526 2059 618 2096 ferro
638 2059 783 2086 seruauit.
822 2059 901 2088 Nam
929 2061 1012 2098 quod
1039 2060 1099 2088 duo
1126 2060 1216 2096 libri,
1243 2060 1314 2089 Urs.
1342 2067 1373 2089 et
1392 2061 1456 2089 Pal.
1476 2066 1649 2098 septimius,
1676 2060 1790 2088 habent
1817 2071 1939 2094 cruore,
1972 2060 2005 2088 id
2032 2070 2072 2088 ex

208 2115 308 2132 errore
327 2105 448 2132 demum
469 2110 570 2133 ortum
591 2115 672 2141 esse,
699 2111 878 2144 apcrtumst.
919 2107 1017 2135 Simul
1044 2111 1145 2134 autem
1165 2107 1436 2143 adtendendumst,
1471 2117 1540 2135 cum
1566 2107 1743 2144 librarium,
1777 2109 1829 2146 qui
1856 2118 1913 2146 pro
1941 2107 2072 2145 genuina

208 2150 360 2188 scriptura
380 2152 522 2180 FERRO
542 2153 682 2190 posuerit
696 2154 888 2188 ERRORE,
921 2153 1096 2191 corrigendi
1116 2164 1226 2182 munus
1245 2155 1306 2183 sibi
1326 2156 1493 2193 adrogasse.
1533 2154 1612 2182 Nam
1633 2165 1701 2183 cum
1721 2160 1772 2183 aut
1790 2154 1903 2183 ERRO
1922 2154 2071 2193 scriptum

207 2198 410 2236 repperisset,
436 2203 488 2226 aut
507 2198 573 2236 ipse
593 2198 728 2228 litteram
747 2203 779 2229 F
794 2206 924 2239 propter
944 2205 1122 2239 sequentem
1141 2202 1173 2229 E
1189 2201 1385 2231 simillumam
1404 2200 1607 2239 neglexisset,
1628 2201 1769 2230 maluisse
1790 2201 1907 2240 aliquid
1926 2201 2070 2237 seribere,

209 2245 290 2282 quod
309 2246 412 2274 sensui
432 2245 653 2283 quodammodo
674 2247 842 2276 conuenire
863 2248 1038 2283 uideretur,
1067 2259 1155 2286 quam
1176 2255 1321 2287 corrupta
1340 2250 1434 2278 uerba
1454 2259 1490 2277 ex
1510 2249 1599 2277 ciuili
1618 2260 1685 2277 erro
1710 2249 1847 2278 retinere
1868 2249 2068 2286 intellegitur.

207 2292 305 2319 Porro
326 2292 406 2320 idem
426 2292 475 2320 illi
495 2292 615 2320 codices
636 2293 673 2321 ad
693 2304 787 2323 unum
808 2305 913 2323 omnes
940 2306 965 2324 c.
986 2295 1149 2323 XXXIV.
1175 2294 1202 2334 §.
1222 2297 1268 2325 83.
1287 2296 1398 2324 uitiose
1418 2296 1559 2324 scribunt
1579 2307 1614 2324 ex
1634 2297 1688 2325 illo
1708 2296 1826 2324 ambita
1845 2297 1992 2330 traxisse,
2010 2305 2069 2334 pro

208 2338 318 2375 quibus
344 2339 448 2367 uerbis
475 2349 553 2367 unus
573 2339 794 2370 Ambrosianus
815 2342 927 2370 iterum
953 2348 1038 2371 recte
1065 2341 1140 2370 haec
1166 2342 1274 2371 habet:
1309 2345 1398 2371 exilio
1426 2344 1576 2371 ambitum
1603 2345 1761 2377 sanxisse;
1794 2352 1853 2380 quo
1880 2341 1971 2370 modo
1998 2347 2070 2370 ante

206 2389 364 2422 repertum
383 2386 621 2414 Ambrosianum
642 2386 825 2417 Garatonius
846 2389 905 2417 iam
926 2390 1110 2418 Ciceronem
1130 2390 1289 2428 scripsisse
1309 2396 1397 2419 acute
1418 2391 1620 2420 diuinanerat.
1659 2388 1878 2418 Ambrosianus
1898 2388 1993 2426 igitur
2014 2399 2069 2427 pa-

206 2431 382 2469 limpsestus
407 2434 661 2471 quemadmodum
680 2435 837 2474 antiquior
857 2441 903 2465 est
927 2437 1057 2476 reliquis
1083 2437 1243 2466 codicibus
1271 2438 1431 2474 omnibus,
1465 2437 1510 2467 ita
1529 2449 1568 2467 ex
1587 2437 1715 2466 meliore
1735 2435 1827 2463 etiam
1848 2440 1878 2463 et
1898 2435 2067 2474 integriore

205 2477 292 2507 sonte
310 2479 436 2508 fluxisse
455 2480 656 2518 intellegitur.
