2185 2720
910 132 1042 163 CAP.
1080 130 1193 160 xxv.
1227 128 1255 170 ς.
1290 135 1336 162 eo.
2006 133 2059 162 161

180 214 237 246 uel
259 220 292 245 tu
315 223 335 244 a
352 211 486 250 duello,
522 209 610 252 quod
632 208 746 241 notius
772 214 843 241 erat
864 209 1026 248 uerbum,
1059 217 1199 239 arcesse.
1243 206 1404 249 Aequom
1427 211 1477 237 est
1502 205 1591 238 enim
1613 205 1853 250 orthographia
1873 205 2059 250 posteriore

176 278 239 299 nos
259 265 327 305 uti,
360 264 460 296 modo
485 275 526 295 ne
548 263 726 303 mendosa,
761 261 868 305 qualis
891 267 940 293 est
961 263 997 293 in
1018 259 1169 293 Duellio.
1212 259 1274 292 Est
1296 259 1399 301 igitur
1421 259 1565 291 alterum
1587 261 1621 293 L
1645 260 1909 300 extrudendum,
1941 258 2059 290 deinde

175 330 239 364 pro
262 319 299 351 Ε
320 317 531 349 scribendum
552 317 590 356 I,
622 328 689 359 quo
722 316 784 348 etsi
807 315 947 347 celsiore
974 325 1044 346 non
1067 313 1215 352 utimur,
1253 312 1482 356 diphthongus
1509 319 1621 345 tamen
1643 326 1662 346 a
1686 313 1822 346 Graecis
1848 317 1982 355 accepta
2003 323 2059 343 re-

173 376 418 416 praesentatur.
462 370 533 401 Iam
561 369 598 400 in
628 370 756 401 Catone
785 380 813 400 c.
846 368 895 400 13.
924 368 1090 400 Duillum
1119 377 1139 397 a
1165 365 1258 398 MSis
1288 366 1448 397 traditum
1477 366 1635 398 nonnulli
1663 367 1699 398 in
1727 366 1891 399 Duiliztm
1921 371 2060 408 optume

173 428 426 457 conuerterunt.
469 423 547 454 Hoc
577 428 690 454 autem
717 423 793 454 loco
823 420 997 453 Manutius
1027 431 1143 451 ueram
1172 418 1354 450 lectionem
1384 430 1471 450 unus
1499 419 1707 451 adnotationi
1735 430 1813 451 suae
1834 416 2060 462 praescripsit,

174 484 211 510 et
230 477 321 510 Aldo
344 475 415 508 filio
442 475 669 518 recipiendam
699 475 848 517 reliquit.
891 474 941 507 At
968 473 1004 505 in
1028 473 1191 512 Oratore,
1228 483 1432 514 quamquam
1457 472 1539 504 olim
1569 473 1662 504 uiam
1683 472 1898 515 praeiuerant
1921 470 2061 502 Ciacco-

173 531 253 564 nius
275 529 315 561 ad
336 529 547 570 columnam,
570 530 725 562 Muretus
747 529 788 561 ad
809 526 984 567 Tacitum,
1010 526 1151 558 Colerus
1173 524 1213 556 ad
1235 526 1423 566 Ualerium,
1446 525 1528 557 locis
1552 525 1669 565 citatis,
1692 525 1827 558 Merula
1848 524 1888 555 ad
1908 522 2061 556 Ennium

173 595 212 628 p.
234 584 286 626 59.
309 588 343 614 et
365 581 523 614 schottus
545 581 585 614 ad
609 583 786 616 Uictorem
808 581 883 615 Uir.
907 581 1040 612 inlustr.
1065 591 1092 611 c.
1116 578 1187 611 58.:
1219 579 1333 611 nullus
1356 585 1488 615 tamen,
1518 579 1606 622 quod
1628 579 1747 619 sciam,
1771 578 1877 609 editor
1902 577 1986 616 fuit,
2017 586 2061 607 ne

176 635 354 668 Schutzius
377 634 531 677 quidem,
568 635 626 678 qui
649 648 668 668 a
689 636 854 669 MSorum
885 645 998 667 errore
1021 630 1217 664 discesserit.
1262 632 1382 665 Bilins
1410 644 1512 675 porro
1537 632 1602 664 cito
1628 631 1813 670 obsoleuit3
1847 641 1948 662 nemo
1972 634 2062 660 certe

175 694 331 720 ueterum
351 699 430 719 usus
452 693 520 729 est,
561 695 704 732 excepto
736 688 877 721 fortasse
899 686 1044 729 Polybio
1066 686 1099 725 I,
1130 695 1200 725 22.,
1229 691 1312 727 aput
1341 697 1443 727 quem
1473 686 1531 729 qui
1552 697 1732 730 perperam
1754 684 1791 716 in
1813 681 2061 725 antiquioribus

174 740 270 774 MSis
290 745 340 772 est
361 740 502 785 Λίβιος,
524 741 659 773 uidetur
681 741 786 774 fuisse
807 741 937 779 Βίλιος,
960 751 1047 779 non,
1072 744 1112 770 ut
1133 743 1216 781 aput
1241 744 1368 770 ceteros
1393 739 1505 771 minus
1529 740 1684 782 antiquos
1709 739 1865 776 Graecos,
1888 734 2062 773 Δουίλιος5

178 805 280 837 quam
304 794 481 834 Ciacconi,
503 795 650 834 Mureti,
671 794 788 837 Pighi,
815 800 848 826 et
867 792 987 827 Ursini
1009 791 1212 823 sententiam
1235 791 1382 834 Scaliger
1405 792 1540 835 quidem
1567 792 1850 832 Casaubonusque
1871 788 2062 832 repudiant,

175 853 228 880 set
249 852 338 878 aetas
362 847 486 890 Polybi
508 847 672 886 defendit,
696 858 762 890 qua
783 846 816 879 id
837 846 951 878 audire
973 845 1033 877 ille
1054 844 1183 888 potuit,
1208 845 1290 877 haut
1312 851 1425 877 tamen
1447 857 1489 877 ex
1512 844 1742 878 monumentis
1765 843 1919 875 ediscere.
1963 842 2063 873 Hanc

175 900 323 933 formam
344 899 392 932 sic
412 900 585 931 adamabat
608 899 822 941 Ciacconius,
845 906 885 931 ut
906 899 943 931 in
964 899 1047 930 alios
1071 908 1224 940 quosque
1245 899 1428 931 transferre
1451 899 1573 939 uellet3
1597 898 1741 932 Ursinus
1763 903 1943 940 postquam
1964 894 2063 927 Due-

176 955 267 987 liam
290 954 510 997 probauerat‚
543 953 682 986 Bilium
710 953 746 984 in
767 952 886 985 Seruio
915 951 1037 983 maluit
1058 951 1098 982 ad
1120 952 1223 993 Uerg.
1247 952 1307 983 III.
1332 953 1456 994 Georg.
1481 963 1551 994 29„
1591 951 1680 995 quod
1702 957 1787 983 esset
1810 949 1846 982 in
1868 961 1928 981 suo
1953 947 2064 979 codice

188 1007 327 1045 Uilz'us5
347 1007 501 1038 Muretus
523 1017 605 1037 uero
629 1012 745 1037 contra
769 1006 874 1037 libros
898 1011 931 1037 et
952 1005 1024 1037 sine
1047 1015 1160 1036 caussa
1181 1004 1407 1036 Horatianum
1438 1005 1587 1038 Uillium
1610 1006 1636 1037 I.
1662 1005 1769 1037 Serm.
1794 1014 1823 1042 2,
1849 1002 1900 1035 64.
1923 1000 2065 1034 Milonis

177 1058 407 1091 familiaritate
429 1064 548 1090 notum
570 1059 746 1090 hominem
769 1058 947 1098 deiciebat,
977 1064 1016 1089 ut
1037 1057 1175 1090 Bilz'um
1197 1058 1308 1090 nescio
1330 1070 1430 1100 quem
1454 1059 1691 1090 introduceret.
1742 1057 1860 1089 Uilins
1882 1056 1919 1087 iu
1942 1054 2062 1086 Seruio

176 1110 296 1144 Iulius
318 1117 383 1142 est:
410 1123 490 1143 nam
511 1111 561 1147 ibi
581 1111 729 1144 Duilius
751 1123 813 1154 per
834 1111 987 1143 librarios
1011 1121 1046 1142 D.
1071 1120 1207 1142 IULIUS.
1231 1117 1302 1143 erat
1324 1111 1449 1151 factus,
1472 1112 1590 1143 deinde
1612 1112 1660 1144 D.
1683 1110 1855 1149 omissum,
1881 1108 1981 1140 etiam
2004 1107 2065 1138 ad-

177 1165 286 1196 ditum
309 1163 456 1203 Caesar3
503 1175 588 1207 quae
616 1175 669 1196 res
692 1165 868 1196 Donatum
896 1165 919 1196 l.
943 1176 971 1195 c.
996 1163 1255 1206 Nardinumque
1277 1165 1378 1196 Rom.
1409 1165 1514 1207 antiq.
1538 1165 1589 1205 V,
1623 1165 1671 1197 16.
1701 1175 1736 1207 p.
1760 1163 1832 1195 515.
1854 1161 1901 1192 ita
1923 1158 2064 1201 decepit,

177 1224 218 1251 ut
240 1217 398 1249 Seruium
423 1216 464 1248 de
488 1217 526 1248 C.
548 1216 668 1249 Duilio
691 1217 843 1248 locutum
865 1228 953 1257 esse,
982 1227 1025 1247 ne
1047 1228 1091 1248 ex
1112 1217 1303 1249 Poenorum
1330 1218 1465 1260 quidem
1490 1217 1662 1250 mentione
1686 1214 1954 1247 i11tellexerint‚“
1984 1213 2064 1246 GA-

178 1279 381 1305 RATONIUs.
424 1269 517 1301 Male
538 1270 711 1313 uolgarem
733 1270 935 1314 scripturam
954 1270 1094 1302 Duellii
1112 1271 1156 1303 A.
1175 1270 1286 1303 Maius
1309 1271 1349 1302 ad
1371 1271 1397 1303 Ι.
1420 1271 1460 1303 de
1481 1272 1534 1304 Re
1558 1284 1592 1315 p.
1618 1272 1656 1303 C.
1679 1271 1706 1302 I.
1729 1275 1855 1301 tuetur.

264 1324 379 1358 Atilio
402 1321 576 1366 Calatino)
621 1324 771 1355 Sermost
799 1323 839 1355 de
860 1324 905 1357 A.
931 1324 1040 1356 Atilio
1064 1324 1235 1365 Calatino,
1271 1324 1330 1368 qui
1351 1336 1381 1356 a.
1403 1336 1438 1356 u-
1461 1324 1535 1368 496.
1559 1331 1593 1357 et
1614 1325 1687 1358 500.
1710 1322 1827 1355 consul
1848 1320 1924 1354 fuit.
1971 1320 2065 1352 Con-

177 1377 319 1424 ponitur
342 1387 419 1407 cum
442 1376 560 1408 Duilio
584 1376 685 1408 etiam
708 1388 727 1408 a
747 1377 817 1408 Cic.
843 1377 884 1408 de
905 1378 957 1408 Re
979 1377 1114 1420 publica
1136 1378 1168 1417 I,
1196 1389 1224 1409 1.

265 1430 410 1464 Etenim
430 1430 467 1462 in
489 1431 623 1462 uirtute
644 1431 748 1462 multi
776 1436 856 1462 sunt
879 1431 1051 1472 ascensus)
1096 1431 1238 1474 Duplex
1269 1430 1371 1462 huius
1399 1430 1466 1463 loci
1494 1431 1658 1475 scriptura
1687 1430 1725 1463 in
1753 1428 1920 1461 codicibus
1951 1431 2064 1464 extat3

179 1484 313 1529 optumi
333 1483 429 1523 libri,
460 1483 486 1514 B
507 1489 540 1514 et
561 1483 602 1523 E,
626 1484 672 1515 sic
693 1483 859 1516 scribunt:
900 1484 1043 1516 Etenim
1065 1484 1102 1517 in
1127 1485 1260 1517 uirtute
1281 1484 1386 1516 multi
1407 1491 1489 1518 sunt
1511 1497 1693 1524 ascensus,-
1726 1483 1844 1516 ceteri:
1878 1482 1946 1515 Est
1972 1479 2065 1512 enim

178 1541 218 1572 in
240 1538 374 1571 uirtute
398 1536 519 1568 multis
541 1549 713 1570 ascensus.
754 1529 1035 1577 Lambinus,'cui
1057 1537 1172 1580 ignota
1194 1544 1414 1581 optumorum
1436 1538 1530 1571 codd.
1553 1539 1716 1583 scriptura
1739 1544 1825 1575 erat,
1855 1535 1996 1566 alteram
2018 1531 2065 1562 sic

179 1589 382 1625 inmutauit:
429 1590 497 1621 Est
524 1590 616 1622 enim
648 1591 685 1622 in
708 1591 840 1623 uirtute
862 1590 995 1622 multus
1019 1603 1180 1623 ascensus
1208 1597 1241 1623 et
1263 1598 1436 1634 praeterea
1459 1592 1541 1624 haec
1567 1592 1721 1624 monuit:
1757 1589 1886 1631 „Nihil
1915 1586 1987 1619 fere
2008 1584 2064 1616 in-

178 1643 312 1679 mutaui
334 1653 378 1674 ex
404 1642 542 1683 antiqua
563 1642 744 1685 scriptura3
780 1649 911 1675 tantum
935 1654 977 1674 ex
1002 1644 1123 1675 multis
1146 1643 1210 1676 feci
1232 1646 1372 1678 multus.
1417 1646 1476 1677 Set
1497 1645 1600 1677 uelim
1622 1657 1687 1689 pro
1712 1646 1748 1677 z‘rz
1773 1644 1906 1676 uirtute
1928 1638 1995 1682 legi
2017 1637 2065 1670 ad

177 1700 357 1733 uirtutem.
401 1694 475 1727 Alii
497 1694 544 1726 sic
567 1695 702 1738 legunt,
725 1697 868 1728 Etenim
892 1697 940 1729 acl
961 1697 1129 1729 uirtutem
1150 1698 1254 1730 multi
1275 1705 1357 1731 sunt
1378 1711 1557 1738 ascenszcs;
1601 1710 1702 1741 quam
1731 1697 1914 1729 lectionem
1936 1691 2059 1735 probo.

177 1751 253 1787 Alii
274 1750 321 1782 sic
343 1747 410 1791 legi
432 1748 572 1780 uolunt:
596 1755 648 1781 est
669 1750 760 1782 enim
781 1751 829 1782 ad
848 1751 1017 1782 uirtutem
1037 1752 1173 1791 unicas,
1196 1763 1254 1783 seu
1277 1764 1367 1784 lmus
1389 1764 1569 1791 ascensus-,-
1617 1762 1717 1793 quam
1743 1749 1843 1780 etiam
1868 1746 2059 1791 probarem,

176 1804 246 1838 nisi
274 1809 344 1835 tam
370 1801 471 1844 longe
502 1801 631 1833 abesset
661 1803 705 1834 ab
733 1804 871 1845 antiqua
901 1804 1075 1846 scriptura.
1121 1806 1179 1836 Set
1208 1816 1377 1848 proxuma
1399 1805 1551 1848 superior
1576 1803 1663 1835 mihi
1684 1802 1789 1845 magis
1811 1800 1990 1844 probatur,
2023 1802 2062 1828 ut

178 1869 257 1889 cum
279 1855 451 1887 Ciceronis
472 1865 571 1885 sensu
592 1856 697 1898 magis
719 1863 950 1888 consentanea.
995 1858 1072 1889 Hoc
1101 1857 1192 1889 enim
1215 1858 1316 1889 sentit
1342 1858 1475 1898 Cicero,
1512 1857 1684 1889 neminem
1707 1866 1842 1895 eorum,
1881 1852 1940 1896 qui
1961 1850 2062 1884 hodie

177 1910 314 1948 uiuant,
347 1919 418 1938 esse
441 1907 543 1939 Curio
567 1914 600 1939 et
624 1909 777 1941 Fabricio
803 1916 836 1942 et
859 1910 979 1942 ceteris
1015 1910 1162 1953 antiquis
1183 1911 1349 1943 similibus
1386 1911 1514 1943 uirtute
1535 1922 1669 1955 paremg,
1711 1909 1838 1942 multos
1858 1913 1973 1938 tamen
1996 1904 2062 1936 ho-

177 1963 317 1997 noribus
346 1972 415 1992 esse
445 1972 552 2004 pares.
596 1961 698 1993 Ratio
726 1963 811 1994 haec
840 1970 908 1997 est:
950 1976 1029 1996 nam
1059 1965 1229 1996 honorum
1257 1963 1333 1996 finis
1365 1970 1415 1996 est
1442 1965 1632 1997 consulatus
1642 1976 1652 2003 3
1692 1963 1729 1994 ad
1757 1972 1857 2004 quem
1886 1970 1964 1990 cum
1987 1956 2061 1999 ‘1¹³js

177 2014 379 2053 ascenderit,
415 2014 514 2046 altius
536 2015 693 2057 progredi
724 2027 794 2047 non
823 2023 954 2060 potest3
992 2017 1029 2049 in
1051 2017 1178 2049 uirtute
1200 2028 1299 2057 uero,
1335 2029 1393 2048 seu
1420 2018 1459 2049 ad
1482 2018 1643 2050 uirtutem
1665 2015 1766 2047 multi
1787 2020 1866 2046 sunt
1890 2021 2062 2049 ascensus3

176 2069 303 2111 aliique
322 2067 396 2098 aliis
419 2073 497 2098 sunt
518 2068 645 2099 uirtute
667 2071 938 2112 praestantiores.
982 2070 1088 2104 Uerbi
1118 2082 1230 2102 caussa
1258 2070 1389 2113 antiqui
1419 2071 1546 2103 uirtute
1572 2069 1670 2102 nobis
1700 2067 1921 2106 antecellunt,
1951 2074 2062 2106 neque

176 2122 276 2156 nobis
307 2120 347 2151 ad
376 2131 493 2151 eorum
515 2120 651 2153 uirtutis
680 2123 946 2165 magnitudinem
972 2123 1153 2167 peruenire
1182 2123 1278 2163 licet;
1319 2130 1369 2156 set
1390 2124 1448 2156 alii
1468 2130 1621 2156 nostrum
1647 2122 1686 2153 ad
1709 2133 1782 2153 eam
1803 2119 1945 2163 propius
1968 2127 2062 2149 acce-

178 2177 281 2214 dunt,
316 2173 374 2205 alii
396 2172 530 2215 longius
558 2174 599 2205 ab
629 2186 667 2206 ea
700 2176 831 2208 absunt.
875 2177 1020 2208 Eosdem
1048 2178 1194 2209 honores
1223 2183 1352 2217 tamen,
1390 2189 1472 2219 quos
1498 2176 1550 2208 illi
1573 2181 1749 2219 ceperunt,
1788 2179 1923 2205 nostrae
1945 2168 2061 2202 aetatis

177 2228 334 2263 homines
362 2237 462 2269 quam
494 2225 645 2268 plurumi
674 2235 752 2261 sunt
780 2230 960 2262 consecuti.
1014 2230 1127 2273 Quare
1155 2230 1291 2262 uirtutis
1321 2230 1421 2261 multi
1450 2236 1529 2262 sunt
1558 2241 1730 2268 ascensus,
1766 2225 1904 2259 honoris
1930 2224 2061 2256 unus.“

178 2283 272 2314 Haec
293 2279 497 2319 Lambinus,
524 2280 644 2322 quibus
669 2282 835 2315 Graeuius
857 2283 1018 2315 deterreri
1039 2295 1109 2315 non
1131 2283 1260 2327 potuit,
1295 2283 1474 2326 quominus
1497 2283 1667 2325 uolgatam
1689 2281 1889 2324 scripturam
1913 2276 2060 2309 deterio-

180 2345 258 2366 rum
288 2333 439 2365 codicum
466 2340 625 2366 seruaret.
669 2335 719 2366 Ea
740 2341 853 2366 autem
881 2335 963 2366 ferri
984 2337 1079 2368 nullo
1102 2336 1202 2368 modo
1227 2341 1349 2378 potest.
1394 2336 1508 2367 Prima
1530 2347 1642 2367 caussa
1664 2335 1745 2366 haec
1768 2339 1833 2372 est,
1870 2330 1959 2374 quod
1981 2341 2062 2362 uer-

181 2387 264 2418 bum
288 2393 357 2425 est,
380 2398 501 2428 quom,
525 2393 564 2419 ut
587 2387 651 2418 hoc
672 2387 766 2427 loco,
790 2387 863 2419 sine
884 2389 1064 2431 praecipua
1086 2390 1123 2421 ui
1146 2395 1213 2428 est,
1239 2388 1275 2419 in
1295 2387 1394 2419 initio
1420 2388 1659 2421 enuntiationis
1687 2384 1853 2418 conlocari
1873 2393 2061 2424 numquam

182 2440 283 2477 solet3
317 2439 420 2472 altera
446 2441 587 2484 positast
615 2441 651 2472 in
679 2452 795 2482 sensu,
830 2453 931 2485 quem
958 2443 1122 2485 scriptura
1154 2442 1212 2474 illa
1239 2442 1395 2485 praebet,
1432 2443 1473 2474 ab
1501 2443 1565 2474 hoc
1587 2443 1661 2473 loco
1685 2440 1786 2484 plane
1812 2437 1933 2471 alieno.
1977 2436 2060 2468 Non

1607 2500 1643 2527 33
