2185 2720
141 157 196 188 128
792 155 1363 186 COMMENTARIUS.

141 229 306 271 gebantur
334 239 353 259 a
374 234 549 271 praetore,
585 233 624 259 ut
650 226 816 267 arbitror,
850 227 954 270 idque
981 243 1112 263 summa
1141 230 1333 272 dilige11tia3
1368 229 1459 272 quod
1490 241 1534 262 ex
1557 241 1597 262 eo
1619 239 1766 273 constat,
1798 232 2018 278 principibus

140 282 309 325 equestris
332 282 464 313 ordinis
472 292 550 320 3-ex
572 280 613 311 iis
635 286 747 311 autem
771 281 820 320 L,
844 293 927 323 quos
949 294 1044 323 reus,
1067 283 1209 316 LXXV
1231 282 1380 322 reiectis,
1403 281 1587 321 referebat,
1610 291 1851 317 accussatorem
1874 284 2019 316 edidisse

141 340 224 377 puto
246 345 328 375 qnos
352 333 506 371 nolebat3
541 332 631 373 quod
654 344 712 363 reo
736 344 805 364 non
827 333 965 366 uidetur
988 336 1103 368 obesse
1126 334 1291 378 potuisse,
1325 345 1401 366 cum
1425 335 1608 368 ederentur
1631 346 1674 366 ex
1695 335 1736 366 iis
1758 336 1809 376 L,
1841 348 1923 379 quos
1945 336 2019 379 ipse

139 387 324 429 probasset.
369 385 474 416 Recte
496 385 600 426 igitur
623 384 730 424 dixit,
762 397 883 417 nomen
907 387 994 419 editi
1016 389 1160 426 iudicis,
1192 386 1287 428 quasi
1309 398 1434 418 nomen
1457 388 1569 430 ipsum
1592 392 1724 418 tantum
1746 387 1784 418 in
1806 399 1919 420 caussa
1938 399 2021 420 uer-

138 445 286 477 saretur,
309 447 362 468 res
384 435 457 478 ipsa
479 437 573 467 nulla
595 442 697 476 esset,
722 443 841 479 utpote
863 449 941 469 cum
963 439 1021 470 illa
1045 439 1148 470 editio
1170 450 1268 470 reum
1290 451 1359 471 non
1381 439 1542 471 laederet.
1587 439 1747 472 Occurrit
1770 439 1836 471 alia
1859 440 2020 481 quaestio,

139 503 199 522 cur
227 490 327 521 unius
351 487 514 528 equestris
538 487 666 519 ordinis
688 489 816 520 mentio
841 489 914 529 fiat,
948 497 1118 523 senatores
1144 491 1340 533 tribunique
1363 492 1486 523 aerarii
1514 491 1733 531 omittantur3
1768 491 1862 533 quasi
1883 503 1954 523 non
1975 502 2020 524 ex

138 543 179 574 iis
204 540 366 573 reiciendi
392 538 584 571 facultatem
608 552 684 572 reus
711 541 868 579 haberet,
903 548 962 573 aut
984 543 1009 574 ii
1031 554 1099 574 non
1122 542 1203 574 item
1227 549 1265 574 ut
1290 544 1419 586 equites
1445 544 1638 575 ederentur.
1682 543 1905 586 Respondete
1928 543 2020 584 licet,

139 595 228 637 qnod
254 605 329 625 cum
353 591 484 623 ratione
507 593 688 624 consentit:
714 604 790 623 cum
813 598 880 624 tres
905 594 1040 626 ordines
1065 594 1269 636 indicarent,
1296 607 1364 627 non
1388 607 1431 627 ex
1453 608 1522 627 uno
1546 595 1711 638 equestri,
1741 602 1792 628 set
1814 607 1857 627 ex
1879 594 2021 637 reliquis

138 658 274 690 quoque
298 645 428 676 duobus
451 655 548 674 reum
572 644 735 685 quosdam
758 645 922 686 reiecisse,
945 647 1028 679 alios
1050 648 1238 687 rettulisse,
1263 659 1306 679 ex
1328 648 1442 680 relatis
1465 655 1579 680 autem
1600 654 1844 680 accussatorem
1865 647 2020 679 edidisse.

137 701 352 732 Misenus.
398 695 562 727 Oratione
584 707 648 738 pro
674 696 809 728 Plancio
836 705 1111 730 conmemoratur
1139 699 1302 742 quaedam
1324 700 1381 731 lex
1406 701 1447 732 de
1471 701 1616 739 ambitu,
1648 711 1733 742 quae
1755 706 1868 731 tamen
1889 700 2021 743 perlata

137 763 207 783 non
231 757 298 788 est,
325 759 390 790 qua
411 747 575 778 iudicium
598 747 676 778 illut
701 748 764 779 soli
788 749 901 781 ordini
925 751 1073 792 equestri
1097 751 1372 784 demandabatur.
1417 754 1505 785 Cum
1526 752 1614 783 nihil
1637 758 1800 792 occurrat,
1824 752 1915 795 quod
1937 763 2022 784 con·-

136 809 189 834 tra
213 812 396 843 reponam,
423 799 537 830 locum
560 799 673 842 ipsum
695 801 872 843 explicabo
895 803 1092 834 accuratius.
1137 805 1186 837 Ut
1208 804 1298 835 enim
1321 804 1474 836 Liciniae
1495 804 1578 847 legis
1602 803 1643 834 de
1665 804 1832 836 sodaliciis
1855 803 2021 836 acerbita-

136 860 207 886 tem
235 852 433 895 amplificet,
469 863 531 894 per
560 863 661 893 quam
683 859 871 884 accussator
898 855 1008 886 tribus
1038 854 1173 895 edebat,
1212 867 1255 887 ex
1286 855 1406 897 quibus
1434 861 1572 898 praetor
1601 857 1680 898 [hoc
1706 856 1829 888 falsum
1851 867 1948 897 esse,¹
1975 867 2019 888 ex

136 907 270 948 Proleg.
299 906 340 936 L.
364 904 424 934 III.
449 905 487 935 C.
512 904 570 935 III.
599 905 627 945 §.
651 905 681 936 5.
711 906 876 947 apparet.]
909 906 1038 939 iudices
1064 908 1246 939 sortiretur
1267 908 1304 940 in
1326 920 1442 947 reum,
1476 909 1637 950 exponit,
1673 920 1774 951 quam
1796 910 1840 941 sit
1861 909 2020 940 acerbum

135 957 301 990 iudicium
331 956 425 995 illut,
461 956 552 998 quod
581 968 601 987 a
623 956 789 988 iudicibus
820 957 861 988 ab
885 966 1092 990 accussatore
1121 960 1219 992 editis
1247 960 1315 992 flat.
1360 961 1416 992 Sic
1439 966 1552 991 autem
1581 962 1692 1003 arguit
1720 973 1739 992 a
1762 961 2019 1004 conparatione:

136 1012 195 1045 An
219 1023 300 1043 uero
323 1021 433 1052 nuper
455 1009 655 1040 clarissumi
684 1010 775 1041 ciues
799 1022 920 1042 nomen
946 1012 1032 1043 editi
1055 1012 1182 1044 iudicis
1204 1025 1271 1045 non
1300 1014 1475 1053 tulerunt,
1509 1026 1587 1045 cum
1608 1027 1649 1046 ex
1672 1014 1816 1047 CXX'V
1833 1012 2018 1051 iudicibus,

134 1063 352 1107 principibus
385 1063 552 1104 equestris
582 1062 735 1099 ordinis,
776 1062 926 1105 quinque
953 1069 986 1094 et
1015 1065 1242 1107 septuaginta
1270 1077 1349 1097 reu-s·
1371 1067 1531 1104 reiceret,
1568 1067 1826 1109 quinquaginta
1850 1065 2016 1109 referret.-

137 1128 198 1147 nos
221 1127 327 1158 neque
351 1126 392 1146 ex
414 1115 553 1145 delectis
576 1114 770 1152 indie-ibim,
802 1119 853 1145 set
876 1127 916 1146 ex
940 1117 1033 1147 omni
1048 1118 1199 1159 populo,
1230 1129 1339 1161 neque
1360 1118 1469 1149 editos
1491 1118 1539 1149 cul
1561 1119 1790 1157 reiciendum,
1821 1123 1873 1150 set
1893 1117 1936 1149 ab
1957 1129 2017 1149 ao-

137 1173 311 1199 cussatore
339 1167 542 1199 constitutos
573 1167 704 1198 iudices
734 1167 786 1198 ita
807 1164 985 1207 feremus,
1022 1174 1062 1200 ut
1088 1170 1258 1201 neminem
1287 1170 1496 1202 reicianzus?
1540 1170 1667 1202 Actum
1697 1168 1809 1200 fuerat
1838 1168 1874 1199 in
1899 1174 2017 1200 senatu

135 1220 238 1262 paulo
260 1225 356 1259 ante,
381 1224 421 1249 ut
442 1218 587 1250 ambitus
610 1219 734 1249 iudicia
756 1218 820 1248 hoc
842 1218 944 1249 niodo
968 1219 1106 1251 fierent:
1142 1220 1270 1251 Ederet
1291 1228 1479 1254 accussator
1502 1234 1545 1254 ex
1568 1221 1688 1254 ordine
1714 1227 1846 1252 tantum
1869 1219 2018 1262 equestri

136 1272 264 1304 iudices
291 1277 427 1303 centum
450 1270 571 1312 uiginti
596 1271 763 1312 quinque3
794 1281 870 1301 reus
895 1281 938 1301 ex
961 1271 1002 1302 iis
1027 1272 1170 1303 reiceret
1191 1273 1402 1315 septuaginta
1425 1274 1595 1316 quinque3
1630 1273 1872 1316 quinquaginta
1893 1271 2019 1315 reliqui

135 1324 342 1364 iudicarent3
383 1330 433 1355 set
454 1322 650 1354 huiusmodi
673 1322 777 1353 iudici
800 1321 947 1353 sormam
971 1323 1157 1355 clarissumi
1180 1325 1334 1357 homines
1356 1326 1634 1369 repudiauerunt.
1679 1327 1769 1357 Nam
1791 1325 1918 1356 iudices
1939 1325 2018 1357 illos

135 1384 273 1409 centum
302 1376 426 1419 uiginti
457 1375 606 1417 quinque
635 1374 782 1405 edendos
812 1373 916 1405 fuisse
939 1375 979 1405 ab
1003 1382 1225 1415 accmsatore,
1258 1389 1328 1408 11011
1350 1389 1369 1409 a
1391 1384 1547 1421 praetore
1578 1378 1670 1420 ipso,
1703 1383 1742 1408 ut
1765 1377 1865 1420 uolgo
1896 1377 2018 1409 docent

135 1435 431 1467 commentatores,
458 1427 675 1470 perspicuum
699 1433 766 1465 est3
790 1427 942 1468 alioquin
964 1427 1157 1459 deteri-uma
1176 1428 1293 1460 fuisset
1316 1430 1531 1462 accussatoris
1559 1429 1724 1469 conditio,
1749 1429 1807 1471 qui
1829 1441 1939 1472 neque
1959 1441 2016 1461 re-

135 1493 267 1514 cussare
296 1487 410 1524 posset
436 1480 529 1510 datos
558 1490 577 1510 a
601 1485 757 1521 praetore
792 1478 937 1517 iudices,
971 1491 1081 1522 neque
1111 1492 1154 1512 ex
1184 1481 1251 1513 illis
1284 1494 1489 1525 quemquam
1512 1482 1659 1521 reicere,
1692 1491 1768 1511 cum
1794 1487 1862 1512 tam
1890 1482 2016 1514 multos

134 1533 297 1567 reiciendi
321 1532 513 1563 facultatem
539 1542 616 1561 reus
640 1530 790 1562 haberet.
835 1531 937 1573 Quod
961 1532 1062 1563 etiam
1086 1543 1129 1563 ex
1151 1532 1210 1572 iis,
1235 1546 1319 1576 quae
1339 1541 1509 1574 secuntur,
1532 1534 1561 1566 si
1583 1539 1672 1565 recte
1695 1532 1914 1565 adtendamus
1936 1545 2018 1565 uer-

135 1587 259 1619 borum
281 1585 353 1615 uim
375 1595 413 1614 ac
434 1583 635 1622 sententiae,
666 1589 782 1625 aperte
805 1584 1004 1626 conligitur:
1041 1596 1102 1616 nos
1124 1597 1232 1628 neque
1253 1599 1294 1618 ex
1316 1588 1456 1619 delectis
1478 1587 1671 1624 iudicibus,
1704 1592 1755 1618 set
1777 1598 1818 1618 ex
1841 1587 1934 1618 omni
1948 1599 2017 1631 po-

135 1639 240 1682 pulo,
271 1648 378 1680 neque
400 1637 508 1668 editos
530 1637 577 1668 ad
599 1636 827 1675 reiciendum,
862 1642 912 1668 set
934 1637 976 1668 ab
999 1643 1216 1670 accus-satore
1237 1640 1440 1671 constitutos
1468 1640 1598 1672 iudices
1621 1639 1673 1669 ita
1685 1637 1862 1680 feremus,
1894 1645 1935 1670 ut
1956 1651 2016 1672 ne-

137 1691 264 1722 minem
285 1689 494 1720 reio-inmas?
537 1689 659 1719 Sensus
683 1694 750 1719 est:
789 1687 919 1720 Iudices
942 1688 1089 1721 feremus
1110 1702 1179 1721 non
1202 1690 1309 1722 editos
1335 1703 1378 1722 ex
1403 1691 1538 1722 delectis
1560 1688 1745 1727 iudicibus,
1781 1695 1832 1720 set
1855 1701 1898 1721 ex
1921 1692 2016 1724 omni

136 1741 277 1785 populo,
299 1751 369 1771 nou
391 1740 498 1772 editos
519 1741 561 1772 ad
586 1740 816 1772 reiciendum?
862 1742 946 1772 Tria
967 1741 1114 1773 notanda
1137 1742 1296 1774 ueniunt:
1321 1743 1468 1774 delectus
1490 1742 1650 1780 iudicum,
1675 1740 1789 1780 editio,
1812 1747 1846 1772 et
1866 1742 2015 1776 reiectio.

137 1795 283 1825 Necesse
306 1798 377 1823 erat
399 1792 493 1834 prius
517 1793 664 1836 deligere
685 1793 822 1832 iudices,
848 1805 948 1836 quam
971 1794 1089 1826 edere:
1114 1808 1154 1827 ex
1167 1796 1306 1827 delectis
1330 1795 1502 1827 iudicibus
1524 1795 1651 1832 eclitos3
1673 1792 1769 1835 prius
1792 1794 1891 1826 edere
1914 1807 2016 1838 quam

137 1845 284 1877 reicere:
318 1845 426 1876 editos
448 1846 496 1877 acl
517 1847 736 1878 reiciendmn.
781 1847 862 1877 Non
884 1846 1006 1887 igitur,
1036 1853 1074 1878 ut
1095 1853 1192 1889 putat
1210 1848 1401 1886 Manutius,
1430 1853 1509 1890 post
1530 1846 1650 1878 saetam
1673 1845 1890 1878 reiectionem
1914 1859 1934 1879 a
1954 1860 2014 1881 reo

138 1908 182 1928 ex
205 1896 448 1938 quinquaginta
469 1898 608 1939 reliquis
641 1898 760 1930 edebat
782 1898 908 1929 iudices
938 1905 1140 1938 accussator,
1177 1906 1228 1930 set
1253 1899 1320 1931 iam
1340 1899 1393 1930 illi
1415 1905 1550 1930 centum
1575 1897 1697 1940 uiginti
1721 1898 1870 1940 quinque
1889 1900 2016 1936 iudices

138 1949 221 1981 editi
242 1948 377 1980 fuerant
400 1949 440 1979 ab
464 1957 682 1982 accussatore.
728 1951 818 1981 Hinc
839 1951 896 1982 lex
919 1951 1008 1994 ipsa,
1045 1963 1147 1994 quam
1175 1963 1218 1982 ex
1242 1952 1275 1983 S.
1300 1952 1338 1984 C.
1362 1950 1500 1993 quidam
1531 1949 1621 1981 ferre
1644 1950 1873 1992 cogitauerant
1894 1964 2015 1997 nuper,

136 2002 263 2034 iudices
295 2000 481 2042 deligebat,
515 2013 592 2033 cum
621 2014 663 2033 ex
695 2003 863 2044 equitibus
888 2004 931 2036 R.
957 2010 1088 2035 tantum
1116 2014 1172 2034 eos
1195 2002 1341 2034 edendos
1365 2014 1435 2034 esse
1466 2002 1729 2046 praescriberet,
1764 2013 1846 2043 quos
1869 2005 2016 2038 oratorie

139 2054 258 2086 Cicero
280 2052 450 2096 principes
474 2054 636 2096 equestris
660 2054 789 2085 ordinis
814 2061 929 2093 uocat3
963 2067 1007 2087 ex
1030 2056 1198 2097 equitibus
1220 2055 1263 2086 R.
1294 2054 1461 2086 iudicibus
1491 2067 1510 2085 a
1531 2055 1604 2096 lege
1628 2053 1712 2085 datis
1735 2061 1871 2087 centum
1894 2057 2016 2099 uiginti

139 2106 288 2148 quinque
310 2111 497 2136 accussator
520 2106 656 2146 edebat3
692 2118 769 2138 reus
792 2109 925 2139 ultumo
950 2120 993 2140 ex
1016 2107 1114 2139 editis
1138 2107 1287 2148 quinque
1310 2113 1344 2138 et
1365 2107 1576 2150 septuaginta
1598 2106 1773 2147 reiciebat3
1803 2108 2015 2151 proindeque

136 2158 189 2190 illi
216 2164 351 2189 centum
379 2157 502 2199 uiginti
532 2158 681 2200 quinque
710 2158 837 2191 iudices
871 2161 1030 2191 dicuntur
1056 2159 1139 2190 editi
1170 2170 1213 2190 ex
1244 2158 1380 2190 delectis
1408 2159 1592 2198 iudicibus,
1626 2159 1709 2190 editi
1731 2159 1773 2190 ad
1796 2159 2012 2195 reiciendum.

139 2210 266 2241 Contra
287 2221 370 2241 uero
392 2211 501 2241 multo
524 2205 732 2242 acerbiorem
754 2212 863 2250 legem
886 2213 1012 2243 tulerat
1035 2213 1191 2244 Crassus:
1227 2211 1377 2252 primum
1400 2217 1439 2242 ut
1460 2218 1647 2242 accussator
1670 2212 1770 2243 edere
1791 2217 1903 2254 posset
1922 2211 2015 2242 iudi-

137 2272 190 2292 ces
212 2273 281 2292 non
304 2273 346 2292 ex
370 2262 496 2294 delecta
518 2264 630 2304 aliqua
652 2269 748 2305 parte
770 2263 908 2305 populi,
935 2275 968 2294 u.
992 2275 1019 2295 c.
1043 2274 1087 2294 ex
1110 2262 1278 2304 equitibus
1295 2263 1348 2302 R„
1374 2269 1424 2294 set
1443 2274 1582 2305 prorsus
1606 2275 1650 2295 ex
1672 2263 1766 2295 omni
1786 2263 1913 2306 populo
1936 2263 2014 2304 [hoe

137 2324 272 2355 quoque
299 2325 368 2345 non
390 2326 511 2346 uerum
534 2327 604 2347 esse
626 2316 759 2357 Proleg·
782 2316 806 2346 l.
829 2315 852 2346 l.
877 2315 1002 2357 docui.]
1016 2339 1024 2355 ,
1057 2315 1156 2345 etiam
1181 2326 1224 2345 ex
1245 2315 1365 2357 plebe3
1403 2315 1526 2346 deinde
1550 2327 1593 2346 ne
1615 2327 1658 2347 ex
1681 2315 1778 2346 editis
1800 2314 1840 2345 ab
1862 2325 2013 2346 accussa-

135 2370 211 2395 tore
232 2375 290 2395 reo
317 2365 433 2397 liceret
459 2378 663 2409 quemquam
683 2368 822 2398 reicere.
867 2368 996 2409 Legem
1021 2367 1116 2398 illam
1138 2366 1367 2408 superiorem,
1392 2367 1440 2398 ait
1464 2367 1599 2406 Cicero,
1626 2366 1708 2398 adeo
1731 2366 1842 2396 lenem
1864 2377 1934 2397 non
1955 2373 2013 2399 tu-

135 2416 254 2457 limus,
280 2416 366 2448 hanc
387 2424 480 2450 tanto
503 2419 708 2462 iniquiorem
730 2419 904 2452 feremus?
948 2419 1026 2453 IVos
1049 2430 1156 2463 neque
1182 2430 1222 2450 ex
1245 2418 1385 2451 delectis
1407 2418 1598 2457 iudicibus,
1623 2423 1674 2450 set
1695 2429 1736 2450 ex
1758 2418 1851 2449 omni
1866 2419 2010 2462 populo,
